3306 5102
537 327 582 376 nn
606 327 760 376 nanterre
784 327 827 374 nr
850 328 969 376 rossus
1278 305 1344 374 329

254 451 331 518 234.
356 452 481 518 Verum
505 452 731 538 irregularitas
754 471 820 516 nou
841 450 1034 538 intelligitur
1064 452 1125 516 nisi
1153 453 1186 516 in
1210 453 1281 517 iure
1303 452 1346 516 sit

163 596 339 664 expressa3
362 597 462 663 quare
485 577 667 644 huiusmodi
689 577 835 644 defectus
858 597 924 642 non
955 576 1153 644 constituunt
1183 577 1344 663 irregula⁶

166 707 294 770 ritatem
310 704 572 788 quotiescumque
587 723 652 770 non
676 705 725 769 ius
745 704 923 790 positivum,
940 702 997 768 sed
1013 703 1115 802 ipsum
1133 706 1181 772 ius
1196 705 1346 772 naturale

164 835 223 895 aut
238 829 391 910 divinum,
404 829 445 896 ob
461 830 557 895 talem
569 830 741 904 delectum,
755 830 929 916 prohibent
945 829 985 895 ab
997 831 1162 898 ordinibus
1177 837 1234 898 aut
1249 833 1346 897 susci-

166 953 300 1039 piendis,
316 959 371 1021 aut
387 955 589 1021 exercendis.
616 990 633 1004 -
659 957 810 1021 Attamen
826 954 910 1042 apud
928 955 1118 1022 Canonistas
1137 958 1345 1041 antiquiores,

167 1078 267 1145 veluti
290 1079 451 1156 Maiolum‚
474 1080 657 1146 huiusmodi
679 1080 834 1156 delectus,
859 1088 895 1147 ut
918 1101 995 1147 ecce
1014 1080 1160 1147 defectus
1182 1083 1345 1156 scientiae,

167 1205 292 1278 aetatis,
316 1209 529 1270 recensentur
553 1205 638 1270 inter
665 1205 941 1291 irregularitatem
965 1205 1021 1271 sed
1045 1226 1164 1272 revera
1192 1206 1347 1273 diceudae

166 1333 242 1393 sunt
257 1329 516 1415 irregularitates
535 1330 758 1414 impropriae,
777 1331 867 1414 quasi
882 1329 1106 1397 inidoneitates
1126 1337 1181 1398 aut
1195 1331 1347 1397 inhabili·

167 1457 259 1518 tates.
287 1488 304 1502 -
331 1455 525 1540 Incipiamus
547 1454 587 1519 ab
611 1453 836 1541 illegitimitate
860 1455 1023 1520 natalium.

332 1685 354 1767 ἓ
380 1685 409 1749 l.
434 1684 484 1750 De
506 1684 762 1771 irregularitate
785 1705 831 1752 eoo
853 1685 985 1770 defectu
1006 1686 1186 1753 natalium.
1270 1771 1273 1779 1

167 1877 387 1935 Summarium.
406 1909 441 1920 -
459 1878 521 1934 235.
541 1879 626 1949 Origo
645 1883 674 1934 et
693 1878 766 1933 ratio
785 1878 867 1934 buius
884 1879 1109 1949 irregularitatis.
1123 1909 1158 1920 -
1171 1879 1231 1935 236.
1252 1880 1350 1936 Stante

167 2003 169 2010 ’
259 1985 387 2055 legitimo
406 1987 536 2056 coningio
548 1987 629 2056 viget
640 1987 828 2056 praesumptio
842 1987 940 2041 iuris«
955 1987 984 2039 Is
999 1997 1082 2057 poter
1101 1997 1142 2042 est
1161 2005 1242 2058 quem
1259 1989 1350 2042 iustae

258 2095 372 2165 nuptiae
390 2095 580 2148 demonstrant
593 2109 617 2147 a.
628 2122 665 2135 —
677 2091 737 2148 237.
753 2093 879 2148 Possidet
900 2095 1040 2148 contraria
1054 2094 1242 2164 praesumptio
1260 2095 1284 2149 si
1304 2112 1351 2165 pa·

260 2207 354 2257 rentes
367 2201 543 2272 promovendi
557 2200 714 2256 habeantur
728 2201 770 2255 uti
785 2217 839 2256 noo
853 2201 979 2271 legitime
993 2201 1126 2272 copulati.
1140 2231 1173 2243 -
1186 2201 1247 2256 238.
1259 2203 1350 2256 Etiam

261 2312 381 2380 expositi
393 2313 606 2378 praesumuntur
618 2307 739 2377 legitimi
753 2308 801 2364 sed
815 2313 911 2362 stante
922 2307 1016 2380 aliquo
1030 2309 1113 2363 dubio
1126 2309 1301 2380 dispensatur
1313 2313 1351 2365 od

260 2415 407 2469 cautelam.
422 2411 580 2467 -Ceterum
594 2427 653 2466 mos
666 2412 744 2480 viget
760 2411 908 2466 laudabilis
928 2417 959 2465 ut
978 2429 994 2466 a
1014 2413 1206 2482 promovendis
1223 2415 1352 2468 omnibus

260 2518 390 2586 exigatur
408 2516 552 2571 attestatio
571 2515 762 2586 legitimorum
781 2516 927 2570 natalium.
947 2545 984 2558 -
1002 2516 1063 2570 239.
1084 2517 1152 2578 Quis
1171 2519 1295 2572 nascitur
1312 2518 1352 2574 le·

262 2625 377 2694 gitimus
395 2623 542 2678 dummodo
562 2623 675 2693 nuptiae
694 2625 785 2678 iustae
804 2624 955 2680 consistere
974 2630 1087 2693 possent
1108 2625 1208 2681 saltem
1228 2631 1353 2696 tempore

262 2729 426 2783 nativitatis.
437 2757 470 2770 -
481 2729 542 2782 240.
557 2728 662 2790 Quibus
675 2729 763 2782 modis
776 2728 893 2782 tollatur
903 2727 972 2783 haec
983 2730 1185 2798 irregularitas.
1195 2759 1232 2772 -
1242 2731 1301 2785 241.
1315 2729 1353 2786 De

260 2834 466 2906 legitimatione
485 2853 534 2905 per
551 2837 720 2906 subsequens
739 2835 960 2889 matrimonium.
982 2865 1015 2876 —
1036 2838 1097 2889 242.
1118 2839 1161 2890 An
1184 2839 1353 2908 subsequens

261 2943 470 2996 nutrimentum
483 2940 583 2994 initum
597 2941 711 3010 praevia
721 2941 925 3009 dispensatione
939 2942 1106 2996 secumlerat
1119 2941 1352 3011 legitimationem

261 3047 392 3102 filiorum.
410 3075 447 3088 --
465 3047 526 3102 243.
547 3047 585 3102 De
604 3047 810 3116 dispensatione
830 3048 864 3100 ab
884 3045 936 3100 hac
955 3047 1165 3111 irregularitate
1185 3064 1234 3116 per
1251 3051 1355 3112 rescri-

259 3167 340 3228 ptum
360 3155 505 3224 Principis.
524 3183 560 3197 -
578 3156 639 3208 244.
660 3154 699 3208 De
718 3154 924 3222 dispensatione
943 3170 1073 3210 concessa
1092 3172 1109 3207 a
1128 3154 1240 3208 Summo
1260 3155 1356 3210 Ponti·

164 3329 166 3334 ·
262 3265 323 3318 fiee.
334 3293 367 3304 -
378 3264 439 3316 245.
455 3261 493 3316 De
507 3265 645 3332 potestate
658 3260 834 3330 dispensandi
848 3261 1057 3330 Episcoporum‚
1072 3262 1098 3314 vi
1112 3263 1181 3315 iuris
1194 3264 1354 3316 communis.

263 3369 380 3424 Limites
393 3369 474 3424 huius
486 3369 633 3438 potestatis
652 3367 742 3438 quoad
761 3387 782 3420 s.
795 3367 906 3422 ordines
919 3371 948 3420 et
960 3368 1050 3438 quoad
1070 3369 1207 3423 beneficia
1225 3368 1355 3438 duplicia,

261 3481 290 3532 et
308 3476 364 3530 alia
384 3493 418 3530 ar
438 3475 541 3529 tabulis
560 3475 730 3528 fundationis
750 3473 957 3544 expostulantis
976 3473 1185 3543 legitimitatem
1210 3475 1354 3530 natalium.

263 3609 297 3622 -
316 3581 378 3635 246.
397 3580 479 3635 Aliae
495 3555 680 3634 limitationes
699 3579 789 3650 quoad
809 3579 881 3633 filios
900 3580 1127 3650 presbyterorum
1147 3579 1289 3648 legitimos
1307 3583 1357 3633 aut

265 3683 437 3754 illegitimos.
457 3712 491 3726 -
510 3685 571 3738 247.
592 3685 694 3739 Utrum
713 3685 866 3754 Episcopus
879 3684 973 3738 valeat
992 3685 1151 3754 dispensare
1171 3684 1200 3736 in
1219 3682 1271 3737 hac
1290 3684 1358 3738 irre·

264 3790 418 3862 gularitate
436 3793 516 3863 quasi
535 3809 570 3847 ex
588 3794 692 3847 delicto
706 3793 823 3858 occulto,
837 3791 947 3862 quando
960 3790 1087 3845 occultus
1106 3796 1149 3846 est
1168 3791 1292 3846 deiectus
1311 3807 1359 3844 na·

264 3897 373 3953 talium.
387 3927 422 3940 -
435 3899 496 3953 248.
509 3899 629 3954 Nomine
643 3899 771 3968 Episcopi
785 3899 901 3954 veniunt
913 3899 999 3952 etiam
1013 3897 1135 3953 Praelali
1157 3914 1211 3952 uon
1230 3897 1357 3968 insigniti

263 4007 426 4062 charactere
439 4006 591 4077 episcopali
604 4007 651 4062 sed
664 4006 816 4076 episcopali
830 4005 1020 4060 iurisdictione
1034 4004 1180 4075 pollentes.
1194 4033 1229 4046 —
1242 4005 1303 4059 249.
1318 4004 1358 4059 De

264 4111 470 4183 legitimatione
490 4131 539 4185 per
558 4119 716 4185 inpressum
736 4113 765 4167 in
784 4114 971 4184 Religionem.

265 4311 341 4377 235.
367 4271 458 4378 llaec
488 4313 714 4398 irregularitas
747 4311 937 4377 decernitur
964 4313 997 4375 in
1022 4311 1081 4376 Tit.
1110 4311 1160 4384 17,
1186 4309 1239 4376 lib.
1264 4311 1291 4384 Ι,
1316 4310 1359 4384 X,
1406 4413 1407 4416 Ἴ

174 4434 262 4501 «De
284 4435 363 4521 filiis
381 4435 662 4522 presbyterorum
686 4435 895 4505 ordinandis
918 4437 970 4501 oet
993 4454 1063 4502 non
1079 4456 1110 4498 a.
1135 4436 1212 4501 Iure
1236 4435 1360 4500 Decre-
