3302 5100
633 263 740 312 mnsx
763 261 967 320 sruorrroos
1323 239 1385 304 621
1483 299 1485 303 ,

209 389 277 451 425.
299 389 343 448 De
364 387 637 448 communicatione
659 387 693 444 in
714 384 833 445 divinis
854 401 922 442 cum
944 382 1107 442 haereticis
1140 427 1148 442 .
1190 427 1198 441 .
1230 398 1308 456 pay.
1329 377 1390 440 490

209 497 278 560 426.
299 495 473 558 Nonnullae
495 494 721 574 prohibitiones¹
736 510 774 551 ex
795 491 1018 568 iure-speciali
1038 534 1246 550 .....
1287 503 1306 547 »
1328 485 1387 546 491

208 605 278 667 427.
298 605 342 664 De
364 604 568 680 disputatione
590 619 657 661 cum
680 599 853 670 haereticis
868 597 934 656 sire
956 595 1080 674 publica
1100 595 1166 654 sive
1188 595 1250 672 pri·

340 713 432 788 vata3
453 709 601 788 quomodo
616 708 715 766 vetita
729 705 819 766 laicis
832 707 863 763 et
877 704 1027 782 permissa
1042 701 1170 774 clericis,
1185 701 1251 760 iure

341 815 492 876 communi
513 815 626 891 scripto
639 854 1247 878 .............
1288 823 1306 868 a
1329 802 1386 866 491

211 922 279 985 428.
301 923 345 982 De
367 921 599 999 conversatione
621 937 689 979 cum
711 919 832 1012 ludaeis
841 961 1249 978 .........
1290 931 1309 974 a
1331 911 1392 972 492

212 1029 280 1092 429.
302 1029 346 1089 De
367 1028 547 1090 Saracenis.
591 1074 597 1088 .
640 1029 655 1087 .’
690 1067 1249 1087 ............
1291 1017 1391 1082 »494

683 1239 858 1299 TITULUS
880 1239 919 1299 X.

364 1419 403 1461 DE
425 1417 638 1462 unavronlnus
660 1416 843 1459 saturninus
864 1415 899 1458 ΙΝ
920 1414 1044 1458 canisii
1066 1413 1240 1455 EGGLESlAM
1324 1379 1326 1384 v

545 1525 678 1573 museum
700 1522 884 1566 Pnnnnn'ros
904 1520 1056 1568 inuisam.

211 1677 280 1740 430.
303 1678 420 1754 Corpus
442 1675 599 1737 Ecclesiae
620 1675 740 1736 visibile
763 1693 822 1734 'seu
844 1675 909 1734 eius
935 1675 1084 1734 unitatem
1111 1671 1252 1733 lacerant

342 1783 512 1844 schimatici
536 1824 1197 1845 ..............
1228 1795 1306 1856 pay.
1329 1775 1390 1836 495

211 1889 280 1952 431.
301 1890 379 1950 Huic
409 1891 529 1967 corpori
560 1908 613 1950 seu
643 1890 752 1948 unitati
779 1889 862 1947 vires
891 1887 1014 1947 auferre
1041 1888 1167 1946 student
1198 1885 1248 1963 qui

272 2071 276 2084 ³
341 1995 469 2056 liberum
500 1997 667 2073 impediunt
698 1995 877 2054 exercitium
909 1993 1126 2052 iurisdictionis
1152 1991 1251 2050 eccle·

342 2103 486 2162 siastioae
534 2147 542 2163 .
585 2123 613 2162 .·
635 2121 664 2164 .·
684 2143 1244 2163 ............
1287 2115 1305 2159 ›
1348 2097 1391 2157 ibi

166 2189 168 2196 ¹
213 2209 281 2272 432.
302 2209 393 2269 Vires
415 2227 532 2286 quoque
553 2208 710 2268 Ecclesiae
738 2209 884 2267 hebetare
911 2207 1096 2266 contendunt
1117 2206 1166 2282 qui
1188 2205 1252 2263 eius
1323 2233 1328 2242 ·

341 2316 422 2374 bona
442 2315 625 2393 temporalia
646 2316 796 2392 usurpant
837 2357 1246 2376 .........
1289 2328 1307 2372 a
1331 2308 1392 2368 496

212 2422 281 2483 433.
302 2423 378 2481 Item
392 2422 499 2498 gravis
513 2421 646 2481 criminis
667 2422 713 2480 rei
727 2425 798 2480 sunt
818 2422 849 2480 in
863 2419 1033 2480 Ecclesiam
1048 2421 1098 2496 qui
1112 2419 1250 2477 membra

343 2529 430 2588 huius
446 2530 581 2608 corporis
597 2511 784 2605 verberibus,
796 2530 852 2588 aut
866 2530 963 2586 morte
978 2525 1122 2598 afficiunt,
1134 2522 1252 2585 scilicet

352 2640 401 2713 qui
422 2635 584 2696 Antistites
606 2652 765 2695 sacrorum
787 2634 835 2694 vel
857 2635 888 2693 in
903 2651 1060 2694 carcerem
1078 2632 1251 2704 detrudunt,

343 2741 392 2800 vel
414 2742 506 2802 aliter
526 2742 682 2802 offendunt
709 2743 763 2802 aut
784 2744 896 2802 necant
937 2783 1246 2802 .......
1288 2754 1328 2796 »=
1350 2735 1391 2796 lbi

726 2963 833 3022 Oarur
855 2963 878 3023 I.

510 3181 514 3192 Ι
560 3180 565 3191 Ι
661 3129 716 3192 ,π’
731 3126 930 3168 scursuarrors

350 3227 388 3266 nr
408 3227 443 3266 aa
464 3227 500 3266 us
519 3226 566 3276 our
585 3227 652 3266 nou.
673 3226 817 3266 rourrrrcr
835 3226 1033 3266 oannrnurrau
1054 3223 1253 3264 nnraaoruur.

214 3373 283 3434 434.
305 3373 436 3440 Quinam
458 3373 599 3432 dieantur
620 3371 805 3432 schismatici
841 3415 1200 3433 ........
1232 3389 1309 3447 paq.
1332 3367 1391 3428 497

215 3479 284 3538 435.
305 3479 445 3540 Schisma
466 3477 550 3539 aliud
566 3496 692 3556 puram,
708 3477 796 3538 aliud
809 3496 871 3538 non
883 3495 1000 3554 puram
1014 3495 1067 3537 seu
1083 3478 1251 3536 admixtum

345 3585 466 3645 haeresi
487 3628 1246 3647 ................
1288 3601 1306 3644 a
1348 3583 1390 3642 ibi

213 3690 283 3754 436.
305 3691 349 3750 ue
369 3692 406 3751 iis
427 3693 477 3768 qui
498 3709 531 3751 se
553 3691 737 3751 subtrahunt
758 3691 797 3751 ab
819 3691 993 3751 obedientia
1017 3689 1173 3750 Pontificis
1194 3707 1249 3767 pro

345 3798 482 3875 tempore
503 3797 662 3858 existentis
688 3842 1250 3860 ............
1289 3814 1308 3857 ›
1331 3793 1390 3856 498

215 3905 284 3964 437.
304 3904 348 3963 De
370 3905 474 3982 poenis
495 3905 526 3963 in
547 3905 694 3964 eiusmodi
714 3904 947 3965 schismaticos.
990 3950 998 3966 .
1041 3933 1052 3964 .·
1091 3951 1098 3965 .
1141 3950 1149 3966 .
1192 3951 1199 3964 .
1242 3949 1248 3962 .
1291 3900 1391 3964 »499

214 4011 282 4072 438.
304 4011 348 4070 De
370 4011 518 4071 ordinatis
540 4029 560 4070 a
579 4009 781 4070 schismaticis
790 4055 1248 4074 ..........
1290 4027 1308 4071 ›
1330 4006 1391 4068 500

215 4115 283 4180 439.
305 4115 505 4196 Appellantes
526 4117 566 4175 ad
587 4116 721 4176 futurum
743 4115 917 4194 universale
949 4114 1109 4175 concilium
1130 4115 1181 4174 rel
1202 4134 1253 4175 ex·

345 4222 616 4283 communicatione
632 4221 681 4280 vel
702 4223 862 4282 interdicto
877 4221 1085 4301 percelluntur
1106 4241 1126 4282 a
1147 4223 1250 4304 Const.

345 4331 409 4407 Ap„
430 4328 521 4404 Sada
536 4377 561 4402 .,
585 4374 593 4392 .
635 4351 643 4392 .·
686 4373 1245 4393 ............
1286 4347 1304 4390 a
1346 4329 1388 4389 ibi
