3202 5104
473 291 518 337 na
542 289 696 338 nnniouus
720 288 762 335 nr
786 287 907 334 roaros
1214 263 1281 332 223

190 415 263 480 149.
288 414 444 500 Equidem
468 414 508 480 ab
531 413 710 480 interdicto
730 409 939 496 particulari
959 408 1136 494 personali
1159 409 1193 473 in
1216 427 1280 492 quo

98 538 205 603 elucet
221 541 362 624 genuina
376 539 464 605 notio
479 558 648 622 censurae,
665 537 836 604 admodum
849 536 945 603 distat
957 535 1163 600 interdictum
1178 553 1279 622 peae-

97 663 171 727 rale
182 663 377 744 personale,
395 668 428 728 et
443 664 549 730 locate
564 665 633 729 sive
645 662 859 746 particulare
874 663 943 726 sive
965 661 1135 748 penante.
1153 657 1279 725 Tamen

98 784 278 850 huiusmodi
301 784 474 852 interdicta
500 805 659 852 censurae
686 785 896 854 substantiam
925 786 1076 856 retinent,
1105 784 1280 869 praecipue

99 929 140 974 ex
162 929 272 996 scopo,
296 911 372 994 quia
384 911 545 998 generate
560 909 661 996 infligi
677 910 759 976 solet
775 909 814 974 ob
831 911 963 996 gravius
979 911 1103 975 crimen
1119 927 1279 995 personae

98 1042 152 1104 aut
165 1043 278 1104 coetus
294 1058 507 1125 personarum
523 1039 706 1125 principum
722 1039 757 1102 in
772 1039 880 1122 aliquo
904 1037 1017 1104 ordine
1033 1037 1087 1102 uel
1102 1037 1231 1123 populo,
1244 1040 1280 1104 ut

100 1167 205 1228 sontes
229 1162 422 1229 recedente
439 1165 642 1229 contumacia
657 1165 691 1227 in
706 1167 880 1249 conspectu
896 1163 977 1227 tanti
1004 1161 1198 1227 discriminis
1213 1161 1279 1248 spi·

100 1289 234 1370 ritualis,
251 1309 310 1354 sua
325 1289 428 1375 culpa,
444 1290 479 1355 iu
494 1289 707 1356 christianum
723 1291 875 1374 populum
892 1288 988 1362 illati;
1014 1288 1156 1352 insontes
1172 1292 1279 1352 autem

100 1413 240 1498 perculsi
251 1413 433 1480 divinorum
449 1415 640 1500 privatione,
654 1413 694 1480 ob
706 1415 831 1480 crimen
846 1414 943 1478 unius
960 1412 1012 1478 vel
1030 1413 1165 1479 alterius
1180 1413 1280 1478 sontis

98 1536 279 1602 omnimode
303 1537 431 1604 eosdem
454 1538 649 1624 pertrahere
672 1541 823 1624 satagant
837 1535 878 1602 ad
894 1535 1112 1602 recedendum
1128 1556 1149 1601 a
1164 1539 1279 1602 contu-

100 1663 208 1736 macia,
224 1683 320 1747 quam
334 1663 373 1728 ob
386 1684 456 1730 rem
468 1664 639 1730 relaxetur
649 1664 810 1752 generale
823 1662 1038 1728 interdictum.
1053 1663 1160 1726 Etiam
1173 1662 1280 1730 locale

101 1787 308 1854 interdictum
335 1786 499 1875 infligitur,
524 1789 578 1854 vel
609 1793 743 1874 propter
773 1789 918 1854 universi
951 1787 1058 1874 populi
1087 1787 1203 1869 scelus,
1227 1787 1281 1852 vei

102 1909 140 1974 ob
170 1912 330 1997 principis
360 1910 513 1980 delictum
545 1917 601 1980 aut
632 1913 766 1979 alterius
795 1931 954 1998 personae
985 1915 1018 1978 in
1049 1913 1156 1996 aliquo
1186 1915 1281 1978 coetu

101 2036 354 2118 praestantioris,
378 2041 411 2103 et
442 2057 481 2102 eo
512 2037 646 2102 consilio
670 2035 828 2123 infligitur
858 2041 895 2102 ut
925 2042 1131 2122 posteaquam
1155 2036 1281 2102 crimen

102 2159 325 2244 resipiscentia
346 2161 561 2247 delinquentis
585 2161 685 2228 fuerit
700 2163 875 2249 expiatum,
901 2163 1085 2228 resolvatur
1104 2162 1212 2230 locale
1235 2162 1281 2226 in·

101 2283 281 2351 terdictum.
307 2321 325 2335 ·
350 2286 460 2362 Quare
481 2289 516 2352 in
538 2285 720 2353 huiusmodi
742 2287 933 2362 interdictis,
959 2307 1117 2352 censurae
1140 2286 1280 2353 habetur

102 2411 214 2474 natura
238 2429 283 2474 ex
304 2406 369 2474 fine
391 2411 432 2477 ad
455 2429 550 2496 quem
566 2409 764 2492 inferuntur,
780 2431 897 2496 nempe
913 2409 954 2476 ad
973 2410 1188 2497 frangendam
1203 2431 1281 2497 quo-

103 2531 247 2599 rumdam
272 2536 522 2612 contumaciam;
538 2537 573 2601 in
587 2535 698 2600 iisdem
715 2553 795 2600 vero
811 2534 965 2621 simplicis
983 2535 1188 2618 privationis
1203 2536 1281 2603 obti-

103 2659 194 2720 netur
218 2652 353 2722 effectus
376 2657 480 2742 quoad
502 2657 651 2724 iasoater
674 2658 822 2741 quisine
846 2657 942 2743 eulpa
964 2659 1197 2743 percelluntur,
1222 2659 1280 2726 sed

104 2798 166 2847 non
188 2785 261 2850 sine
284 2785 368 2850 iusta
390 2802 497 2850 causa.

188 2910 368 2976 Historiam
392 2909 546 2977 eiusmodi
560 2929 738 2995 poenarum
754 2908 838 2994 quod
858 2911 983 2983 attinet,
1002 2910 1169 2994 utriusque
1185 2911 1285 2975 inter-

103 3031 175 3098 dicti
190 3035 284 3120 origo
301 3034 478 3119 repetenda
492 3033 623 3101 videtur
637 3053 658 3098 a
674 3033 803 3099 saeculo
821 3033 862 3098 io
886 3039 918 3098 et
936 3034 988 3116 ll,
1014 3035 1159 3117 quamvis
1175 3054 1195 3099 a
1212 3055 1282 3100 sae·

103 3158 172 3222 culo
187 3159 209 3225 6
226 3159 415 3226 eorumdem
430 3159 587 3225 nonnulla
602 3158 784 3224 habeantur
798 3159 957 3244 exempla.
977 3158 1167 3224 Huiusmodi
1182 3160 1281 3225 moris

104 3285 227 3350 occasio
258 3283 320 3349 fuit
349 3285 553 3350 coutumacia
582 3284 776 3368 praesertim
801 3283 927 3368 Regum
957 3287 991 3349 et
1015 3283 1203 3369 Principum
1230 3283 1284 3366 qui

103 3408 282 3493 aegerrime
305 3406 455 3474 ferebant
478 3413 510 3473 et
533 3407 629 3474 facile
652 3407 911 3494 aspernabantur
935 3407 1144 3474 interdictum
1163 3411 1284 3491 persoss

104 3532 179 3596 nale
201 3531 357 3616 speciale.
375 3532 484 3608 Quare
507 3531 680 3598 interdicto
696 3533 848 3628 uniuerso
863 3533 981 3618 populo
997 3532 1050 3598 vel
1065 3533 1172 3618 aliquo
1189 3537 1284 3598 coetu

104 3659 157 3719 aut
177 3653 333 3721 directius
356 3655 536 3722 interdictis
551 3657 631 3722 locis
647 3657 760 3738 sacris,
778 3657 847 3742 ipse
863 3653 1021 3742 Princeps
1038 3655 1216 3742 cogebatur
1232 3657 1282 3720 in-

105 3775 239 3844 terdicto
254 3779 398 3856 subesse;
422 3781 557 3866 populns
580 3787 688 3847 autem
705 3780 812 3846 taedio
829 3777 963 3846 affectus
981 3785 1090 3846 tanae
1106 3781 1284 3867 spiritualis

106 3899 257 3982 iacturae,
288 3903 430 3969 animum
461 3903 623 3990 Principis
646 3889 859 3970 v'ehementer
892 3903 1041 3968 movebat
1073 3908 1106 3969 ut
1131 3925 1152 3969 a
1174 3909 1284 3971 coutu-

107 4029 207 4094 macie
230 4029 409 4096 recederet.
434 4029 482 4096 ef.
507 4031 583 4096 Van
607 4029 724 4117 Espen,
743 4051 781 4115 p.
799 4031 866 4113 HI,
893 4031 939 4096 tit.
958 4029 1020 4113 XI,
1044 4031 1095 4104 16,
1120 4049 1170 4116 sq.
1196 4029 1283 4104 Quo-

107 4151 215 4221 obrem
229 4161 358 4222 cautum
374 4155 443 4232 fuit,
459 4157 493 4222 in
509 4157 681 4223 interdicto
705 4159 853 4244 generali
875 4159 1038 4244 personali
1063 4163 1095 4224 et
1119 4157 1153 4222 in
1179 4158 1284 4223 inter-

107 4275 187 4346 dicto
214 4281 310 4348 locali
340 4301 396 4348 eos
425 4281 541 4348 haberi
567 4284 798 4366 persoaalitcr
821 4289 854 4350 et
880 4285 1072 4369 specialiter
1095 4283 1284 4350 interdictos

108 4403 159 4484 qui
181 4423 309 4471 causam
332 4403 481 4472 dederint
503 4405 684 4482 interdicto,
706 4426 776 4493 arg.
802 4427 829 4473 o.
847 4427 875 4473 o.
892 4407 944 4490 16,
968 4405 1026 4472 24.
1053 4407 1104 4474 De
1127 4412 1209 4474 scat.
1226 4425 1284 4474 ea-
