3266 5102
279 290 341 354 118
804 305 888 353 roas
913 305 936 351 1.

274 438 341 498 tum
365 451 408 495 ex
431 430 669 495 commentariis
692 431 917 514 interpretum,
933 435 1000 494 tum
1025 447 1067 492 ex
1091 425 1213 512 regulis
1237 425 1458 490 communibus

274 557 561 642 interpretationis
578 553 706 620 dubium
723 559 921 640 perseverat.
936 553 1081 638 Regutae
1094 571 1281 616 communes
1293 551 1355 616 hae
1371 559 1456 628 suun

275 702 317 747 ex
340 683 362 747 t.
385 681 461 756 198,
485 682 520 764 ff.
546 679 598 744 De
620 699 691 764 rep.
716 679 782 745 iar.
809 675 1121 786 ‹ffloeaalibas
1137 676 1254 768 caasa
1279 675 1459 764 beaipnias

273 805 645 911 ialmprelaadpmjst
660 823 695 886 »3
719 809 816 868 etex
839 803 886 865 49
908 821 979 888 rep.
1004 801 1090 867 iaris
1113 800 1151 864 ia
1174 801 1212 864 6:
1239 801 1317 864 ‹Ia
1335 799 1459 882 poenis

274 936 322 997 est
345 930 524 1015 beaipaior
546 929 780 1010 interpretatio
807 927 971 1010 faciemcla
986 962 1004 974 -
1020 926 1101 991 adeo
1117 930 1153 990 ut
1168 927 1201 990 iu
1220 961 1237 973 -
1254 925 1459 1007 interpreta-

274 1055 364 1121 tione
394 1055 507 1140 tapam
537 1071 672 1136 poenae
700 1053 818 1135 polias
848 1051 1052 1118 molliendae
1082 1050 1149 1114 siat
1180 1069 1283 1134 paam
1313 1067 1458 1131 exaspe-

274 1179 443 1244 randae>
468 1197 514 1242 ea
545 1181 565 1243 l.
598 1177 663 1252 42,
693 1178 728 1260 ff.
753 1177 795 1242 de
821 1175 952 1259 poenis.
985 1175 1027 1239 Et
1050 1174 1171 1238 clarius
1195 1173 1276 1258 liep.
1306 1175 1380 1238 lar.
1403 1173 1456 1252 15,

274 1301 311 1367 ia
327 1303 361 1365 6:
380 1321 396 1364 ‹
417 1300 502 1367 Odia
524 1301 694 1386 restriapi,
710 1299 848 1392 fppores
871 1298 1210 1389 convert-ilnapapliari
1226 1319 1256 1360 ›.
1276 1296 1365 1376 Inde,
1382 1298 1459 1379 quia

274 1427 419 1490 mitiores
442 1431 516 1490 sunt
538 1444 662 1510 poenae
684 1423 810 1507 fiseal.
828 1443 934 1508 paam
958 1424 978 1487 l.
995 1427 1091 1496 seat,
1110 1424 1141 1486 in
1163 1421 1258 1485 dubio
1283 1419 1457 1485 tenendum

274 1555 411 1615 estnon
436 1551 456 1614 l.
481 1548 536 1614 sed
559 1548 586 1632 f.
610 1568 635 1614 s.
661 1569 741 1614 esse.

363 1673 416 1736 76.
442 1670 532 1746 Quae
555 1672 714 1756 principia
737 1671 958 1756 expostulant,
982 1677 1017 1735 ut
1049 1669 1144 1733 aliam
1177 1669 1275 1732 veluti
1300 1665 1460 1752 praeiudi·

275 1795 389 1863 cialem
409 1797 569 1862 solvamus
585 1798 822 1880 quaestionem;
840 1797 992 1860 nimirum
1008 1815 1049 1858 an
1066 1796 1156 1876 leges
1176 1793 1327 1891 poenales
1348 1811 1459 1883 omnes

274 1922 430 1988 dicendae
450 1924 514 2020 sint
537 1922 683 1995 odiosae,
707 1940 806 2005 quum
829 1921 940 2005 plures
955 1883 1145 2004 atiael⁹epes
1160 1920 1225 1983 sint
1238 1916 1459 2002 favorabiles.

275 2082 294 2096 ·
308 2048 402 2112 Ratio
418 2045 547 2112 obstare
559 2046 698 2118 videtur,
711 2047 882 2129 quominus
895 2045 985 2130 leges
1000 2045 1152 2131 poenales
1165 2041 1307 2107 dicamus
1323 2042 1461 2107 odiosas

274 2174 390 2258 quippe
414 2191 495 2255 quae
519 2171 690 2236 consulunt
704 2170 789 2235 bono
814 2169 1012 2254 reipublicae
1029 2175 1062 2234 et
1076 2167 1276 2254 singulorum
1293 2168 1420 2231 civium.
1440 2199 1458 2214 -

274 2297 326 2362 Ex
350 2295 486 2360 adverso
510 2315 621 2360 omnes
643 2294 734 2379 leges
757 2294 950 2359 viderentur
973 2291 1128 2358 dicendae
1145 2312 1215 2356 esse
1239 2291 1368 2354 odiosae
1385 2309 1460 2353 cum

275 2425 449 2486 coerceant
470 2419 662 2485 libertatem.
679 2455 693 2465 -
707 2417 839 2491 Saurea,
863 2415 918 2483 De
934 2417 1061 2504 lepibas
1087 2417 1121 2497 V,
1139 2435 1214 2499 cap.
1233 2415 1279 2488 ΙΙ,
1302 2415 1374 2479 fuse
1397 2413 1460 2478 dis-

275 2547 355 2610 serit
377 2544 416 2609 de
439 2544 502 2608 hac
525 2545 709 2627 quaestione
732 2548 766 2607 et
789 2543 950 2627 profunde
973 2563 1033 2627 pro
1056 2561 1148 2606 more
1171 2560 1245 2616 su0;
1270 2539 1327 2605 sed
1351 2539 1459 2602 nimiis

274 2671 453 2735 interiectis
469 2667 727 2734 distinctionibus
743 2673 775 2732 et
790 2667 1106 2732 subdistinctionibus
1122 2673 1155 2732 et
1176 2665 1356 2730 rationibus
1372 2663 1460 2728 dubi-

275 2795 365 2860 tandi
395 2814 478 2878 quae
509 2812 705 2878 magnopere
736 2793 907 2877 implicant
937 2795 1038 2876 ipsam
1075 2793 1221 2856 [lactoris
1252 2791 1460 2855 seutentiam.

276 2921 368 2986 Haec
379 2921 564 3006 plenissime
576 2917 742 3003 probanda
755 2924 812 2990 est,
826 2917 909 3002 quod
920 2908 961 2982 ad
979 2937 1047 2981 rem
1060 2928 1213 2990 nostram,
1227 2937 1325 2999 quum
1345 2915 1462 2980 asserit

272 3063 393 3130 poenas
416 3044 567 3108 dicendas
591 3063 661 3108 esse
685 3029 880 3107 favorabiles
903 3039 956 3107 vel
980 3041 1108 3107 odiosas
1125 3061 1168 3106 ex
1184 3042 1365 3105 intrinseca
1379 3041 1461 3124 ipsa·

274 3190 347 3234 rum
370 3169 516 3234 materia
524 3189 538 3251 ;
557 3176 590 3233 et
612 3167 774 3232 concludit
790 3169 810 3232 l.
828 3187 855 3233 c.
872 3189 907 3231 a.
924 3168 976 3231 10.
996 3186 1013 3228 ‹
1030 3165 1147 3231 Plures
1171 3166 1337 3230 numerari
1355 3165 1463 3228 solent

272 3294 357 3358 modi
381 3293 549 3376 autquasi
573 3294 699 3378 species
721 3292 829 3378 legum
853 3289 1054 3366 odiosarum;
1079 3300 1147 3355 tres
1170 3295 1278 3355 autem
1307 3288 1361 3353 vel
1385 3308 1460 3371 qua·

271 3425 346 3484 tuor
369 3418 520 3484 videntur
544 3438 614 3482 esse
637 3419 848 3502 praecipuae;
873 3416 1041 3490 videlicet;
1066 3417 1124 3480 leoc
1143 3415 1312 3498 poenalis,
1329 3415 1387 3480 lea
1404 3413 1461 3477 tri·

275 3542 391 3610 batam
414 3547 475 3606 aal
502 3561 588 3608 onas
610 3542 798 3623 imponens,
816 3541 874 3606 leoo
889 3541 1032 3606 irritans
1055 3539 1176 3604 iactum
1200 3538 1286 3622 quod
1308 3536 1460 3622 prohibet

273 3664 328 3729 rel
350 3665 473 3730 directe
496 3665 549 3728 vel
579 3663 841 3735 iudi1·ecte‚seu
873 3667 1112 3745 consequenter
1142 3663 1198 3726 lex
1230 3659 1419 3724 exorbitans
1439 3679 1461 3723 a

273 3790 345 3854 iure
366 3787 578 3871 antiquaret
601 3787 797 3852 acommuni
821 3787 892 3850 iure
915 3793 972 3849 aut
993 3785 1040 3849 illi
1064 3785 1227 3869 derogans
1244 3783 1297 3848 vet
1318 3783 1461 3847 limitans

271 3915 324 3980 vel
341 3916 509 4000 corrigens
526 3913 604 3977 illud
620 3920 654 3980 et
668 3932 687 3976 a
703 3912 831 3978 fortiori
847 3911 904 3976 lex
920 3913 1080 3996 posterior
1097 3911 1241 3997 priorem
1264 3909 1460 3994 abrogans...

271 4038 355 4103 aliae
370 4058 449 4102 vero
472 4038 562 4123 leges
586 4055 796 4120 omnesquae
820 4034 1001 4099 huiusmodi
1027 4055 1091 4098 nou
1115 4041 1202 4108 sunt,
1225 4036 1312 4098 iuter
1334 4033 1462 4098 savoia·

269 4163 351 4229 biles
374 4168 601 4248 computantur
618 4184 650 4226 s.
675 4159 985 4264 lppgemsspoenalem
1011 4159 1182 4225 dicendam
1211 4179 1283 4224 esse
1306 4157 1460 4232 odiosam.

1193 4239 1414 4261 mun-q,

270 4288 426 4374 probatur
449 4288 635 4352 erratione
658 4305 781 4371 poenae
804 4303 886 4369 quae
910 4286 1042 4350 malam
1064 4290 1122 4360 est,
1142 4285 1287 4370 quamvis
1310 4282 1460 4348 ordinata

270 4412 311 4478 ad
336 4411 462 4479 bonam
485 4411 613 4478 sociale.
640 4409 730 4476 Unde
753 4409 899 4475 materia
927 4407 1113 4476 intrinseca
1136 4408 1219 4495 legis
1243 4406 1387 4492 poenalis
1410 4411 1461 4470 est
