3302 5100
276 281 346 347 606
703 300 810 347 innan
834 299 1040 348 SYNOP'rthS

281 421 413 483 173.1)6
435 425 602 482 remotione
622 425 818 482 oeconomica
847 442 866 483 a
887 422 1033 482 beneficio
1062 423 1243 500 parochiali,
1272 423 1322 483 rel

406 535 557 606 perpetua
573 545 628 606 per
642 531 763 588 modum
775 533 1019 606 permutationis
1034 547 1088 590 seu
1103 532 1322 590 translationis

409 636 447 694 ad
460 635 541 697 aliud
553 635 749 713 beneficium
766 635 816 695 vel
829 643 1038 714 temporanea.
1052 637 1137 697 Haec
1148 636 1323 714 appellatur

408 744 502 802 etiam
523 745 667 802 inhibitio
689 761 742 803 seu
758 744 915 803 decretum
930 745 1149 804 inltibilorium
1170 745 1323 804 61616116-

408 853 522 926 guatur
543 869 562 908 a
584 869 718 910 censura
738 853 953 928 suspensionis
962 896 1271 912 .......
1304 868 1380 928 pap.
1402 851 1462 910 252

279 957 347 1016 174.
369 957 413 1014 De
434 957 608 1034 privatione
629 956 783 1017 fructuum
805 957 1028 1018 beneficialium
1061 1002 1321 1020 ......
1361 976 1379 1019 r
1401 957 1463 1017 255

279 1062 346 1121 175.
369 1063 412 1121 De
434 1063 609 1140 privatione
630 1063 714 1122 vocis
737 1063 859 1124 activae
881 1067 913 1121 et
933 1063 1077 1140 passivae
1080 1105 1319 1124 ......
1362 1083 1380 1123 r
1419 1064 1462 1122 ibi

279 1168 347 1230 176.
370 1171 523 1247 Depositio
546 1189 566 1230 a
587 1169 744 1247 beneficia,
766 1171 805 1230 ab
835 1169 932 1229 officio
960 1172 1007 1230 est
1033 1187 1133 1248 poena
1158 1171 1319 1232 admodum

407 1277 534 1353 gravior
554 1276 682 1354 simplici
704 1277 879 1354 privatione
908 1321 1319 1339 .........
1360 1295 1380 1338 r
1401 1277 1460 1336 257

279 1381 347 1444 177.
370 1383 556 1460 Degradatio
578 1386 741 1461 praeterea
762 1383 854 1443 efficit
868 1387 901 1444 ut
915 1384 1044 1444 clericus
1060 1385 1245 1444 destituatur
1259 1385 1320 1462 pri·

366 1534 369 1540 .
408 1490 527 1567 vilegiis
547 1489 749 1553 clericalibus.
771 1491 850 1557 Quia
865 1491 1007 1552 solemnis
1022 1496 1054 1549 et
1067 1493 1163 1551 tristis
1183 1495 1230 1550 est
1244 1492 1320 1550 ritus

411 1598 648 1675 degradationis,
678 1597 821 1658 distincta
849 1601 896 1657 est
923 1599 1103 1674 degradatio
1129 1599 1265 1658 natalis
1291 1600 1323 1654 et

408 1705 507 1763 realis
509 1745 1318 1766 .................
1359 1703 1461 1764 »258

279 1808 346 1870 178.
368 1809 564 1887 Degradatio,
580 1827 639 1869 non
654 1829 741 1870 secus
756 1831 793 1872 ac
808 1812 956 1889 depositio
972 1815 1026 1870 aul
1039 1810 1168 1888 simplex
1181 1809 1321 1870 beneficii

408 1917 542 1993 privatio
564 1935 623 1976 non
645 1919 818 1980 decernitur
838 1919 897 1977 nisi
918 1920 949 1977 in
972 1919 1093 1978 casibus
1115 1937 1135 1978 a
1155 1919 1221 1977 iure
1243 1935 1321 1976 com·

409 2023 490 2081 muni
513 2025 635 2084 statutis
654 2068 1317 2086 .............
1359 2021 1461 2084 »260

280 2128 347 2190 179.
369 2131 413 2189 De
434 2130 533 2190 forma
554 2132 709 2192 servanda
730 2133 760 2190 in
782 2133 962 2209 exequenda
983 2132 1203 2208 degradatione
1231 2129 1319 2190 reali.
1360 2149 1379 2190 r
1400 2127 1459 2188 261

279 2236 346 2299 180.
368 2237 1319 2316 Quareirregularitatesrecenseanturinterpoenas,quamvis

408 2349 505 2422 primo
526 2349 558 2403 et
578 2345 789 2422 principaliter
809 2346 871 2403 sint
892 2345 1109 2423 impedimenta
1130 2345 1170 2405 ed
1199 2345 1322 2404 ordines

410 2452 615 2529 suscipiendos
637 2456 691 2510 661
712 2453 929 2512 ministrandus
957 2492 1320 2513 ........
1360 2469 1378 2510 n
1400 2448 1463 2508 252

281 2557 348 2616 181.
371 2558 414 2616 De
434 2559 608 2635 privatione
628 2558 805 2636 sepulturae
827 2558 1057 2619 ecclesiastieae
1060 2599 1317 2620 ......
1359 2555 1463 2617 »264

280 2663 347 2724 182.
371 2665 415 2724 De
440 2663 560 2724 mulctis
599 2667 610 2724 ’.
652 2707 1317 2727 ..............
1360 2681 1378 2724 >
1400 2661 1463 2722 266

438 2897 457 2972 5
480 2897 507 2957 1.
531 2898 577 2956 De
598 2897 721 2956 diuerso
742 2897 854 2956 ordine
876 2915 937 2976 quo
954 2913 1074 2974 poenae
1094 2897 1291 2975 inseruntur,-

305 3023 399 3082 quum
419 3021 526 3080 nempe
546 3003 717 3082 aliquando
738 3023 759 3063 a
776 3005 887 3079 poenis
908 3003 1080 3082 aliquando
1102 3021 1123 3062 a
1143 3003 1284 3062 censuris
1305 3003 1431 3060 initium

742 3109 925 3168 sumendum
946 3110 996 3168 sit.

279 3305 347 3366 183.
369 3305 559 3365 Recoluntur
585 3307 688 3363 teatin
719 3305 768 3381 qui
801 3305 955 3364 diversum
984 3303 1121 3363 ordinem
1149 3321 1319 3381 poenarum

409 3413 577 3490 sequuntur
595 3455 1261 3472 ..............
1300 3427 1378 3486 pap.
1401 3409 1464 3470 270

281 3519 348 3578 184.
370 3519 572 3596 Exponuntur
592 3516 718 3594 regulae
739 3518 846 3594 quibus
868 3518 1015 3576 statuitur
1036 3534 1169 3594 quanam
1199 3517 1321 3576 ratione

410 3624 572 3702 aliquando
588 3625 735 3701 apocnis,
757 3623 921 3700 aliquando
937 3643 956 3684 a
971 3624 1107 3682 censuris
1122 3625 1152 3682 in
1168 3624 1320 3701 puniendo

411 3731 602 3809 delinquente
623 3731 740 3790 initium
762 3731 857 3790 fiat·
878 3731 1031 3790 Nimirum
1052 3731 1090 3790 ob
1113 3731 1227 3788 crimen
1250 3747 1319 3789 con-

410 3843 593 3897 summatum
615 3835 646 3895 61
659 3855 718 3896 666
738 3837 856 3896 'habens
871 3843 1004 3896 tractum
1019 3837 1226 3896 successivum
1241 3835 1320 3894 indi-

409 3949 522 4023 guntur
541 3962 658 4021 poenae
677 3945 899 4018 vindicatione,
920 3948 953 4004 at
974 3946 1043 4004 dcin
1065 3944 1206 4003 feruntur
1225 3945 1319 4004 etiam

409 4071 559 4114 censurae
579 4054 617 4113 ad
638 4053 684 4110 rei
705 4052 900 4111 obtinendam
921 4051 1182 4127 emendationem
1204 4051 1243 4110 ob
1265 4051 1321 4110 cri·

408 4177 478 4218 men
500 4177 574 4218 vero
600 4175 659 4217 non
688 4161 929 4218 consummatum
959 4161 1014 4218 aut
1041 4157 1157 4218 habens
1186 4163 1320 4217 tractum

411 4267 618 4326 successivum
642 4265 759 4324 initium
781 4265 817 4323 fit
838 4284 858 4324 6
878 4266 1019 4324 censuris
1041 4267 1073 4322 et
1092 4266 1201 4342 postea
1228 4264 1320 4322 deve·

412 4371 494 4431 nitur
514 4373 552 4432 ad
571 4390 689 4448 poenas
705 4415 1319 4434 .............
1361 4368 1460 4450 »stt
