3202 5104
318 271 386 339 202
543 259 546 266 ’
846 293 931 341 nens
956 292 979 340 1.

317 419 387 480 tres
403 415 478 479 olim
494 415 592 482 fuisse
608 416 733 502 species
749 415 1090 484 excommunicationis
1104 415 1280 482 maioris...
1297 416 1400 500 prima
1413 413 1489 480 dice
1569 441 1570 450 ¹

316 539 414 607 batur
429 540 738 608 excommunicatio
761 541 918 625 simplae,
936 539 982 626 (ll
1005 542 1111 608 altera
1127 541 1322 614 anathema,
1339 542 1434 606 tertia
1447 539 1489 625 (2)

318 665 536 740 maranatha,
552 665 593 732 de
610 686 673 752 qua
697 665 852 752 frequens
875 667 996 734 mentio
1020 668 1164 734 occurrit
1187 667 1220 731 in
1237 665 1415 732 Annalibus
1430 664 1488 731 Or·

317 789 400 856 dinis
428 791 460 857 S.
484 789 652 858 Benedicti
676 792 868 878 conscriptis
889 812 911 858 a
933 791 1087 858 Mabillon
1112 797 1191 860 tom.
1215 789 1239 855 4
1261 790 1299 858 ia
1323 789 1489 874 appende

316 915 350 978 in
367 914 514 981 Historia
536 915 768 1000 Lotharingiae
792 915 917 982 Calmet
941 920 1018 982 tom.
1040 916 1069 989 1,
1088 911 1490 1002 part.II,pa9.3110,et

316 1046 350 1112 in
366 1066 451 1112 nova
474 1047 615 1113 editione
633 1046 788 1113 Glossarii
805 1047 912 1114 Caroli
929 1049 978 1112 Du
995 1047 1106 1133 (langii
1127 1067 1158 1113 a.
1174 1045 1388 1113 Maranatba
1404 1065 1421 1110 >
1437 1043 1487 1131 (3).

409 1172 482 1238 136.
507 1173 633 1239 Verum
657 1175 739 1240 istae
761 1192 827 1238 non
850 1178 925 1239 sunt
952 1173 1101 1240 diversae
1129 1173 1252 1258 species
1281 1172 1490 1238 excommuni-

317 1299 468 1377 cationis;
493 1301 549 1366 sed
573 1302 674 1386 magis
698 1299 826 1385 quidam
850 1299 969 1366 diversi
993 1298 1078 1366 modi
1101 1298 1292 1366 inferendae
1316 1319 1489 1365 excommu-

405 1551 445 1620 (Ι)
466 1549 569 1604 Verum
588 1547 616 1600 in
638 1563 697 1618 cap.
716 1546 759 1599 39
779 1547 821 1601 De
840 1547 908 1601 elec.
924 1548 955 1602 X
970 1547 1002 1614 (l.
1022 1545 1051 1617 6)
1070 1547 1193 1618 simplex
1210 1545 1372 1616 appellatur
1389 1561 1490 1600 excom·

315 1656 468 1712 manicatio
486 1658 594 1722 minam
614 1671 700 1726 qnare
718 1654 841 1723 simplem
853 1653 991 1724 appellari
1008 1653 1078 1709 licet
1095 1669 1231 1709 excomm.
1243 1654 1345 1718 maior,
1361 1657 1489 1724 quatenus

315 1765 464 1836 opponitur
477 1763 647 1818 anathemati
664 1765 694 1816 et
711 1763 903 1826 maranatbae,
916 1777 988 1832 qnae
1001 1761 1121 1815 eduntur
1134 1778 1196 1816 cum
1210 1760 1354 1814 nonnullis
1370 1759 1489 1814 solemni·

315 1873 422 1926 tatibus
441 1869 570 1940 specialis
590 1869 786 1924 execrationis.

405 1978 444 2046 (2)
464 1975 607 2045 Originum
628 1973 710 2028 huius
727 1973 858 2028 vocabuli
872 1975 1039 2028 maranatha
1052 1973 1092 2028 ita
1106 1973 1229 2044 explicat
1242 1972 1357 2046 Sayrus,
1377 1974 1490 2026 Thesau-

315 2098 374 2140 ras.
394 2085 417 2138 1.
437 2103 496 2154 cap.
517 2084 546 2148 3,
564 2101 591 2136 n.
616 2083 643 2146 7,
661 2081 802 2139 «Dicitur
820 2083 977 2136 anathema
995 2081 1172 2147 Maranatba,
1196 2083 1235 2136 sic
1255 2081 1279 2148 1,
1302 2081 1392 2136 Corin.
1412 2081 1450 2133 16
1465 2083 1489 2132 et
1570 2073 1571 2078 ’

315 2192 451 2248 Silverins
479 2191 570 2261 Papa,
589 2195 621 2244 ut
650 2189 769 2246 habetur
794 2190 822 2242 in
847 2205 870 2243 c.
893 2189 1066 2244 Guttisarias
1091 2189 1143 2256 23,
1161 2208 1186 2260 q.
1206 2190 1235 2255 4,
1255 2189 1302 2244 ubi
1322 2189 1414 2260 glossa
1435 2191 1490 2258 post

315 2298 341 2352 S.
361 2298 562 2368 Hieronymum
586 2296 626 2350 ita
652 2297 856 2366 interpretatur
880 2297 912 2349 ut
936 2294 1046 2349 dicatur
1071 2296 1328 2350 excommunicatus
1351 2292 1489 2364 usquead

315 2404 425 2458 Domini
443 2403 592 2458 adventum
611 2403 665 2456 nisi
687 2402 843 2470 poeniteat3
862 2401 1008 2456 coniunxit
1034 2403 1107 2458 anim
1127 2401 1279 2472 Apostolus
1297 2400 1380 2455 simul
1398 2416 1489 2455 vocem

314 2510 449 2565 Graecam
467 2513 497 2564 et
515 2505 675 2581 Syriacam:
695 2508 723 2561 Si
743 2507 879 2578 quianon
899 2513 975 2564 amat
997 2509 1145 2563 Damimm
1164 2509 1201 2562 sit
1219 2509 1375 2564 Aaatbema
1397 2523 1489 2560 mara-
1569 2573 1570 2580 ἵ

313 2617 406 2670 natba.
426 2645 441 2656 -
467 2617 623 2670 Assntbema
649 2630 751 2684 graeco
770 2631 898 2670 sermone
919 2614 998 2681 dixit,
1019 2615 1238 2679 condemnetur-,¹
1256 2613 1430 2678 maraccacda,
1449 2612 1489 2663 do·

314 2737 365 2774 nec
384 2719 511 2774 daminus
528 2719 632 2786 veniat,
645 2719 679 2773 de
699 2736 753 2790 qna
765 2735 833 2774 voce
852 2718 933 2789 plura
953 2718 1011 2788 legi
1031 2727 1146 2789 possunt
1165 2719 1237 2788 apud
1251 2718 1280 2774 S.
1295 2717 1488 2790 Hieronymum

314 2828 344 2878 in
370 2827 388 2878 t.
410 2825 648 2888 Certatb.16,·et
674 2827 751 2893 epist.
771 2822 805 2876 ad
829 2822 996 2878 Marcellum
1021 2827 1076 2878 etc.
1100 2836 1126 2880 a.
1146 2821 1251 2878 Vocem
1278 2824 1427 2877 anathema
1453 2822 1488 2875 its

313 2933 515 3002 interpretatur
534 2931 565 2983 D.
585 2929 705 2984 Thomas
722 2931 754 2983 in
773 2947 835 3000 cap.
849 2931 872 2983 1.
885 2932 923 2984 ad
944 2929 1035 2985 Galat.
1049 2928 1092 2984 bis
1110 2929 1204 2985 verbis
1222 2928 1412 2984 ‹Anathema
1423 2945 1490 2982 com·

313 3039 426 3108 ponitur
444 3039 479 3091 ab
500 3055 548 3088 aaa
567 3037 640 3108 quod
665 3041 709 3092 est
733 3053 847 3092 sursum
866 3041 896 3092 et
915 3055 965 3096 ισις
979 3037 1082 3108 positio
1103 3036 1182 3108 quasi
1201 3052 1311 3090 sursum
1331 3036 1439 3105 positio.
1458 3035 1490 3087 Et

314 3149 356 3199 ast
375 3149 467 3199 ortum
486 3161 520 3198 ea
539 3143 657 3214 quadam
677 3143 793 3214 antique
812 3142 1026 3198 consuetudine:
1046 3142 1155 3213 antiqui
1175 3141 1250 3197 enim
1262 3141 1375 3213 quando
1388 3158 1488 3212 pugna·

313 3254 383 3308 bant
401 3257 430 3308 at
448 3253 577 3322 praedam
602 3251 725 3322 aliquam
750 3251 899 3319 capiebant
917 3251 952 3303 ab
972 3248 1100 3304 hostibus
1119 3265 1203 3320 quam
1222 3248 1357 3304 nolebant
1380 3265 1489 3303 conver·

313 3362 374 3413 tere
393 3357 421 3410 in
441 3373 520 3412 nsum
539 3354 691 3424 proprium,
703 3353 910 3424 suspendebant
923 3353 1001 3408 illam
1021 3355 1051 3407 in
1070 3352 1192 3423 templis,
1206 3353 1252 3408 vel
1270 3352 1366 3424 aliquo
1385 3351 1490 3423 publico
1568 3377 1569 3410 r

313 3465 376 3519 loco
392 3463 524 3530 civitatis,
544 3461 623 3532 quasi
650 3464 810 3529 separatum
838 3477 855 3514 a
880 3459 1020 3514 communi
1046 3459 1191 3514 bominum
1210 3478 1270 3527 usu,
1290 3467 1319 3515 et
1337 3477 1419 3516 omne
1437 3459 1489 3514 tale

313 3571 354 3626 sic
372 3586 534 3639 suspensum
555 3569 737 3623 nominabant
755 3567 854 3622 Graeci
873 3570 1036 3623 Anatbema.
1058 3567 1095 3621 nt
1113 3585 1148 3622 ex
1166 3566 1219 3622 hoc
1238 3567 1357 3624 inolevit
1380 3583 1489 3623 consue·

313 3679 380 3733 tudo
398 3678 470 3749 quod
490 3693 571 3731 omne
590 3675 660 3730 illud
680 3676 752 3746 quad
772 3673 970 3732 excludebatur
988 3677 1024 3731 ab
1043 3694 1096 3731 usu
1114 3677 1253 3731 communi
1273 3677 1414 3733 diceretur
1430 3695 1491 3732 anu·

311 3787 528 3849 rbemattcatam,
548 3783 619 3838 aride
639 3781 721 3837 Iasae
743 3781 772 3837 6.
792 3782 895 3837 dicitur
924 3782 957 3839 de
977 3781 1110 3838 Hiericho
1129 3787 1159 3839 et
1177 3783 1306 3839 omnibns
1324 3799 1398 3854 quae
1416 3783 1444 3837 in
1462 3797 1490 3837 aa

313 3895 388 3958 scint,
407 3889 478 3960 quod
497 3888 576 3943 lasne
595 3905 660 3944 mox
678 3887 927 3944 anathematizavit
946 3905 1015 3944 eam.
1036 3889 1153 3945 ntideo
1172 3891 1258 3944 etiam
1277 3888 1330 3944 hoc
1348 3889 1378 3944 in
1402 3888 1491 3944 Eccle-

313 3998 354 4051 sia
372 3996 497 4060 inolevit,
518 4000 549 4050 ut
567 3995 611 4050 illi
629 3996 677 4068 qui
698 3995 915 4053 excluderentur
934 4015 952 4051 a
970 3997 1110 4052 communi
1135 3999 1271 4054 societate
1296 3997 1439 4056 Ecclesiae
1464 3999 1490 4052 st

313 4119 331 4156 a
349 4102 569 4172 partecipatione
588 4101 830 4157 Sacramentorum
850 4102 1003 4168 Ecclesiae,
1023 4103 1151 4159 dicantur
1169 4104 1400 4162 anathematizati
1412 4121 1437 4160 ›.
1567 4073 1568 4084 ἵ

403 4205 442 4276 (3)
462 4206 539 4267 Quod
557 4207 790 4261 excommunicati
814 4206 863 4262 alii
883 4210 1000 4264 tolerati
1017 4209 1082 4276 sint,
1101 4210 1150 4264 alii
1168 4211 1284 4277 aitardi,
1302 4209 1356 4266 hoc
1374 4211 1491 4282 pertinet

313 4312 348 4366 ad
366 4313 526 4380 genericam
545 4327 724 4367 censurarum
743 4317 886 4368 naturam:
908 4315 1011 4386 qnippe
1030 4319 1192 4372 censuratos
1210 4333 1270 4372 esse
1289 4317 1424 4373 toleratas
1441 4317 1489 4372 nisi

313 4407 442 4486 expresse
460 4417 611 4472 reddantur
629 4419 745 4484 vitandi,
765 4419 875 4474 induxit
893 4420 974 4476 Cone.
993 4421 1111 4477 Martini
1130 4421 1164 4475 V.
1182 4424 1229 4478 Aa
1248 4423 1387 4480 eviratas.
