3306 5102
285 279 350 344 298
804 303 887 350 rans
912 302 934 347 1.

281 419 321 482 de
344 420 509 486 ordinibus
532 420 743 506 suscipiendis
767 441 826 506 per
849 440 893 494 se,
918 421 1048 506 vigente
1071 419 1176 492 dubio,
1201 420 1271 503 quis
1293 419 1381 483 licite
1405 437 1459 480 or-

280 543 371 610 dines
401 545 533 632 suscipit
561 546 651 612 nulla
681 548 814 631 praevia
842 545 1080 632 dispensatione
1110 546 1158 610 od
1188 543 1364 610 cautelam.
1396 541 1459 608 Sed

280 667 391 750 praxis
414 673 463 732 est
486 669 516 734 S.
543 669 576 736 Ο.
601 668 736 735 concilii
759 673 864 735 stante
888 667 983 732 dubio
999 667 1186 753 dispensare
1209 667 1257 734 ad
1278 667 1457 738 cautelam,

280 791 395 876 quippe
427 791 489 856 hoc
521 792 704 876 expostulat
734 791 871 878 dignitas
895 797 928 858 et
951 791 1057 856 honor
1087 789 1210 855 ordinis
1240 787 1458 856 sacerdotalis.

280 915 429 981 Ceterum
453 919 485 981 in
509 918 752 1004 irregularitate
767 917 881 992 dubia,
898 917 1087 1003 dispensare
1101 917 1191 986 valet
1206 917 1384 1002 Episcopus
1404 914 1458 998 qui

279 1043 311 1106 in
335 1041 462 1108 casibus
485 1041 596 1108 dubiis
619 1042 681 1107 hac
704 1044 804 1128 pollet
827 1049 994 1128 potestate.
1020 1043 1088 1110 Nec
1112 1043 1234 1109 inutilis
1258 1047 1306 1109 est
1329 1025 1459 1125 dispen-

279 1169 359 1232 satio
375 1169 421 1234 ad
438 1169 606 1234 cautelam
613 1189 628 1251 ;
651 1188 726 1234 nam
740 1168 860 1234 exinde
883 1167 1020 1236 affertur
1036 1169 1261 1256 irregularitas
1278 1187 1360 1253 quae
1377 1167 1458 1232 exti-

279 1295 356 1360 tisse
368 1294 441 1359 dein
457 1298 664 1380 comperitur,
689 1295 788 1361 veluti
805 1295 931 1380 qnando
942 1301 1055 1380 postea
1066 1296 1237 1381 detegetur
1248 1295 1301 1360 val
1312 1294 1458 1360 defectus

280 1420 443 1492 natalium,
468 1420 521 1485 vel
544 1419 734 1506 baptismum
757 1421 858 1488 fuisse
881 1421 1033 1488 collatum
1054 1421 1177 1486 homini
1200 1422 1264 1486 iam
1287 1420 1456 1506 baptizato,

279 1545 362 1629 quod
385 1551 482 1613 antea
504 1545 634 1612 dubium
658 1552 739 1614 erat.
761 1546 809 1612 Gi.
828 1545 1027 1614 D'Annibale
1044 1549 1071 1621 1,
1088 1545 1156 1614 231
1181 1553 1248 1614 aot.
1271 1547 1294 1612 9
1315 1551 1346 1612 et
1369 1545 1456 1612 406.
1523 1585 1526 1590 ·

367 1671 442 1736 202.
468 1671 644 1746 Quaeritur
667 1691 709 1736 an
732 1670 773 1736 ab
797 1691 861 1736 uno
884 1672 1027 1738 subiecto
1059 1672 1169 1758 plures
1196 1671 1458 1758 irregularitates

278 1797 402 1863 incurri
424 1798 556 1882 possint.
579 1798 677 1862 —Et
699 1815 793 1882 posse
817 1797 967 1862 contrahi
991 1797 1102 1882 plures
1125 1797 1384 1882 irregularitates
1408 1795 1456 1860 di-

278 1939 393 1986 versae
416 1920 545 2004 speciei,
569 1939 634 1984 non
658 1918 742 1984 dubii
772 1920 851 1986 iuris
874 1925 938 1996 est;
963 1919 1119 2003 siquidem
1149 1921 1220 2004 quis
1250 1918 1320 1984 fieri
1352 1923 1458 2004 potest

277 2043 479 2129 irregularis,
497 2063 561 2109 una
584 2044 688 2118 simul,
706 2064 748 2110 ex
765 2044 904 2130 bigamia
919 2044 1207 2118 similitudinarie,
1226 2065 1269 2110 ex
1284 2045 1384 2110 vetito
1407 2065 1456 2109 or-

143 2217 145 2222 .
277 2167 388 2234 diuum
412 2169 579 2243 exercitio,
604 2188 646 2234 ex
669 2168 797 2241 defectu
821 2169 975 2234 natalium
999 2175 1032 2234 et
1054 2190 1097 2236 ex
1118 2170 1259 2255 bigamia
1276 2189 1369 2236 vero.
1386 2171 1456 2235 Imo

278 2314 342 2359 uno
365 2299 439 2360 actu
462 2296 573 2380 plures
596 2295 855 2381 irregularitates
886 2295 1037 2364 contrahi
1068 2301 1217 2380 possunt;
1241 2297 1348 2381 prouti
1370 2293 1406 2359 fit
1428 2296 1454 2358 si

278 2421 348 2504 quis
370 2439 554 2504 suspensas
576 2419 619 2486 ab
643 2421 763 2486 ardiae
785 2419 979 2504 rebaptizet.

367 2547 417 2610 An
442 2564 521 2610 vero
545 2543 654 2630 plures
676 2545 935 2630 irregularitates
957 2545 1099 2611 eiusdem
1116 2546 1235 2631 speciei
1255 2546 1295 2612 ab
1319 2565 1383 2610 nno
1406 2565 1456 2609 su-

277 2669 381 2735 bieoto
404 2669 553 2734 contrahi
577 2671 708 2754 possint,
732 2689 796 2734 non
824 2671 869 2735 ita
891 2670 1052 2756 explorati
1074 2672 1154 2737 iuris
1177 2675 1235 2735 est.
1255 2674 1384 2736 -Inter
1406 2668 1455 2734 di-

277 2814 389 2860 versas
411 2795 587 2860 sententias
611 2795 673 2859 hoc
696 2795 825 2860 videtur.
850 2795 1056 2881 probabilius,
1081 2797 1231 2862 nimirum
1262 2794 1456 2882 irregulari-

276 2925 374 2985 tatem
398 2941 443 2987 ear
465 2922 608 3005 desecta,
625 2921 658 2984 in
674 2940 737 2985 uno
761 2921 914 2996 subiecto,
932 2923 1085 3006 cuiusque
1108 2922 1227 3008 speciei
1252 2941 1346 2986 unam
1364 2919 1457 2986 dum-

275 3051 366 3111 taxat
397 3047 543 3111 contrahi
574 3065 683 3130 posse;
708 3047 783 3130 quia
815 3049 894 3112 istae
926 3049 1184 3133 irregularitates
1215 3047 1395 3112 consistunt
1416 3046 1458 3110 in

276 3171 409 3254 defecta
431 3172 477 3238 nti
500 3173 534 3235 in
558 3190 616 3238 sua
639 3190 743 3238 causo
770 3172 959 3256 prosettam
983 3172 1133 3255 desectas
1159 3192 1256 3244 vero,
1282 3170 1372 3255 quasi
1394 3189 1455 3236 ne-

276 3296 367 3380 potio
391 3294 556 3362 cuiusdam
579 3296 751 3380 qualitatis,
777 3297 810 3361 in
833 3317 891 3362 sna
914 3298 1021 3382 specie
1045 3317 1127 3362 unus
1150 3297 1295 3363 consistit
1317 3297 1377 3360 etsi
1401 3315 1455 3360 re·

276 3426 428 3505 petantur
443 3425 534 3487 actus
557 3421 643 3486 unde
659 3423 873 3507 progignitur.
892 3422 1053 3497 Quocirca
1069 3420 1165 3488 iudex
1181 3423 1234 3506 qui
1250 3442 1308 3488 suo
1323 3421 1458 3488 functus

276 3544 381 3612 officio
405 3547 491 3612 mille
513 3547 660 3612 homines
684 3549 790 3634 capite
810 3547 1010 3630 condemnat,
1029 3567 1123 3613 unam
1144 3547 1307 3614 contrahit
1328 3550 1458 3633 irregu-

276 3671 437 3738 laritatem
460 3692 503 3739 ex
526 3671 655 3738 defectu
677 3673 826 3738 lenitatis.

366 3796 418 3860 Ex
440 3794 577 3861 adverso
600 3796 859 3881 irregularitates
883 3815 927 3862 aar
950 3795 1079 3870 delicto,
1102 3797 1262 3870 oriuntur,
1286 3795 1385 3862 veluti
1410 3815 1458 3861 ex

276 3940 381 3988 causa
399 3921 576 4005 aramma,
593 3941 636 3986 ex
651 3923 719 4006 ipso
735 3920 861 3986 delicto.
880 3920 981 3986 Plura
1004 3926 1111 3986 autem
1135 3919 1254 3986 delicta
1267 3922 1363 3986 unius
1379 3939 1456 4005 spe-

275 4049 336 4112 ciei
359 4049 483 4134 patrari
499 4067 591 4134 posse
607 4047 646 4112 ab
664 4047 775 4113 eodem
791 4046 936 4112 subiecto
959 4067 1054 4112 nemo
1073 4067 1151 4113 sane
1167 4048 1284 4131 estqui
1301 4046 1456 4132 ambigat

277 4171 491 4246 Quamobrem
507 4174 609 4258 posito
626 4171 742 4238 delicto
759 4175 871 4258 utpute
887 4192 986 4238 causa
1000 4169 1169 4246 efficiente,
1184 4156 1394 4256 consequitur
1409 4172 1457 4239 ef-

276 4296 390 4372 fectus,
403 4300 555 4365 nimirum
571 4298 813 4383 irregular·itas;
829 4297 1028 4382 proindeque
1044 4297 1160 4364 iterato
1176 4296 1293 4362 delicto
1308 4295 1455 4362 eiusdem

275 4424 643 4509 specieimultiplioatur
654 4423 1096 4509 irregularitas-Distinguit
1104 4421 1312 4496 D’Annibale‚
1321 4419 1361 4508 (Ι,
1371 4423 1456 4505 405)
