3202 5104
324 305 392 376 212
850 325 934 374 enas
957 323 981 373 1.

326 454 360 518 in
383 453 531 518 Ecclesia
553 451 704 518 inhabilis
727 470 861 537 prorsus
884 449 1001 517 evadit.
1027 450 1078 516 Re
1101 449 1228 536 quidem
1251 469 1332 514 vera
1362 455 1497 516 tractare

326 597 390 642 non
418 581 523 664 potest
545 577 628 642 haec
659 573 776 657 officia,
800 577 854 660 qul
877 595 897 640 a
919 576 1145 644 communione
1168 575 1297 640 illorum
1325 573 1497 659 prohibitus

326 709 376 770 est
402 703 517 789 quibus
544 701 657 769 eadem
684 704 793 768 munia
820 701 970 768 ordinata
999 708 1083 768 sunt.
1113 703 1235 768 Tamen
1267 700 1426 769 beneficia
1451 705 1500 768 aut

327 826 434 892 officia
456 829 520 892 iam
543 845 691 913 possessa
712 846 733 891 a
755 825 894 893 citando
918 831 994 894 ante
1013 845 1196 900 censuram,
1214 846 1280 890 non
1295 826 1498 892 auferuntur:

326 951 389 1018 nisi
423 952 582 1017 sententia
610 950 723 1017 iudicis
751 950 947 1016 interveniat
974 951 1277 1034 condemnatorto5
1302 956 1334 1016 et
1356 951 1499 1016 declara

327 1073 416 1142 toria
439 1095 504 1140 non
526 1072 646 1140 sufficit
669 1093 728 1158 pro
751 1073 936 1140 auferendis
952 1073 1111 1140 fructibus
1127 1094 1253 1158 quoque
1268 1072 1420 1140 beneficii
1434 1075 1501 1158 qma

327 1197 441 1264 nullibi
464 1200 496 1262 in
520 1199 590 1264 iure
607 1204 736 1265 cautum
752 1203 803 1264 est
816 1199 1130 1264 excommunicatum
1146 1199 1328 1264 citandum
1343 1199 1418 1282 ipso
1434 1198 1501 1264 ime

326 1325 452 1410 privari
474 1321 622 1388 beneficii
645 1322 818 1398 fructibus;
836 1324 898 1388 imo
914 1323 946 1388 in
964 1343 1038 1407 cap.
1055 1323 1106 1390 53
1120 1323 1171 1390 De
1187 1325 1312 1408 appell.
1329 1325 1365 1388 X
1378 1323 1436 1408 (ΙΙ,
1452 1323 1501 1408 28)

328 1452 350 1533 ἓ
371 1449 494 1516 chm
518 1448 646 1516 iubetur
665 1469 683 1514 c
701 1451 743 1523 Et
764 1449 816 1515 itti
833 1454 1022 1532 proventus
1044 1449 1270 1541 Ecclesiastici
1293 1450 1416 1517 mertto
1433 1469 1502 1516 sun-

329 1592 537 1640 ranuunrun
549 1571 604 1638 cui
615 1571 786 1640 Ecclesiae
798 1572 992 1639 communio
1003 1577 1151 1659 necatur
1165 1595 1197 1636 s.
1216 1572 1307 1638 Unde
1321 1573 1436 1659 regula
1448 1579 1501 1638 est:

328 1695 485 1764 beneficio
502 1698 813 1763 excommunicatum
826 1716 892 1761 non
907 1716 978 1762 esse
995 1697 1186 1782 privandum
1200 1699 1275 1781 quia
1287 1717 1438 1772 censura,
1451 1717 1503 1783 per

328 1843 375 1906 se,
388 1829 437 1889 est
451 1841 555 1909 poena
571 1825 788 1908 temporanea
806 1821 932 1888 fructus
946 1842 1027 1887 vero
1040 1841 1112 1888 esse
1122 1823 1380 1896 subtrahendos,
1395 1825 1502 1908 quippe

330 1947 509 2013 cohaerent
524 1944 631 2011 officio
655 1945 739 2030 quod
763 1947 1060 2012 excommunicatus
1083 1947 1219 2032 amplius
1242 1947 1426 2032 adimplere
1447 1967 1502 2011 nou

329 2070 426 2136 valet.
443 2073 563 2136 Tamen
579 2071 606 2135 si
622 2071 918 2136 excommunicatus
933 2071 1002 2135 sive
1018 2071 1178 2138 vitandus
1194 2073 1262 2136 sive
1279 2075 1444 2138 toleratus
1458 2071 1503 2136 diu

330 2201 519 2283 perseveret
542 2198 575 2261 in
599 2215 747 2286 censura,
770 2215 887 2282 nempe
903 2216 1097 2282 perannum
1114 2200 1191 2282 quin
1206 2198 1443 2263 absolutionem
1458 2217 1503 2261 ex·

331 2323 446 2407 quirat,
471 2321 672 2388 insordescit
686 2325 718 2386 et
733 2318 769 2386 tit
784 2327 951 2407 suspectus
967 2321 1008 2386 de
1022 2320 1149 2388 heresi:
1166 2326 1253 2386 etex
1266 2324 1373 2407 capite
1387 2321 1505 2388 heresis

330 2442 487 2511 beneficio
512 2446 633 2531 privari
661 2445 757 2520 valet,
790 2465 847 2511 seu
878 2466 937 2530 per
966 2447 1158 2511 sententiam
1182 2445 1504 2514 condemnatoriam.

332 2570 378 2638 of.
403 2590 437 2635 n.
462 2569 537 2636 144.

421 2693 496 2758 141.
522 2693 567 2758 At
596 2693 736 2758 clericus
772 2691 1069 2760 excommunicatus
1093 2696 1256 2762 toleratus
1287 2696 1385 2760 etiam
1418 2699 1505 2759 extra

331 2819 444 2885 mortis
466 2818 656 2903 periculum,
672 2823 815 2904 royotus
837 2837 857 2882 a
879 2815 1027 2883 fidelibus
1050 2819 1262 2885 Sacramenta
1282 2818 1505 2884 administrare

332 2942 419 3011 licite
449 2947 572 3028 potest;
597 2943 727 3026 inquam
759 2945 970 3029 ‹tropatus›
994 2961 1069 3006 nam
1093 2963 1129 3008 se
1151 2940 1271 3010 offerre
1302 2963 1369 3008 non
1394 2945 1504 3029 posset,

331 3067 392 3132 nisi
415 3068 448 3131 in
473 3086 550 3132 casu
574 3067 776 3134 necessitatis
799 3069 868 3132 sive
897 3066 1048 3151 propriae
1071 3069 1139 3132 sive
1167 3067 1294 3132 alienae
1318 3065 1365 3154 (1)
1395 3069 1503 3133 horum
1569 3057 1570 3062 ’

331 3192 598 3258 administrationi
615 3213 688 3258 cum
712 3191 752 3258 ob
768 3195 1135 3260 excommunicationem
1150 3197 1304 3259 arceatur
1327 3213 1346 3258 a
1372 3191 1504 3258 fidelium

332 3318 565 3383 communione.
590 3317 671 3382 Item
696 3319 770 3402 quia
793 3319 827 3381 in
851 3319 890 3382 iis
913 3337 996 3402 quae
1020 3319 1060 3383 ad
1083 3317 1224 3383 fidelium
1241 3316 1418 3382 utilitatem
1434 3315 1506 3380 ordi-

332 3445 409 3506 nata
431 3445 515 3515 sunt,
534 3441 673 3508 tolerato
697 3460 762 3505 non
785 3441 977 3526 prohibetur
1000 3461 1073 3507 cum
1089 3443 1128 3506 iis
1144 3441 1406 3516 communicare;
1430 3441 1505 3506 eius·

423 3719 463 3790 (1)
483 3718 550 3773 Dico
564 3719 739 3774 necessitatis
752 3735 896 3774 rnorarsn
911 3718 955 3775 vel
968 3722 1089 3788 alicam
1106 3723 1244 3792 quatenus
1257 3719 1507 3773 excommunicatus

334 3823 499 3882 abstinendo
524 3825 559 3878 ab
583 3823 824 3881 administratione
846 3831 1083 3880 sacramentorum
1108 3825 1224 3881 deberet
1241 3825 1359 3895 prodere
1386 3824 1508 3894 seipsum,

334 3929 516 3984 manifestans
535 3929 677 4000 proprium
696 3930 812 3996 crimen,
826 3935 854 3985 et
873 3933 950 3986 certe
966 3929 1043 3986 adid
1061 3945 1116 3984 uon
1134 3929 1286 3999 obligetur.
1307 3926 1339 3982 ln
1358 3943 1508 3984 excommu·

334 4041 428 4096 niceto
456 4041 568 4094 vitando
597 4043 646 4092 aut
673 4042 781 4094 notorio
806 4041 853 4095 rix
876 4041 945 4110 fingi
974 4043 1066 4110 potest
1090 4038 1137 4093 hie
1165 4055 1253 4093 casus.
1282 4038 1397 4094 Fideles
1425 4042 1507 4092 autem

335 4147 462 4220 quamvis
480 4164 584 4216 reparo
603 4146 709 4216 possint
727 4147 998 4201 excommunicatum
1016 4151 1049 4201 ut
1067 4147 1108 4202 eis
1126 4151 1302 4201 sacramenta
1329 4146 1509 4200 administret.

335 4259 430 4308 tamen
443 4255 509 4326 quia
519 4258 561 4308 est
571 4253 702 4324 indtpnus
714 4270 763 4308 seu
777 4253 898 4307 ereditur
910 4253 1060 4308 destitutus
1072 4255 1166 4324 pratia
1174 4255 1375 4323 sanctificante,
1388 4253 1418 4306 in
1429 4265 1509 4306 sacra·

336 4361 438 4416 mentis
459 4360 684 4415 administrandis
709 4361 886 4430 saerilegium
906 4371 1017 4430 patrare
1036 4362 1237 4431 praesumitur;
1256 4361 1329 4416 unde
1350 4361 1406 4415 nisi
1426 4375 1510 4414 neces·

335 4466 404 4524 sins
414 4468 621 4538 proportionata
631 4467 724 4538 gravis
734 4472 833 4538 urgeat
842 4467 946 4536 fideles,
956 4469 1016 4525 eius
1025 4485 1139 4539 operam
1148 4467 1327 4540 expostulare
1337 4483 1395 4522 non
1405 4467 1506 4522 debent
