3302 5100
646 312 855 362 tuncassos
875 313 909 361 v.
1301 294 1367 362 589

189 449 269 490 secus
287 438 395 507 sactum
413 435 510 504 suerit,
530 434 687 506 Episcopus
706 436 741 489 ab
760 436 892 490 coercitio
908 434 1123 505 pontificalium,
1143 445 1168 490 et
1186 438 1226 490 sic
1245 437 1369 490 ordinati

188 543 223 595 ab
241 542 405 597 essentiane
428 541 565 596 Ordinum
583 543 637 596 sint
655 543 715 613 ipso
733 544 797 596 iure
815 543 980 611 suspensi».

261 648 332 705 Sess.
351 649 386 704 23
405 667 428 703 c.
451 650 482 704 10
501 651 534 706 de
560 649 653 704 Reios.
672 651 852 704 ‹Abbatibus
877 665 911 702 ac
934 649 1001 702 aliis
1025 649 1249 720 quibuscumque,
1275 667 1366 719 quan-

189 758 291 810 tumois
316 759 461 827 exemptis,
479 773 535 810 non
562 757 644 810 liceat
668 761 698 810 in
717 765 865 826 posterum
890 756 965 808 intra
988 756 1059 825 fines
1084 756 1207 809 alicuius
1232 757 1367 812 dioecesis

189 861 408 927 consistentibus,
428 865 512 917 etiam
530 865 555 916 si
572 863 683 916 nullius
702 863 837 916 dioecesis
855 860 902 914 uel
921 861 1045 931 eaonpti
1062 875 1124 916 esse
1142 862 1280 928 dicantur,
1306 860 1365 914 cui·

189 983 281 1036 quam,
300 969 347 1038 qui
364 969 510 1038 reputaris
532 971 658 1023 subditus
676 970 730 1022 sibi
747 984 803 1021 non
821 969 864 1032 sit,
889 967 1043 1022 Tonsuram
1061 967 1109 1020 ael
1128 969 1250 1021 minores
1279 965 1367 1020 Ordi-

188 1088 238 1126 nes
257 1075 403 1142 conferre,·
420 1090 472 1127 nec
490 1075 545 1144 ipsi
562 1075 680 1128 Abbates
701 1081 727 1128 et
745 1072 797 1126 alii
818 1073 948 1142 exempti,
966 1080 1016 1124 aut
1034 1071 1157 1140 colleqia
1175 1071 1223 1126 ael
1242 1071 1366 1142 capitula

189 1195 385 1249 quaecumque,
406 1181 488 1234 etiam
507 1181 693 1235 ecclesiarum
712 1179 925 1244 cathedralium,
946 1178 1055 1233 litteras
1074 1179 1247 1232 dimissorias
1259 1178 1363 1248 aliqui·

190 1284 239 1336 bus
261 1283 378 1338 clericis
395 1284 596 1349 saecularibus,
614 1293 645 1337 ut
663 1287 698 1338 ab
722 1284 788 1336 aliis
813 1284 989 1347 ordinentur,
1012 1283 1170 1340 concedant.
1193 1283 1247 1336 Sed
1263 1284 1365 1338 borum

189 1391 312 1444 omnium
326 1393 473 1457 ordinatio,
485 1393 605 1446 seruatis
618 1391 752 1458 omnibus,
766 1408 837 1462 quae
850 1392 879 1443 ia
889 1391 973 1444 buius
988 1390 1106 1445 Sanctae
1120 1391 1225 1460 Spnodi
1238 1391 1364 1446 Decretis
1425 1376 1429 1386 ’

189 1499 373 1564 continentur,
391 1499 429 1552 ad
447 1499 609 1568 Episcopos,
627 1499 702 1552 intra
728 1514 847 1568 quoram
873 1499 1007 1553 dioecesis
1031 1497 1102 1566 fines
1126 1501 1256 1564 existant,
1271 1501 1364 1568 perti·

189 1613 267 1670 neat;
284 1621 340 1658 non
358 1605 528 1659 obstantibus
547 1605 687 1674 quibusvis
702 1603 872 1674 priailcpiis,
887 1605 1161 1675 praescriptionibus
1178 1615 1228 1658 aut
1247 1619 1364 1658 consue·

186 1709 328 1762 tudiuibus
342 1712 424 1764 etiam
437 1710 712 1764 immernorabilibus.
725 1708 847 1762 Poenam
856 1725 964 1780 quoque
978 1711 1136 1779 impositam
1149 1711 1192 1774 iis,
1206 1709 1254 1778 qui
1266 1719 1365 1762 contra

187 1817 270 1871 liuius
290 1817 406 1872 Sanctae
426 1819 532 1886 Synodi
549 1819 599 1872 sub
618 1817 709 1872 Paulo
729 1816 781 1870 ΙΙΙ
795 1818 947 1872 Decretum
960 1835 977 1870 a
993 1817 1121 1888 Capitulo
1132 1817 1287 1888 episcopali
1297 1818 1365 1872 sede

187 1935 303 1979 vacante
323 1925 431 1980 litteras
450 1926 623 1978 dimissorias
642 1927 799 1995 impetrant,
819 1928 857 1978 ad
875 1926 952 1990 illos,
971 1925 1019 1994 qui
1037 1926 1149 1980 easdem
1174 1927 1285 1980 litteras
1309 1943 1364 1979 non

188 2049 206 2086 a
228 2033 363 2102 capitulo,
382 2035 433 2086 sed
451 2035 486 2086 ab
504 2034 570 2086 aliis
589 2033 730 2103 quibusvis
748 2036 778 2086 in
796 2033 989 2088 iurisdictione
1009 2033 1149 2104 Episcopi,
1164 2034 1224 2087 loco
1241 2032 1365 2103 Capituli

187 2139 253 2192 sede
266 2148 388 2205 vacante,
400 2142 618 2205 succedentibus,
631 2142 794 2206 obtinerent,
807 2141 922 2192 mandat
935 2139 1055 2194 extendi.
1071 2140 1257 2195 concedentes
1269 2149 1364 2195 autem

187 2249 360 2302 dimissorias
378 2258 474 2303 contro
488 2251 611 2317 sormam
625 2249 738 2302 Decreti
755 2251 790 2302 ab
812 2247 906 2318 Officio
926 2257 952 2302 et
972 2249 1112 2316 Beneficio
1123 2265 1180 2318 per
1192 2266 1298 2304 anuum
1310 2250 1364 2302 sint

187 2359 246 2426 ipso
266 2358 328 2412 iure
347 2357 475 2428 suspensi
487 2374 512 2410 s.

259 2461 329 2516 Sess.
352 2461 384 2514 lt
403 2478 436 2516 ox
456 2477 515 2532 esp.
529 2463 546 2515 2
564 2461 597 2516 do
619 2462 677 2516 set.
696 2461 816 2516 «Nemo
831 2462 1045 2532 Episcoporum,
1058 2466 1107 2533 qui
1119 2463 1250 2518 titulares
1263 2481 1363 2519 ¹oocan·

186 2577 240 2636 tur,
261 2571 344 2622 etiam
362 2570 387 2622 si
404 2570 434 2622 in
455 2569 514 2623 loco
534 2571 641 2623 nullius
660 2570 803 2635 dioecesis,
822 2573 905 2624 etiam
925 2581 1060 2641 exempto,
1081 2581 1130 2624 aut
1147 2573 1242 2642 aliquo
1261 2589 1362 2626 mono·

186 2676 271 2729 sterio
291 2677 413 2730 cuiusu's
431 2677 539 2730 ordinis
557 2679 725 2741 resederint,
744 2687 793 2730 aut
816 2693 926 2730 moram
951 2681 1100 2744 traxerint,
1121 2682 1217 2750 siqore
1242 2681 1363 2734 cuiusvis

183 2779 331 2850 priuilepii
347 2783 401 2835 sibi
418 2782 453 2836 de
468 2784 662 2852 promovendo
687 2800 873 2853 quoscumque
892 2786 929 2837 ad
947 2799 978 2837 se
997 2785 1138 2839 uenientes
1158 2802 1213 2855 pro
1237 2796 1364 2856 tempore

186 2890 315 2954 concessi,
335 2889 454 2942 alterius
472 2890 621 2952 subditum,
641 2891 723 2944 etiam
742 2899 891 2959 praetextu
903 2890 1108 2959 familiaritatis
1121 2891 1267 2946 continuae
1285 2909 1363 2946 com-

185 2991 368 3044 mensalitatis
386 3008 463 3055 suae,
482 2994 584 3061 absque
603 2993 647 3046 sui
662 2996 775 3062 proprii
793 2991 921 3046 Praelati
939 3009 1073 3062 expresso
1098 3009 1233 3047 consensu
1252 3005 1300 3048 aut
1321 2996 1365 3048 lit·

186 3097 253 3151 teris
271 3099 435 3152 dimissor-iis
453 3099 490 3152 ad
508 3101 618 3169 aliquos
635 3116 731 3153 sacros
749 3109 798 3154 aut
815 3101 938 3153 minores
960 3098 1079 3156 Ordines
1092 3102 1139 3156 ael
1149 3104 1274 3172 primam
1292 3103 1363 3157 Ton-

185 3219 282 3258 suram
288 3221 457 3275 promo-sere
467 3222 517 3260 seu
527 3207 660 3260 ordinare
671 3207 771 3260 ualeat.
785 3207 887 3261 Contra
897 3208 1004 3276 faciens
1019 3209 1151 3263 exercitio
1157 3211 1364 3279 pontificalium

182 3329 237 3382 par
249 3329 361 3378 aunum,
374 3314 472 3368 taliter
491 3331 556 3367 aero
576 3323 719 3384 promotus
732 3316 766 3368 ab
780 3315 941 3368 executione
959 3313 1096 3369 Ordinum
1108 3318 1149 3370 sic
1161 3328 1363 3388 susceptorum,

184 3424 274 3476 donec
291 3437 341 3476 suo
361 3421 494 3476 Praelata
516 3424 604 3474 cisum
623 3425 722 3492 suerit,
741 3424 801 3492 ipso
820 3426 883 3476 iure
901 3425 955 3476 sint
973 3425 1102 3494 suspensi
1113 3438 1139 3481 n.

321 3717 552 3757 INTERDICUNTUR
575 3718 713 3772 spiscoet,
733 3719 778 3765 QUI
798 3719 855 3758 NON
874 3719 1059 3759 nativitatum·
1078 3719 1230 3760 tetscoeos

604 3823 772 3864 lhbsttlsttttt
791 3824 943 3864 ABSENTES.

257 4057 328 4112 Sess.
348 4059 365 4113 6
384 4075 418 4114 cx
437 4075 497 4128 cap.
520 4059 530 4113 l
559 4059 592 4114 ds
618 4057 710 4113 Reios.
730 4058 910 4114 <Crescente
934 4075 1001 4114 vero
1027 4059 1200 4114 contumacia
1223 4057 1363 4129 (Episcopi

185 4165 309 4218 absentis
328 4165 403 4220 ultra
421 4165 572 4221 secundum
592 4169 725 4219 semestre
745 4166 865 4234 ternpus)
884 4175 914 4218 ut
932 4167 1071 4220 severiori
1088 4183 1123 4220 ss.
1144 4183 1281 4221 canonum
1294 4185 1361 4221 cerr-

184 4285 270 4325 surae
288 4273 460 4337 subiiciatur,
474 4272 710 4342 Metropolitanus
729 4273 924 4342 suffraqaneos
937 4272 1091 4343 Episcopos
1104 4274 1238 4338 absentes,
1251 4274 1362 4326 Metro-

181 4379 343 4448 politanum
360 4396 427 4434 oero
447 4381 586 4434 absentem
603 4379 802 4449 suffraqaneus
821 4378 975 4449 Episcopus
994 4381 1135 4454 antiquior
1156 4381 1292 4446 residens,
1311 4382 1363 4434 sub
