3290 5100
537 307 582 353 on
605 305 759 354 nacturus
785 306 827 352 nr
852 305 972 352 roncas
1276 282 1343 348 473

162 429 260 494 dictio
292 429 420 494 articuli
445 430 547 496 -sed
578 430 660 496 alibi
689 430 889 513 imprimere
918 429 998 496 uelit
1020 463 1039 477 -
1063 433 1112 494 est
1142 426 1342 513 generaliter

163 554 336 618 enunciata
359 555 434 638 quia
456 558 627 639 utrumque
650 554 877 639 complectitur
901 573 1021 620 casum.

254 676 411 752 Quamvis
434 677 565 745 Romae
588 679 712 764 dapere
738 675 898 763 significet
926 678 1065 763 aliquam
1089 676 1238 742 notabilis
1261 681 1344 741 tem-

164 801 252 885 poris
275 803 560 867 commorationem
583 802 705 867 Rornae
729 801 861 875 habere,
885 805 994 866 lamen
1018 801 1058 866 de
1081 805 1228 886 tempore
1257 820 1345 864 com·

165 929 352 995 morationis
367 947 432 993 non
456 933 505 993 est
527 927 673 994 subtilius
690 927 926 1013 inquirendum,
945 932 977 994 el
992 925 1110 994 sufficit
1128 931 1205 993 actu
1221 928 1344 992 Romae

166 1053 368 1124 commorari,
394 1072 593 1136 quocumque
616 1073 660 1118 ex
682 1051 748 1117 fine
770 1052 833 1117 hoc
856 1049 922 1134 fiat,
947 1057 982 1118 ut
1005 1053 1075 1136 quis
1098 1051 1254 1116 sortiatur
1277 1050 1343 1137 pri-

166 1174 319 1260 uilegium
343 1174 383 1240 de
407 1195 469 1260 quo
493 1177 526 1240 in
550 1157 615 1240 art.
640 1174 698 1240 37.

256 1297 351 1362 Ratio
375 1299 537 1383 privilegii
560 1297 738 1363 desumitur
760 1295 931 1364 evidenter
947 1318 990 1362 ex
1005 1297 1128 1362 maiore
1150 1295 1345 1362 auctoritate

167 1438 250 1503 quae
272 1418 400 1486 videtur
419 1419 503 1484 libro
518 1418 678 1486 accedere
693 1419 767 1485 dum
784 1419 891 1485 editur
911 1420 951 1486 ab
967 1427 1101 1487 auctore
1116 1417 1238 1484 Romae
1255 1439 1345 1485 coru-

167 1549 324 1612 moranle.
350 1545 459 1621 Quare
484 1566 524 1612 ne
548 1545 622 1612 inde
644 1549 828 1612 assumatur
850 1547 977 1612 occasio
1001 1565 1132 1610 errores
1156 1544 1346 1610 insolentius

167 1671 338 1757 evulgandi
356 1655 495 1738 censura
511 1672 731 1737 Romanorum
748 1672 925 1737 Causarum
941 1673 1125 1736 necessario
1142 1668 1346 1754 exquirenda

167 1801 226 1871 est,
251 1796 427 1881 eademque
451 1794 578 1863 sufficit.

188 2125 192 2144 ·
224 2097 246 2178 ἓ
269 2097 299 2162 2.
323 2097 367 2162 lle
391 2115 569 2164 caesorum
592 2095 699 2180 officio
722 2096 760 2162 in
771 2096 914 2180 praeuio
932 2097 1098 2163 librorum
1118 2095 1289 2162 examine.

456 2273 507 2315 lluc
522 2272 635 2317 celeratur
649 2278 720 2328 caput
735 2273 766 2324 11,
781 2274 816 2318 tit.
832 2273 843 2315 Ι
857 2273 891 2316 ita
909 2273 1052 2328 inscriptum.

168 2463 377 2520 summarium
394 2496 427 2506 -
445 2465 507 2520 403.
534 2465 704 2521 Referuntur
732 2470 785 2520 art.
805 2465 901 2519 38-39.
927 2496 964 2508 -
988 2466 1049 2520 404.
1074 2465 1287 2518 Commendatio.
1314 2493 1347 2506 -

258 2571 321 2625 405.
343 2571 474 2627 Refertur
493 2575 546 2626 art.
565 2572 608 2626 40.
627 2601 664 2614 -
681 2573 743 2626 406.
764 2571 980 2627 Commentatio

260 2784 333 2848 403.
367 2786 453 2850 Aar.
485 2784 539 2850 38.
565 2803 583 2848 a
605 2783 730 2852 Carent
760 2783 921 2868 Episcopi
952 2803 1099 2870 quorum
1121 2783 1277 2850 muneris
1299 2787 1350 2849 cst

168 2908 367 2990 facultatem
391 2908 494 2976 libros
515 2909 738 2992 imprimendi
763 2908 947 2976 concedere
971 2913 1008 2974 ut
1030 2908 1077 2974 eis
1105 2906 1349 2974 examinandis

169 3039 340 3116 spectatae
365 3035 502 3117 pietatis
532 3040 564 3101 et
592 3035 768 3102 doctrinae
798 3035 891 3100 airas
921 3033 1105 3100 adhibeant
1127 3034 1169 3099 de
1199 3052 1349 3118 quorum

169 3157 238 3243 fide
253 3163 284 3224 el
305 3158 498 3246 intepretata
512 3158 575 3226 sibi
587 3159 744 3242 polliceri
759 3163 896 3242 queant,
920 3157 1005 3222 nibil
1025 3175 1081 3224 eos
1102 3157 1237 3243 praliae
1253 3157 1350 3222 datu

169 3300 238 3355 ros,
266 3281 352 3346 nihil
368 3282 455 3356 odio,
472 3283 532 3348 sed
547 3283 641 3349 omni
656 3285 805 3348 tamena
822 3284 944 3365 affectu
960 3279 1157 3364 posthabito,
1175 3279 1237 3344 Dei
1253 3280 1350 3345 dnm·

170 3411 269 3472 tanat
291 3407 440 3492 pluriam
461 3413 674 3490 spectaturos
697 3413 728 3473 et
750 3407 859 3492 fidelis
880 3406 1003 3490 populi
1025 3405 1205 3470 utilitatem
1229 3425 1258 3468 a.

261 3532 346 3597 Anu.
370 3531 424 3596 39.
451 3531 536 3598 ‹lle
558 3531 666 3596 uariis
690 3529 907 3614 opinionibus
931 3535 1033 3614 atquc
1048 3529 1220 3595 sententiis
1235 3525 1350 3613 (inacta

171 3653 345 3720 Berudicti
368 3655 459 3720 XIV
473 3660 710 3738 praeceptum)
743 3654 858 3722 anima
888 3673 911 3719 a
937 3651 1162 3736 praeiudiciis
1192 3651 1350 3718 omnibus

153 3795 279 3864 ,uacuo
302 3779 528 3846 iudicandum
551 3777 614 3844 sibi
638 3797 709 3845 esse
731 3798 887 3846 censores
909 3778 1027 3844 suant.
1051 3779 1172 3861 ltaque
1190 3776 1349 3850 nationis,

170 3898 337 3982 familiae,
360 3901 504 3974 scholae,
528 3901 672 3967 instituti
694 3903 852 3984 affectum
868 3900 1051 3982 emcutianl,
1067 3900 1182 3966 studia
1194 3899 1351 3981 partium

169 4029 348 4107 seponunt,
372 4026 542 4092 Ecclesiae
567 4023 713 4090 Sanctae
735 4025 897 4111 dopmala
920 4029 952 4089 ct
970 4042 1184 4091 communem
1203 4022 1350 4090 Catholi-

172 4148 317 4215 ticorum
348 4148 541 4217 doctrinam
575 4168 663 4236 quae
689 4149 919 4216 Conciliorum
948 4147 1162 4234 pancratium
1194 4146 1351 4222 decretis,

170 4273 247 4338 BR.
271 4275 478 4361 Pontificum
502 4273 799 4342 Corastitutionibus
830 4280 932 4358 alque
955 4273 1027 4338 ab.
1052 4291 1215 4340 consensu
1244 4271 1351 4339 conti·

171 4403 306 4474 nentur‚
330 4399 429 4467 unica
448 4419 538 4483 prae
560 4399 667 4466 oculis
692 4398 837 4465 babeant
852 4420 885 4464 »c
