3306 5102
467 375 468 380 ¹
537 367 581 412 na
605 365 760 414 nemoris
785 366 828 416 au
851 366 970 414 roanrs
1277 347 1343 414 333

163 483 202 548 L.
223 482 281 550 43.
303 483 495 550 Honorante
509 483 642 552 mann
665 483 858 552 Vicarintns
883 485 991 568 Urbis,
1014 507 1046 572 p.
1065 485 1116 553 19.
1141 485 1341 554 D'Annibale

163 607 190 682 Ι,
215 605 282 672 412
293 606 352 688 bis,
376 613 409 673 et
431 609 596 694 Gasparri,
621 609 643 676 l.
667 630 694 676 c.
718 607 802 676 236.

253 731 330 800 239.
355 735 497 802 Sortitur
518 756 599 803 vero
623 738 694 820 quis
720 737 876 802 natalium
905 735 1141 821 legitimitatem
1172 735 1341 802 dummodo

162 860 294 944 nuptiae
310 859 413 926 iustae
428 860 632 927 constiterint
648 865 799 945 ternpore
813 860 1008 928 natiuitatis.
1028 895 1045 910 -
1064 860 1183 926 Bened.
1201 861 1284 928 XIV
1308 861 1340 926 in

162 985 254 1068 epist.
281 1005 299 1048 s
322 983 489 1052 Redditae
518 990 599 1052 sunt
622 985 720 1052 nobis
743 1007 761 1051 a
786 987 808 1067 ἓ
831 984 865 1068 3,
890 987 935 1050 ait
958 986 1069 1069 quaeri
1100 985 1186 1051 inter
1210 985 1273 1050 DD.
1298 1005 1340 1052 an

163 1109 350 1192 requiratur
372 1111 469 1176 etiem
492 1111 660 1196 conceptio
683 1111 717 1175 in
740 1111 832 1177 iustis
856 1112 975 1196 nuptiis
998 1114 1141 1195 sequuta.
1163 1110 1246 1185 Quia
1268 1131 1341 1176 con·

161 1235 323 1298 troversia
352 1233 459 1300 adhuc
490 1234 548 1301 sub
571 1235 677 1302 iudice
707 1240 766 1310 est,
793 1235 911 1301 favore
939 1237 1039 1321 prolis
1065 1233 1185 1301 sufficit
1213 1238 1341 1322 nuptias

161 1356 261 1423 samse
283 1357 391 1425 instas
413 1365 559 1444 tempore
575 1360 769 1435 nativitatis;
793 1361 885 1425 iuxta
900 1361 921 1424 l.
938 1361 984 1432 11,
1008 1361 1075 1443 §et
1097 1361 1202 1427 molto
1218 1360 1339 1447 magis,

165 1479 198 1546 0.
215 1481 266 1547 De
287 1483 438 1548 natural.
455 1481 509 1550 lib.
530 1503 548 1547 ι
565 1484 602 1547 In
626 1483 864 1567 quaestionibus
884 1485 917 1549 in
933 1482 1047 1568 quibus
1063 1482 1103 1548 de
1118 1484 1203 1548 statu
1225 1483 1341 1550 libero·

159 1627 233 1672 rum
257 1613 306 1674 est
329 1607 492 1682 dubitatio,
516 1628 582 1674 non
613 1609 843 1695 conceptionis,
868 1608 924 1674 sed
947 1613 1058 1695 partus
1088 1614 1214 1695 tempus
1241 1610 1340 1694 inspi-

159 1732 291 1798 citur».

248 1857 325 1924 240.
351 1860 443 1926 Haec
465 1858 692 1946 irregularitas
715 1858 937 1945 dispensatur:

297 1983 327 2068 l)
350 2004 410 2070 per
433 1985 631 2071 subsequens
653 1986 909 2060 matrimonium

292 2107 326 2195 2)
350 2129 410 2196 per
432 2111 628 2197 rescriptum
651 2111 827 2196 superioris
851 2109 1070 2194 competentis,
1089 2128 1151 2194 quo
1173 2110 1227 2174 vel
1251 2109 1340 2175 indu-

159 2235 246 2301 citur
269 2234 417 2301 absoluta
431 2236 630 2322 legitimatio,
647 2235 701 2302 vel
716 2236 831 2320 aliquis
847 2239 971 2301 tantum
988 2236 1190 2322 dispensatur
1207 2231 1339 2302 effectus

157 2360 420 2444 irregularitatis,
445 2359 556 2426 eodem
581 2365 793 2446 permanente
816 2361 1068 2448 irregularitatis
1094 2359 1338 2446 impedimento;

293 2483 326 2569 3)
350 2504 410 2568 per
432 2484 613 2569 ingressum
637 2486 670 2550 in
694 2484 898 2570 Religionem
921 2484 1131 2571 approbatam
1158 2504 1230 2548 cum
1255 2485 1338 2550 votis
1417 2564 1419 2568 .

156 2606 365 2675 solemnibus.

248 2733 323 2799 241.
349 2733 414 2799 Per
437 2732 635 2817 subsequens
651 2733 888 2799 matrimonium
905 2733 1029 2798 tollitur
1050 2733 1257 2818 illegitimitas
1280 2753 1335 2798 na-

155 2859 268 2926 talium
291 2857 459 2924 dummodo
490 2864 599 2924 tamen
632 2859 717 2925 inter
740 2865 893 2946 parentes
924 2864 1069 2945 tempore
1099 2859 1334 2942 conceptionis,

155 2983 211 3049 vel
233 2984 429 3070 gestationis
451 2984 504 3050 vel
528 2984 641 3051 saltem
664 2985 850 3050 nativitatis
872 2983 943 3070 filii,
968 2986 1205 3051 matrimonium
1230 2987 1335 3050 consi-

155 3113 244 3174 stere
260 3110 412 3195 potuerit.
426 3110 513 3175 Talia
527 3110 611 3174 enim
626 3109 816 3194 legitimatio
829 3109 976 3194 procedit
992 3129 1033 3174 ex
1045 3107 1174 3175 fictione
1190 3109 1334 3184 iuridica,

155 3230 241 3296 unde
265 3228 398 3298 effectus
421 3233 524 3298 secuti
548 3233 744 3330 matrimonii
761 3231 995 3297 retrotrahitur
1018 3231 1057 3296 ad
1082 3237 1207 3317 tempus
1223 3253 1337 3300 conce·

155 3357 272 3442 ptionis
295 3356 349 3421 vel
371 3358 560 3444 gestationis
574 3358 627 3422 vel
649 3354 705 3423 fllii
729 3357 923 3432 nativitatis;
949 3359 1104 3441 quocirca
1127 3363 1280 3424 censetur
1301 3359 1336 3424 in

155 3481 263 3548 valido
293 3483 495 3548 matrimonio
526 3483 636 3569 genita
657 3502 697 3547 ac
720 3481 855 3568 proinde
886 3483 1040 3568 legitima.
1066 3483 1111 3550 At
1132 3483 1215 3550 haec
1245 3480 1334 3550 fletio

156 3626 221 3672 non
244 3614 294 3673 est
316 3607 474 3693 possibilis
497 3609 523 3673 si
547 3607 635 3672 nullo
660 3608 860 3692 intempore
883 3628 903 3672 a
926 3609 1136 3692 conceptione
1160 3607 1200 3672 ad
1223 3609 1335 3674 nativi-

155 3736 254 3798 tatem
277 3731 418 3798 validum
441 3734 619 3798 consistere
642 3733 797 3818 potuisset
812 3733 1052 3812 matrimonium
1075 3733 1115 3798 ob
1138 3731 1266 3816 aliquod
1288 3733 1347 3797 in·'

155 3841 328 3923 tercedens
357 3855 512 3922 dirimens
541 3855 821 3942 impedimentum
852 3875 895 3921 ex
924 3874 999 3940 cap.
1025 3859 1043 3922 1
1067 3861 1099 3923 et
1122 3857 1154 3932 6,
1181 3856 1244 3930 Qui
1272 3857 1335 3942 filii

153 3987 234 4050 sunt
261 3982 410 4070 legitimi,
433 3983 475 4064 X,
501 3981 573 4066 (IV,
600 3981 663 4070 17).

243 4107 320 4176 242.
346 4109 522 4184 Quaeritur
544 4129 586 4174 an
609 4113 762 4196 parentes
785 4111 839 4193 qui
854 4107 1021 4175 naturales
1037 4105 1119 4174 filios
1141 4108 1205 4172 iam
1228 4126 1334 4174 since

153 4241 275 4321 parunt
298 4254 341 4300 ex
364 4235 545 4299 incestuoso
561 4235 657 4315 coitu,
674 4234 910 4299 matrimonium
934 4232 1009 4297 dein
1025 4234 1088 4298 rite
1104 4231 1333 4298 contrahentes

153 4379 197 4426 ex
220 4358 458 4444 dispensatione
480 4357 590 4424 habita
612 4378 710 4443 super
737 4356 964 4444 impedimento
987 4355 1169 4432 dirimente,
1197 4356 1331 4442 prolem,

153 4488 229 4550 ante
248 4482 425 4569 legitimam
441 4481 601 4556 unionem,
619 4487 799 4568 susceptam
817 4481 953 4550 reddant
975 4482 1161 4567 legitimam,
1178 4481 1211 4546 vi
1233 4481 1333 4567 ipsius
