3296 5108
543 365 586 408 nn
611 363 763 410 nunionis
788 365 829 408 er
846 363 964 410 posius
1279 343 1343 408 367

170 495 280 554 certae
298 489 429 574 regulae
446 509 504 572 pro
521 487 752 574 distinguendis
763 488 920 571 propriis
942 487 982 552 ab
1000 488 1200 570 impropriis
1218 489 1344 572 irregu-

169 612 359 678 lenitatibus.

258 739 334 802 279.
360 739 489 803 Revera
512 737 842 823 irregularitatibusa
861 739 931 801 iure
946 739 1081 821 positivo
1101 755 1255 821 expresse
1272 756 1344 800 eon-

168 863 286 929 stitutis
302 862 504 927 accensenda
526 883 590 926 nun
606 867 682 926 sunt
696 881 734 926 ea
750 861 977 946 impedimenta
995 881 1076 945 quae
1092 880 1134 926 en
1150 862 1220 924 inre
1236 859 1344 924 divino

169 989 221 1052 vel
237 989 376 1054 naturali
389 989 511 1072 aliquos
524 989 696 1074 prohibent
707 1009 727 1054 a
738 1009 833 1053 sacro
848 988 1037 1052 ministerio.
1053 988 1101 1052 lta
1112 987 1253 1051 foemina
1269 987 1344 1050 iure

168 1113 295 1194 diuino,
320 1134 435 1178 caecus
453 1133 530 1178 veno
555 1115 606 1178 vel
630 1133 751 1193 amens,
772 1113 918 1198 publicus
941 1113 1133 1178 criminosus
1157 1110 1343 1176 inemenda-

170 1237 240 1302 bilis
263 1239 334 1302 iure
365 1239 433 1324 ipsc
464 1240 602 1304 naturali
634 1245 792 1303 arcentur
821 1257 841 1301 a
866 1238 1045 1302 ministerio
1072 1235 1274 1301 sacerdotali.
1300 1239 1344 1300 At

168 1364 254 1427 inter
276 1363 420 1429 absolute
444 1366 595 1449 ineptum,
621 1364 719 1428 veluti
743 1362 888 1428 absolute
911 1383 1044 1428 coecum
1068 1367 1101 1427 et
1123 1363 1267 1447 perfecte
1291 1382 1340 1426 sa-

167 1506 243 1551 num
271 1487 387 1552 adsunt
417 1489 640 1573 quamplurimi
673 1487 792 1572 gradus
823 1479 1017 1552 infirmitatis
1041 1487 1093 1552 vel
1116 1486 1340 1558 deformitatis,

165 1631 232 1674 non
255 1632 349 1677 secus
371 1633 410 1676 ac
433 1615 518 1678 inter
540 1613 685 1678 absolute
718 1611 887 1696 pulchrum
916 1618 948 1678 et
973 1611 1117 1676 absolute
1141 1611 1295 1676 defurme.
1323 1648 1340 1660 -

167 1737 316 1832 lamvenu
332 1739 499 1824 provincia
515 1739 593 1802 iuris
612 1739 735 1822 positivi
752 1739 784 1801 in
801 1737 1093 1822 irregularitatibus
1113 1737 1342 1802 constituendis

165 1863 248 1928 haec
271 1869 329 1936 est,
356 1869 389 1929 ut
413 1863 457 1926 illi
482 1865 534 1947 qni
558 1864 665 1947 eliqua
695 1863 868 1929 foedantur
891 1863 1053 1947 corporali
1082 1861 1266 1927 infirmitate
1289 1861 1341 1927 vel

165 1987 328 2054 debilitate
351 1987 565 2053 excludantur
592 2008 612 2052 a
639 1991 816 2054 ministerio
847 2009 951 2059 sacro,
983 1995 1149 2071 quatenns,
1174 1989 1216 2052 nti
1247 1992 1342 2052 cavet

165 2119 261 2198 ceput
290 2111 312 2177 2
336 2112 385 2178 De
409 2113 527 2180 clerico
558 2119 685 2200 oeprot
710 2115 744 2178 X
766 2111 839 2198 (ΙΙΙ,
864 2113 897 2200 6)
924 2132 941 2176 s
965 2134 1028 2179 nec
1054 2133 1170 2179 secure
1198 2119 1341 2196 propter

164 2237 368 2303 debilitatem
391 2239 546 2304 neoniae
568 2240 731 2306 scandalo
752 2245 896 2322 propter
919 2240 1170 2322 deformitatem
1197 2239 1340 2304 meineri

164 2361 227 2428 hoo
249 2363 324 2448 fieri
343 2382 444 2446 posse
467 2364 668 2449 confidimus
684 2387 714 2427 ».

253 2487 329 2552 280.
362 2485 427 2552 Pro
458 2489 562 2552 veteri
595 2489 681 2573 Lege
711 2489 793 2553 haec
829 2489 1053 2574 impedimenta
1085 2489 1276 2554 iubebantur
1308 2491 1338 2554 in

164 2611 241 2674 Lev.
266 2609 337 2677 Lib.
357 2613 409 2688 21,
435 2632 462 2678 c.
488 2613 530 2676 16
544 2632 594 2697 sq.
612 2651 627 2660 -
650 2613 688 2678 In
713 2614 860 2678 Ecclesia
883 2613 1068 2686 christiana,
1094 2616 1233 2698 quinque
1258 2615 1339 2698 priu-

164 2736 252 2802 ribus
276 2739 423 2819 saeculis
441 2741 515 2822 quia
538 2739 593 2802 lex
612 2745 705 2804 vetus
728 2727 973 2804 coeremo'nialis
990 2759 1048 2824 per
1064 2739 1184 2806 Christi
1201 2746 1338 2804 multem

163 2868 320 2928 evacuata
343 2871 400 2943 est,
425 2864 607 2949 praevaluit
629 2865 798 2950 disciplina
821 2885 838 2928 e
864 2864 1019 2930 diametro
1043 2863 1189 2938 adversa,
1212 2885 1337 2951 nempe,

162 3009 227 3052 non
251 3007 434 3070 corporum
458 2989 539 3055 citio
562 2991 622 3054 sed
636 2990 835 3076 relipionem
859 2997 890 3055 et
912 2991 1017 3055 vitum
1037 2991 1260 3074 contemptori
1279 2991 1337 3072 (l).

162 3112 224 3178 Sed
249 3113 333 3179 haud
358 3113 447 3179 credi
477 3121 591 3199 potest,
619 3114 780 3200 prioribus
810 3116 960 3200 quicque
990 3116 1127 3182 saeculis
1151 3135 1170 3180 a
1201 3117 1337 3181 servitio

161 3239 274 3303 altaris
298 3259 353 3304 eos
380 3239 581 3324 prohibuisse
612 3239 779 3306 dumtaxat
802 3242 986 3326 Episcopus,
1011 3262 1089 3326 qnos
1120 3245 1168 3307 ins
1195 3241 1337 3309 divinum

160 3367 216 3428 aut
240 3363 396 3428 naturalis
415 3365 599 3449 impotentia
618 3365 795 3450 repellebat
818 3373 850 3430 et
874 3367 957 3450 ipsos
974 3353 1094 3431 nullam
1112 3367 1261 3433 habuisse
1285 3389 1336 3433 ra-

161 3489 280 3554 tionem
310 3490 487 3555 honestatis
511 3497 544 3556 et
567 3491 693 3557 decoris
720 3494 805 3557 sacri
836 3493 1014 3557 ministerii.
1042 3529 1056 3538 -
1085 3495 1133 3558 Re
1156 3514 1234 3558 sane
1258 3515 1338 3558 vera

160 3631 189 3674 a.
207 3611 272 3675 449
287 3613 434 3678 Gelasius
452 3614 540 3699 Papa
553 3616 584 3676 in
598 3615 742 3700 Epistola
758 3617 874 3700 partim
892 3616 994 3682 relata
1010 3617 1043 3680 in
1060 3637 1134 3683 oon.
1152 3619 1178 3698 1,
1195 3618 1270 3683 dist.
1288 3617 1337 3682 36

160 3737 193 3799 in
217 3727 344 3802 Decret.
370 3739 515 3802 Gratiani
540 3738 636 3804 edicit
658 3741 787 3824 quinam
815 3760 958 3824 corpore
983 3741 1091 3806 vitiati
1112 3748 1146 3807 et
1167 3743 1335 3808 nonnulla

156 3866 258 3944 porte
273 3861 427 3944 corporis
442 3863 613 3930 imminuti
628 3865 668 3928 ad
685 3866 939 3932 ecclesiasticum
960 3866 1125 3931 servitium
1142 3868 1255 3932 venire
1271 3887 1335 3932 uon
1397 3905 1402 3914 ·

159 3985 304 4052 debeant.
323 3987 448 4052 Verum
465 4009 528 4052 non
545 3989 681 4056 intendit
698 3991 849 4055 Pontifex
870 4011 986 4055 novum
1003 3991 1142 4057 condere
1158 3993 1263 4078 legem
1279 3994 1335 4060 sed

159 4111 310 4196 probatos
334 4132 440 4177 mores
463 4115 547 4179 tueri
571 4121 603 4180 et
625 4121 797 4198 receptum
824 4115 1023 4202 disciplinam
1055 4117 1229 4182 inculcare.
1257 4120 1335 4186 Post

249 4289 287 4357 (l)
307 4287 383 4342 Haec
402 4289 548 4359 discipline
567 4293 686 4346 refertur
704 4293 733 4346 ill
752 4293 847 4347 Consi.
868 4295 963 4364 Apost.
984 4295 1029 4346 lib.
1051 4295 1096 4358 VI,
1117 4313 1179 4364 eop.
1194 4297 1243 4360 23,
1263 4296 1334 4365 apud

160 4393 245 4460 l'iira,
266 4393 314 4448 lus
334 4397 432 4451 eccles.
453 4397 552 4451 Graec.
571 4399 631 4451 hist.
653 4409 678 4452 et
695 4417 817 4453 monum.
837 4410 889 4454 cet.
909 4411 971 4453 tom.
990 4401 1010 4466 1,
1021 4419 1085 4472 pap.
1106 4403 1179 4455 335.
1199 4403 1240 4456 Cf.
1259 4403 1332 4456 Tho·

158 4501 281 4556 maeinue
300 4503 333 4556 11
351 4504 397 4558 tio.
418 4505 441 4570 1,
460 4522 482 4559 c.
506 4506 556 4570 78,
574 4523 604 4561 η.
624 4509 639 4560 1
657 4524 706 4578 squ
725 4507 850 4578 Philipps
869 4527 911 4580 op.
932 4511 974 4563 cit.
994 4520 1058 4564 tom.
1073 4510 1096 4575 1,
1115 4513 1166 4575 §4
1172 4512 1190 4563 7
1203 4529 1242 4583 sq.
