3290 5100
313 298 382 364 486
838 319 923 366 rens
946 319 969 365 1.

314 441 475 515 deveniat.
491 444 545 508 vel
565 443 679 529 deponi
703 443 787 529 apud
811 463 883 508 eum
906 444 961 527 qni
978 442 1139 508 retinendi
1156 441 1275 506 habeat
1294 441 1497 519 facultatem,

313 566 367 632 vel
392 567 506 632 saltem
522 565 607 632 tradi
622 566 663 632 ad
678 587 792 634 manus
807 568 992 653 Superioris
1007 567 1124 633 eccles.
1142 564 1248 630 Porro
1273 568 1305 630 in
1324 565 1386 631 hac
1410 583 1499 628 nova

315 694 423 760 Const
447 713 514 758 non
535 693 664 758 iubetur
686 699 723 758 nt
744 695 837 779 praui
860 693 935 758 libri
958 692 1131 758 tradantur
1145 692 1293 756 locorum
1309 689 1499 757 ordinariis
1630 723 1631 736 2

315 817 369 882 vel
392 817 648 902 Inquisitoribus,
671 821 778 904 prouti
804 825 903 884 antea
929 817 1200 904 praecipiebatur.
1225 816 1335 892 Quare
1360 817 1500 899 quisque
1630 809 1631 812 ’

315 947 408 1008 actus
423 943 590 1009 ordinatus
608 945 661 1008 vel
684 941 726 1008 ad
749 945 984 1030 impediendam
1007 943 1260 1009 destructionem
1282 941 1358 1006 libri
1376 941 1431 1005 uel
1454 939 1498 1004 ad
1630 939 1631 994 l

316 1066 490 1134 fovendam
520 1070 588 1134 eius
619 1067 881 1156 divulgationem,
905 1075 956 1135 est
981 1075 1073 1134 actus
1099 1068 1297 1134 detensionis
1327 1067 1498 1152 physicae.
1630 1103 1631 1108 κ

405 1193 550 1275 Denique
572 1192 612 1256 ad
637 1193 866 1258 incurrendam
889 1213 1061 1258 censuram
1085 1211 1198 1257 omnes
1225 1197 1317 1256 actus
1340 1189 1498 1276 prohibiti

315 1312 435 1380 debent
457 1316 533 1400 poni
555 1315 708 1391 scienter.
732 1336 886 1382 seucum
917 1315 1012 1400 plena
1043 1317 1228 1400 cognitione
1259 1313 1499 1398 reprobationis

316 1438 490 1505 Ecclesiae
507 1449 539 1505 et
554 1440 736 1524 prohibitae
751 1441 989 1525 cooperationis
1005 1441 1037 1505 in
1054 1461 1123 1505 rem
1140 1441 1180 1506 ab
1197 1441 1346 1506 Ecclesia
1361 1439 1499 1504 damna-

316 1569 391 1630 tam.
417 1565 526 1638 Quare
557 1571 692 1630 excusat
722 1563 841 1630 nedum
869 1565 1055 1648 ignorantia
1082 1565 1200 1631 crassa
1227 1571 1261 1630 et
1281 1564 1410 1648 supina
1439 1565 1498 1630 sed
1630 1651 1631 1656 ἵ

315 1693 412 1759 etiam
436 1691 601 1774 affectata.
626 1691 675 1758 Cf.
700 1711 798 1776 supra
821 1712 852 1756 n.
877 1691 932 1773 32,
955 1693 977 1774 ἓ
999 1693 1031 1756 3.

407 1816 498 1881 Haec
527 1815 667 1880 conditio
698 1815 872 1882 absolutae
900 1815 1061 1882 scientiae
1083 1815 1125 1878 ad
1148 1834 1320 1880 censuram
1348 1816 1503 1879 commit·
1630 1789 1631 1836 l

315 1939 446 2005 tendam
462 1936 591 2005 uidetur
608 1937 805 2023 respondere
820 1936 998 2004 difficultati
1012 1957 1106 2022 quam
1123 1942 1232 2004 movet
1244 1937 1497 2004 Vermeerscbs.
1630 1929 1631 2012 ἶ

312 2081 349 2146 p.
362 2061 439 2136 108,
453 2061 630 2128 observans
641 2061 885 2145 imprimentes,
899 2061 1003 2145 quoad
1019 2055 1168 2128 effectum
1181 2080 1316 2146 poenae,
1330 2060 1502 2127 habendos
1630 2079 1631 2144 p

316 2205 389 2252 esse
419 2191 542 2251 tantum
573 2187 626 2269 qui
657 2205 785 2268 «opus
815 2185 1085 2270 imprimendum
1114 2185 1273 2268 suscipit:
1305 2204 1500 2253 ruraassou

316 2333 439 2398 nempe
462 2331 563 2400 quem
585 2313 707 2400 gallice
730 2313 875 2397 proprie
898 2315 1114 2397 appellamus
1139 2349 1158 2362 ·
1175 2311 1414 2396 t’lmpm'meur
1430 2351 1448 2362 -
1465 2337 1499 2378 s.

318 2439 383 2505 Alii
405 2439 491 2503 enim
515 2435 646 2524 opifices
676 2439 730 2522 qui
760 2439 812 2504 vel
839 2437 1002 2521 praeiens
1030 2437 1235 2523 impressioni
1265 2443 1498 2523 cooperantur,

316 2565 489 2630 aestimare
506 2584 569 2629 non
585 2568 720 2650 possunt
734 2564 879 2629 criminis
894 2563 1099 2648 gravitatem.
1114 2599 1133 2611 -
1151 2563 1194 2628 Et
1210 2563 1272 2628 hoc
1286 2582 1367 2628 saue
1381 2582 1498 2628 verum

316 2692 382 2764 est;
407 2687 462 2753 sed
486 2688 554 2772 ipso
574 2687 756 2774 Legislator
778 2688 922 2752 occurrit
937 2685 1127 2768 difficultati,
1145 2687 1258 2753 iubens
1274 2708 1411 2772 poenam
1430 2709 1497 2755 non

316 2811 544 2878 commissuros
575 2829 645 2875 esse
675 2810 737 2874 nisi
761 2809 833 2875 illos
855 2810 909 2894 qui
933 2811 994 2908 ista
1017 2813 1124 2876 omnia
1147 2817 1315 2896 praestant
1340 2813 1498 2880 scienter.

410 2935 589 3002 Comeetor
617 2934 773 3000 librorum
806 2934 1092 3020 imprimendorum
1116 2955 1181 3000 non
1204 2941 1401 3022 cooperatur
1423 2956 1499 3021 pro·

316 3062 405 3128 xime
427 3061 654 3145 impressioni,
671 3060 728 3126 sed
751 3081 921 3127 censuram
938 3062 1085 3128 incurret
1108 3082 1171 3146 qua
1190 3063 1303 3144 tector,
1324 3063 1500 3130 dummodo

316 3191 425 3250 tamen
447 3183 574 3269 absque
589 3185 683 3269 gravi
698 3184 899 3250 incommodo
922 3183 963 3248 ab
985 3183 1165 3250 huiusmodi
1182 3205 1317 3251 munere
1332 3185 1501 3252 abstinere

317 3315 435 3397 posset.

409 3437 502 3502 Hanc
526 3435 889 3502 excommunicationem
913 3455 991 3500 vero
1015 3436 1187 3501 incurrunt
1209 3436 1358 3521 legentes
1382 3436 1499 3510 libros,

316 3581 397 3648 ergo
421 3581 485 3625 uon
510 3560 751 3646 ephemerides;
775 3561 947 3625 incurrunt
969 3580 1048 3625 uero
1072 3561 1218 3646 legentes
1246 3559 1372 3626 libellos
1394 3561 1501 3647 perio
1630 3553 1631 3578 *

317 3685 406 3752 dicos
429 3687 482 3769 qni
506 3685 544 3751 ia
558 3703 666 3751 unum
682 3684 788 3770 ligati,
805 3685 905 3749 veluti
922 3685 1040 3750 librum
1061 3687 1278 3761 constituunt3
1301 3683 1359 3769 (ex
1374 3683 1502 3752 decret

318 3806 745 3894 Sffifflmssffl

408 3934 496 4000 Libri
520 3932 767 4000 baereticorum
782 3937 814 3997 et
829 3937 1066 4014 apostatarum
1089 3929 1256 3997 tamesim
1266 3949 1503 4016 propugnan-

318 4063 365 4126 tes
388 4063 463 4125 sunt
485 4061 538 4143 qni
565 4063 745 4124 exarantur
776 4077 839 4121 non
863 4055 903 4120 ab
927 4033 1109 4120 infidelibus
1138 4058 1194 4119 aut
1218 4052 1354 4117 amalis
1385 4051 1501 4117 autho

316 4185 389 4251 licis
404 4181 461 4249 sed
475 4180 517 4246 ab
533 4183 608 4267 ipsis
628 4180 801 4244 haereticis
825 4183 857 4244 et
878 4181 1041 4264 apostatis,
1059 4178 1139 4244 adeo
1156 4185 1191 4244 ut
1206 4179 1233 4243 si
1249 4175 1504 4243 conscribantur

318 4329 339 4376 a
361 4305 618 4387 medenatense
639 4302 832 4388 fautoribus
854 4301 1095 4371 haereticorum
1114 4305 1272 4369 immunes
1294 4303 1360 4368 siut
1378 4300 1420 4366 ab
1436 4301 1502 4366 hac

318 4453 431 4521 poena
