3306 5102
310 309 380 378 352
839 331 921 378 rsus
948 331 969 376 1.

310 471 401 520 caus.
417 455 444 528 1,
470 473 501 538 q.
520 453 542 518 7
565 453 618 519 ubi
643 457 786 520 refertur
809 454 945 539 epistola
968 455 998 520 S.
1018 455 1133 520 Leonis
1150 455 1194 520 M.
1212 453 1397 519 haereticos
1419 474 1491 540 pro

309 579 449 646 hibentis
472 580 512 645 ab
536 580 700 646 ordinibus
719 581 943 666 suscipiendis;
968 586 1000 646 et
1023 581 1250 664 dispensative
1273 582 1492 666 permittentis

311 711 532 790 susceptorum
564 707 764 772 exercitium.
797 707 977 774 Praeterea
1007 706 1123 772 recolit
1154 705 1232 770 duas
1263 707 1492 792 responsiones

311 830 342 896 S.
360 830 475 899 Officii.
493 833 628 897 alteram
652 831 992 900 catalaunensem
1014 835 1059 898 ita
1081 851 1269 917 expressam
1295 831 1353 895 suh
1376 830 1489 896 dubio:

313 984 329 1015 t
348 955 405 1022 An
420 959 553 1022 alumni
568 958 787 1044 coltepiarum
800 959 1048 1044 pontificalium
1060 959 1120 1043 qui
1136 959 1187 1023 uel
1203 957 1246 1024 ab
1263 957 1396 1022 haeresi
1410 963 1493 1022 sunl

310 1081 464 1148 conuersi
486 1083 537 1147 ael
559 1086 639 1148 sunt
666 1082 912 1148 haereticarum
938 1082 1001 1167 filii
1024 1087 1056 1148 et
1078 1082 1153 1148 ideo
1179 1082 1390 1167 irrepulares
1419 1099 1490 1164 qua

310 1205 564 1292 irreputarilate
579 1203 707 1291 (quoad
731 1205 912 1293 appareat)
931 1227 1000 1274 non
1015 1207 1148 1273 sublata
1164 1207 1212 1270 ad
1227 1206 1365 1271 ordines
1386 1206 1489 1271 eliam

310 1349 427 1397 sacros
438 1332 589 1414 promati
603 1331 745 1414 fuerunt
768 1339 798 1399 el
817 1337 1073 1418 promoventur,
1090 1353 1175 1397 uum
1190 1331 1255 1396 rite
1277 1337 1309 1397 el
1327 1331 1492 1396 canonice

306 1458 459 1538 promoti
472 1457 604 1540 fuerint
618 1465 648 1524 el
668 1465 939 1543 promoveantur
954 1478 1000 1524 an
1015 1477 1095 1524 vero
1111 1457 1321 1543 indipaerint
1346 1462 1377 1521 et
1399 1455 1489 1520 indi-

310 1584 412 1663 peant
425 1580 674 1661 dispensatione
685 1581 727 1647 ah
742 1581 996 1667 irrepularitate
1008 1581 1079 1646 iam
1093 1581 1183 1645 dicta
1197 1599 1214 1643 a
1229 1579 1281 1642 cui
1295 1580 1489 1662 rescriptum

310 1701 388 1768 luit:
416 1725 433 1764 t
450 1705 617 1771 Alumnos
627 1705 824 1788 praedictos
838 1705 1024 1792 indipaisse
1048 1711 1077 1770 el
1093 1705 1317 1786 inposterum
1334 1702 1492 1789 indipere

311 1825 561 1908 dispensatione
584 1829 698 1913 quoad
724 1829 941 1912 praedictam
967 1829 1278 1915 irrepularilatem;
1297 1827 1490 1909 petentibus

310 1969 390 2017 aera
414 1953 645 2018 relanandam
676 1954 962 2037 dispensationem
980 1974 1010 2029 »3
1034 1953 1171 2018 alteram
1203 1952 1339 2016 relatam
1362 1953 1397 2016 in
1420 1951 1491 2018 Gol-

310 2073 459 2140 lectanea
482 2075 512 2141 S.
538 2078 570 2141 O.
596 2076 636 2141 de
661 2078 756 2162 Prop.
783 2078 850 2143 Fid.
868 2078 975 2143 datam
998 2097 1018 2142 a
1042 2077 1073 2142 S.
1092 2075 1207 2144 Officio
1231 2075 1286 2141 die
1310 2075 1490 2141 taetan-

312 2199 381 2266 hris
404 2201 496 2268 1890
517 2204 561 2267 ita
583 2209 787 2288 conceptam:
816 2203 1047 2270 «Haereticos
1076 2201 1123 2266 ad
1150 2201 1252 2286 fidem
1287 2200 1489 2266 catholicam

311 2344 489 2392 conuersas
511 2345 553 2391 ac
574 2327 661 2410 filios
684 2327 930 2394 haereticoram
954 2329 1012 2411 qui
1028 2327 1065 2392 in
1081 2326 1213 2393 lauert
1231 2325 1420 2409 persistunt
1435 2325 1490 2389 vel

311 2449 438 2516 marl-ui
460 2456 547 2522 sunt,
572 2453 618 2516 acl
643 2453 796 2536 primam
819 2457 850 2519 et
873 2453 1059 2519 secundum
1088 2453 1239 2538 pradum
1262 2468 1330 2534 per
1360 2449 1489 2514 lineam

306 2580 503 2658 palernam,
527 2596 593 2661 per
619 2583 812 2644 maternam
838 2599 918 2645 uero
948 2579 995 2644 ad
1020 2547 1178 2661 primum
1205 2577 1390 2641 dumtamal
1418 2593 1491 2640 esse

311 2692 520 2785 irreputares
535 2701 677 2786 ideaque
692 2703 940 2786 dispensatione
955 2705 1108 2790 insipere
1131 2707 1169 2766 ul
1195 2701 1242 2765 acl
1263 2705 1442 2765 icaunam
1458 2703 1490 2764 et

312 2825 449 2890 ordines
471 2834 771 2907 promoveantur»
791 2828 845 2916 (l).
873 2829 951 2896 Inde
967 2829 1093 2894 deducit
1116 2827 1156 2892 ol.
1174 2827 1307 2898 Auctor,
1326 2825 1389 2888 hac
1405 2825 1487 2888 irre·

312 2949 485 3034 gularitate
507 2949 601 3032 affici,
622 2971 666 3018 ea
690 2953 808 3020 delicta
831 2954 987 3034 haeresis,
1011 2953 1196 3018 haereticos
1218 2951 1277 3035 qui
1303 2949 1490 3014 damnatae

311 3079 419 3139 seclae
449 3079 524 3138 sunt
554 3076 705 3162 adscripti
729 3079 797 3143 sive
821 3098 840 3142 a
864 3081 1030 3144 nativitate
1059 3079 1127 3143 sive
1152 3098 1193 3142 ex
1217 3075 1350 3161 propria
1382 3074 1489 3159 culpa,

312 3198 372 3263 etsi
394 3200 490 3264 nulla
512 3201 633 3268 iudicis
655 3205 819 3270 sententia
839 3205 1080 3301 intervenerit3
1104 3204 1209 3268 ethis
1232 3205 1387 3266 accenset
1410 3201 1491 3264 alios

311 3322 371 3406 qui
389 3341 456 3404 per
478 3323 600 3392 iudicis
622 3329 821 3392 sententiam
839 3329 1069 3410 personaliter
1095 3327 1251 3392 damnati
1280 3325 1426 3407 suerum
1449 3323 1489 3388 de

311 3449 449 3522 haeresi,
474 3451 655 3534 schismate,
680 3457 838 3539 apostasia
861 3455 922 3521 etsi
944 3455 991 3520 ad
1013 3455 1167 3539 aliquam
1190 3453 1263 3518 iam
1286 3451 1486 3546 emistentem

311 3579 437 3640 sectam
461 3575 673 3650 haereticam,
698 3578 947 3644 schismaticam
977 3580 1029 3644 vel
1060 3579 1107 3644 ad
1134 3577 1302 3643 ethnicam
1333 3575 1488 3659 aliquam

311 3699 583 3781 superstitionem
605 3719 675 3767 noa
699 3703 905 3768 transierint.
932 3737 949 3752 -
975 3704 1065 3768 Alios
1088 3707 1194 3769 autem
1225 3700 1412 3766 haereticos
1435 3717 1488 3763 ax·

312 3828 422 3888 ternos
452 3827 512 3890 sed
542 3847 612 3892 nan
639 3829 819 3896 damnatos
849 3849 912 3894 nec
937 3829 1169 3911 personaliter
1197 3845 1259 3893 nec
1281 3824 1489 3908 inproprie

311 3953 401 4014 secta
423 3951 491 4015 sive
514 3952 658 4017 occultos
674 3955 742 4017 sive
765 3953 908 4038 publicos
923 3961 1015 4040 putat
1030 3975 1094 4019 non
1110 3973 1181 4018 esse
1201 3950 1404 4037 irregulares
1429 3947 1486 4011 nisi

401 4143 440 4214 (l)
461 4143 486 4196 S.
507 4145 591 4216 Cong.
606 4147 631 4200 S.
646 4147 695 4200 Off.
715 4149 815 4202 iterum
835 4150 1010 4204 confirmavit
1023 4148 1095 4202 hanc
1115 4147 1321 4218 responsionem
1334 4146 1381 4199 die
1401 4143 1490 4197 ere-

313 4265 522 4320 hruarii18tt8.
543 4262 704 4317 Huiusmodi
724 4260 914 4332 quaestionem
932 4259 983 4311 snb
1003 4260 1130 4325 respectu
1144 4251 1363 4322 irregularitatis
1376 4247 1487 4304 diremit

313 4401 423 4456 quoque
436 4383 461 4437 S.
476 4383 561 4450 Cong.
574 4376 691 4431 Consilii
705 4375 734 4427 in
747 4373 873 4426 Romana
888 4367 956 4425 1718
975 4368 1020 4422 die
1039 4367 1075 4418 21
1093 4365 1172 4420 Maii.
1188 4359 1257 4414 Vide
1275 4357 1349 4429 apud
1364 4354 1487 4418 Richter,

314 4492 387 4546 Edit.
410 4490 490 4548 Cana.
515 4488 601 4554 Tria,
621 4504 646 4556 p.
668 4485 726 4539 lOl.
