3290 5100
558 283 601 330 on
626 282 781 330 nenrcrrs
804 283 846 329 er
872 283 990 330 rossus
1298 264 1360 328 471

182 404 306 471 Indicis
324 410 358 473 et
372 423 415 470 ex
430 405 503 469 aliis
520 404 661 470 decretis
684 405 858 488 antiquitus
874 402 1101 470 attendebatur
1116 401 1206 470 locus
1224 403 1364 488 impres·

183 527 291 595 monis
303 525 357 614 (cf.
371 548 470 613 supra
485 548 517 593 n.
530 527 608 614 389)
624 527 730 603 hodie,
744 528 784 593 ob
800 533 940 592 mutatos
955 547 1072 609 mores,
1085 525 1262 596 attenditur
1273 526 1364 592 locus

181 653 241 718 ubi
256 653 368 720 editur
383 673 440 720 seu
456 655 490 718 in
511 653 626 740 vulgus
641 655 806 739 spargitur
821 652 912 718 liber.
931 651 1122 718 Huiusmodi
1140 651 1242 721 editio
1266 653 1363 718 etiem

181 777 327 865 pluribus
352 780 385 844 in
407 779 487 846 locis
506 778 614 844 locum
637 777 759 844 habere
782 784 895 864 potest,
921 783 1034 864 utputa
1058 778 1189 852 Romae,
1215 777 1363 842 Lutetiae

184 905 395 976 Parisiorum,
412 905 574 980 Berolini;
592 909 624 970 et
638 910 717 971 tuna
733 903 850 970 sufficit
867 905 960 970 unius
973 903 1139 971 Ordinerii
1162 902 1361 989 approbatio,

182 1047 266 1112 quae
297 1034 406 1094 tamen
436 1049 502 1094 non
532 1029 664 1115 impedit
695 1030 864 1114 quominus
887 1029 971 1094 alter
1001 1027 1195 1094 Ordinarius
1225 1026 1364 1113 deneget

180 1151 455 1238 approbationem.
481 1153 528 1218 ol.
554 1153 751 1226 Pennacchi‚
772 1172 808 1236 p.
831 1152 909 1218 214.

271 1277 346 1342 399.
371 1278 458 1344 Aer.
483 1276 544 1344 36:
572 1261 803 1364 e'llepularea
827 1283 969 1362 praeter
991 1277 1153 1361 Episcopi
1180 1275 1361 1352 licentiam,

179 1403 401 1470 meminerint
423 1403 530 1470 teneri
552 1422 596 1478 se,
621 1401 655 1469 S.
683 1403 825 1471 Concitii
854 1403 1044 1470 Tridentini
1071 1403 1215 1477 decreto,
1248 1401 1361 1484 operis

179 1528 218 1593 ia
241 1529 350 1595 iucem
367 1529 491 1595 edendi
509 1527 710 1611 facultatem
725 1549 748 1596 a
762 1529 925 1596 Haelolo
943 1527 997 1595 cui
1012 1527 1187 1594 subiaceat
1201 1525 1360 1594 obtinere.

187 1653 337 1739 Utraque
354 1659 468 1720 autem
485 1653 653 1720 concessio
669 1653 706 1720 in
717 1655 891 1738 principio
908 1659 966 1720 aut
981 1654 1018 1718 ia
1034 1655 1101 1740 fiae
1116 1651 1228 1737 opert'a
1243 1652 1362 1735 impii-

179 1785 297 1844 matur
312 1799 343 1842 s.

269 1904 346 1970 400.
372 1903 488 1969 lisdem
505 1902 614 1968 verbis
633 1902 747 1987 quibus
763 1923 937 1988 expressus
960 1909 1009 1968 est
1031 1902 1085 1968 hic
1104 1891 1270 1974 articulis,
1288 1921 1362 1966 con-

180 2030 276 2113 cepta
298 2027 359 2092 fuit
382 2027 522 2092 Instrue.
546 2025 719 2092 Clementis
736 2026 819 2092 VIII
843 2026 988 2111 (Introd.
1005 2026 1055 2092 De
1069 2025 1224 2108 impreco.
1241 2021 1311 2111 lib.)
1328 2026 1361 2088 in

180 2167 244 2232 que
259 2149 434 2234 prohibitio
458 2148 544 2214 edita
566 2169 586 2214 a
609 2147 730 2216 Concil.
748 2149 835 2214 Trid.
852 2150 890 2215 in
908 2168 987 2216 sess.
1005 2147 1067 2222 IV,
1086 2183 1103 2196 ·
1121 2149 1158 2212 io
1174 2148 1301 2214 Decret.
1318 2147 1361 2212 de

179 2273 326 2340 editione
341 2277 372 2340 et
388 2293 454 2339 usu
470 2274 652 2342 Sacrorum
670 2275 851 2342 Lreaonuu
869 2310 886 2323 -
905 2279 1040 2340 extensa
1055 2271 1171 2338 suited
1187 2290 1360 2357 quoscum·

179 2415 246 2482 que
267 2397 372 2465 libros
391 2397 448 2485 (1).
467 2435 484 2448 -
503 2399 583 2465 Inde
606 2400 711 2466 oritur
733 2402 876 2483 quaestio
893 2419 934 2464 an
951 2398 1045 2464 hodie
1070 2396 1244 2482 prohibitio
1267 2416 1359 2462 essu·

179 2519 296 2585 menda
308 2521 352 2588 sit
365 2521 399 2585 in
414 2541 510 2588 sensu
521 2523 709 2589 universali
723 2522 800 2588 Inet.
814 2522 913 2588 Clem.
926 2523 1020 2594 VIII.
1033 2523 1087 2588 vel
1100 2523 1205 2608 potius
1218 2520 1251 2585 in
1264 2538 1359 2586 sensu

178 2652 311 2714 nostrae
334 2646 442 2715 Const.
464 2668 547 2732 quae
569 2649 742 2715 nonnullos
766 2655 898 2716 tactam
921 2649 1020 2715 libros
1043 2647 1193 2734 prohibet
1216 2647 1266 2712 edi
1290 2647 1360 2713 sine

180 2772 278 2836 venia
297 2771 491 2858 Superioris.
516 2771 563 2838 Ol.
582 2773 727 2839 Gennari
745 2792 782 2857 p.
801 2772 858 2849 77,
877 2778 910 2838 et
925 2772 1113 2838 Pennacchi
1132 2792 1169 2856 p.
1186 2772 1255 2838 215
1270 2775 1360 2838 auta-

267 3019 309 3088 (l)
327 3019 369 3075 En
388 3025 482 3076 textus
509 3019 607 3076 horum
629 3021 818 3078 Decretorum.
838 3022 868 3076 ln
888 3021 962 3076 Trid.
981 3022 1000 3076 l.
1019 3038 1043 3077 c.
1062 3023 1103 3075 ita
1121 3022 1268 3076 statuitur:
1287 3032 1305 3076 tt
1323 3020 1360 3074 Ilt

175 3125 199 3179 si
215 3125 371 3196 Regulares
389 3127 454 3194 sint,
476 3127 550 3182 ultra
569 3128 832 3184 examinationem...
847 3128 1009 3184 huiusmodi
1025 3129 1197 3199 (Ordinarii),
1216 3127 1359 3184 licentiam

174 3247 286 3302 quoque
304 3249 322 3286 e
340 3233 398 3288 suis
419 3233 615 3304 Superioribus
633 3235 784 3305 impetrare
802 3239 961 3304 teneantur,
975 3236 1127 3306 recognitis
1146 3253 1195 3306 per
1214 3251 1261 3290 eos
1278 3233 1359 3289 libris

175 3339 256 3394 iuxte
275 3343 393 3396 sormam
411 3360 524 3397 suarum
541 3343 782 3399 ordinationum...
802 3345 865 3414 Ipsa
882 3361 949 3400 vero
968 3344 1124 3400 huiusmodi
1137 3344 1274 3398 librorum
1293 3360 1358 3414 pro·

176 3447 254 3502 batio
272 3448 302 3502 in
322 3449 434 3520 scriptis
452 3449 547 3517 detur;
568 3455 652 3522 etque
672 3451 734 3507 ideo
753 3453 782 3506 in
801 3453 894 3507 fronte
913 3451 978 3506 libri
998 3452 1043 3508 vel
1062 3452 1159 3521 scripti
1172 3450 1217 3506 vel
1231 3450 1358 3520 impressi

175 3550 342 3608 authentice
360 3557 532 3623 appareat».
552 3553 682 3609 Clemens
702 3553 764 3609 Vlll
783 3557 877 3611 autem
896 3555 976 3611 nulla
992 3556 1069 3610 sacta
1087 3555 1228 3609 mentione
1247 3555 1282 3608 dc
1301 3553 1358 3608 edi·

175 3663 252 3715 tione
271 3669 298 3714 et
320 3675 374 3714 ueu
388 3661 540 3715 Sacrorum
553 3661 713 3728 Librorum,
727 3663 883 3732 generatim
901 3662 1035 3718 decrevit.
1048 3674 1066 3718 tt
1080 3662 1360 3746 Regularespraeter

176 3763 310 3834 Episcopi
330 3769 360 3818 et
378 3763 554 3836 Inquisitoris
567 3765 711 3822 licentiam
731 3767 775 3838 (de
794 3785 849 3839 que
861 3767 973 3838 Regula
984 3768 1093 3824 decime
1105 3768 1207 3822 dictum
1227 3767 1281 3834 est)
1299 3783 1359 3822 me·

175 3867 311 3922 minerint
330 3868 420 3922 teneri
439 3885 478 3936 se,
498 3868 524 3922 S.
540 3867 658 3924 Consilii
677 3869 750 3924 Trid.
765 3870 886 3938 decreto,
898 3872 990 3942 operis
1003 3872 1032 3925 in
1050 3872 1142 3926 lucem
1155 3870 1253 3926 edendi
1271 3869 1357 3925 facul·

174 3977 262 4028 tatem
286 3991 304 4027 a
324 3974 464 4042 Praelato,
483 3977 528 4030 cui
547 3976 702 4042 subiacent,
723 3978 859 4033 obtinere.
880 3977 1035 4050 Utramque
1061 3977 1268 4032 concessionem
1286 3993 1358 4048 quae

173 4083 318 4149 appareat,
338 4079 372 4134 ad
392 4081 559 4151 principium
579 4082 672 4152 operis
690 4081 812 4152 imprimi
831 4083 936 4138 facient
952 4099 976 4142 a.
991 4059 1197 4139 'Vermeerscbs
1216 4083 1234 4136 l.
1254 4100 1276 4138 c.
1296 4083 1357 4151 opi·

176 4189 263 4240 natur
280 4185 424 4241 decretum
437 4185 525 4242 Clem.
539 4187 602 4242 Vlll
616 4189 729 4244 omnino
741 4206 772 4244 se
785 4191 889 4245 referre
908 4190 942 4244 ed
951 4191 1128 4262 peculiarem
1142 4189 1358 4260 prohibitionem

175 4288 234 4344 iem
253 4289 357 4346 editam
375 4309 393 4346 a
411 4285 516 4348 Corlcil.
531 4292 618 4360 Trite
637 4299 668 4348 et
683 4294 801 4350 Genicot
821 4295 840 4348 l.
854 4313 876 4350 c.
891 4299 1026 4365 autumat,
1046 4295 1199 4352 Clementis
1217 4297 1359 4352 decretum

171 4395 318 4453 induxisse
335 4399 501 4469 pecoralem
520 4398 744 4470 prohibitionem.
