3306 5102
530 327 574 374 nn
597 328 752 375 nnmcms
776 327 819 375 nr
843 326 965 374 ronrus
1271 309 1339 376 335

153 448 254 515 tiaris
283 448 530 535 dispensationis
562 447 730 533 repetendi
761 453 836 514 sunt
865 467 885 512 a
915 453 1030 513 tenore
1062 450 1226 533 rescripti;
1252 449 1338 514 unde

154 571 310 638 eiusmodi
341 573 534 658 rescriptum
565 571 829 657 dispensationis
860 579 916 637 aut
948 570 1199 658 legitimationis
1229 569 1339 638 differt

151 715 174 760 a
197 696 437 783 legitimatione
460 717 520 783 per
540 695 749 782 subsequens
773 696 1046 763 matrimonium.

292 820 322 906 l)
346 821 425 887 Nam
444 821 641 907 subsequens
657 821 896 887 matrimonium
911 821 996 886 tollit
1010 820 1164 886 radicitus
1179 821 1336 886 natalium

153 945 422 1031 illegitimitatem,
439 947 519 1012 adeo
538 952 571 1012 ut
586 947 697 1012 taliter
711 947 908 1032 legitimatus
931 966 998 1010 non
1017 945 1153 1031 amplius
1176 945 1337 1011 habeatur

153 1074 201 1137 nti
217 1072 382 1158 illegitime
401 1078 510 1149 natus;
534 1071 608 1139 dum
632 1079 790 1138 econtra
813 1093 873 1159 per
896 1072 1174 1158 dispensationem,
1196 1073 1258 1138 nisi
1282 1091 1335 1137 ex·

152 1219 264 1282 presse
295 1197 381 1264 aliud
412 1197 615 1270 decernatur,
640 1204 788 1264 remanet
820 1198 1029 1284 tllegItimitas
1053 1203 1086 1262 et
1109 1197 1334 1283 irregularitas

151 1323 246 1386 ouius
268 1318 401 1388 effectus
416 1328 541 1388 tantum
563 1324 722 1389 tolluntur
745 1342 803 1387 seu
818 1321 1045 1408 dispensantur
1068 1321 1179 1386 autad
1194 1322 1334 1406 aliquem

150 1446 299 1512 ordinem
316 1447 367 1512 tel
391 1446 431 1512 ad
456 1467 567 1512 ornnes
591 1447 721 1512 ordines
745 1446 964 1533 suscipiendos
984 1452 1040 1512 aut
1061 1445 1102 1511 ad
1126 1444 1265 1512 officium
1281 1448 1335 1512 vel

151 1571 289 1658 gradum
324 1572 566 1658 assequendum.
598 1572 805 1659 Quapropter
839 1571 1036 1658 dispensatio
1070 1571 1251 1636 huiusmodi
1286 1576 1335 1638 est

148 1697 265 1762 stricte
300 1695 544 1782 interpretanda
574 1702 607 1762 et
637 1695 677 1760 de
708 1715 772 1760 uno
808 1715 885 1761 casu
919 1695 959 1760 ad
994 1695 1093 1760 alium
1129 1715 1193 1759 non
1229 1700 1335 1781 potest

151 1821 302 1896 extendi;
327 1841 387 1887 ceu
411 1821 548 1909 disponit
572 1821 677 1887 Bonis.
696 1822 791 1894 VIII,
815 1821 852 1887 in
876 1840 951 1904 cap.
972 1823 999 1901 1,
1025 1820 1055 1884 h.
1081 1825 1102 1886 t.
1126 1820 1164 1886 in
1188 1821 1219 1902 6,
1244 1821 1332 1886 aiens

150 1947 186 2010 in
222 1965 359 2031 corpore
393 1944 553 2011 secundae
581 1945 776 2031 paragraphi
781 1995 832 2010 .....
864 1966 881 2008 e
910 1963 1004 2028 quam
1035 1943 1331 2031 (dispensationem)

148 2070 391 2136 exorbitantem
414 2091 434 2134 a
456 2072 528 2138 iure
551 2077 678 2156 oportet
700 2071 800 2137 veluti
825 2069 965 2136 odiosam
990 2071 1190 2156 restringi».

286 2191 319 2278 2)
343 2195 405 2258 Ast
427 2193 516 2259 innui
533 2229 551 2240 -
566 2193 633 2260 nisi
656 2212 816 2276 supressa
840 2193 936 2258 atiud
960 2193 1175 2264 decernatur,
1199 2211 1283 2260 narn¹
1298 2192 1331 2254 io

147 2317 263 2401 aprico
279 2322 337 2392 est,
354 2316 519 2383 Summum
532 2315 720 2383 PontiIicem
738 2337 831 2402 posse
847 2315 1061 2401 dispensando
1078 2315 1210 2380 auferre
1226 2334 1333 2400 quam·

145 2458 288 2522 cumque
310 2439 561 2525 irregularitatis
574 2441 680 2506 labem
705 2460 769 2505 non
794 2459 887 2506 secus
911 2459 950 2506 ac
973 2459 1033 2525 per
1048 2438 1244 2522 subsequens
1267 2458 1332 2503 ma·

148 2565 346 2638 trimonium,
371 2566 488 2631 etheo
518 2585 577 2650 per
599 2565 795 2650 rescriptum
827 2563 1090 2651 legitimationis.
1116 2563 1158 2628 Et
1180 2565 1331 2649 princeps

146 2689 255 2754 civilis
278 2689 305 2754 si
329 2690 486 2758 concedat
508 2689 777 2776 dispensationem
794 2691 846 2756 vel
863 2689 1040 2755 absolutam
1055 2690 1330 2774 legitimationem,

148 2831 216 2877 non
240 2812 397 2886 concedit,
422 2814 482 2878 nisi
506 2814 610 2900 quoad
633 2810 766 2880 effectus
792 2814 912 2888 civiles,
937 2815 1069 2878 minime
1092 2833 1171 2878 vero
1195 2813 1234 2878 ad
1258 2809 1331 2878 effe·

147 2945 221 3006 ctus
245 2939 428 3026 spirituales
452 2947 484 3007 et
507 2941 761 3017 ecclesiasticos;
785 2945 817 3005 et
840 2941 969 3025 planum
994 2945 1051 3007 est.
1071 2942 1109 3005 ln
1132 2940 1330 3025 propositum

149 3063 193 3128 cf.
218 3062 509 3149 Schmalzgrueber
539 3063 613 3148 (IV,
637 3063 703 3149 17),
735 3085 769 3130 n.
797 3064 845 3130 92
871 3083 920 3149 sq.
954 3069 987 3130 et
1015 3084 1049 3129 n.
1074 3063 1145 3139 112,
1174 3063 1257 3138 113,
1276 3062 1330 3128 ubi

146 3187 317 3274 distinguit
339 3193 371 3254 et
394 3188 510 3274 probat
532 3185 666 3255 effectus
697 3189 809 3256 civiles
832 3195 863 3256 et
886 3189 1123 3256 ecclesiasticos
1154 3189 1328 3273 despensa-

147 3311 250 3378 tionis
273 3319 305 3379 et
327 3313 591 3398 legitimationis.

283 3436 317 3522 3)
341 3437 478 3518 Verum,
503 3437 713 3523 legitimatam
736 3455 804 3520 per
834 3437 1039 3522 subsequens
1069 3437 1328 3505 rnatrimoninm

145 3563 204 3626 aut
225 3578 286 3644 per
309 3559 585 3646 legitimationem
608 3579 628 3624 a
650 3559 779 3626 Summo
800 3560 952 3646 Principe
973 3579 1169 3634 concessam,
1186 3581 1253 3626 non
1276 3581 1329 3647 po

145 3689 219 3758 test,
236 3685 306 3750 sine
328 3685 460 3770 speciali
485 3683 574 3751 Sedis
590 3683 1061 3770 Adostolioae.dispensatione,
1078 3685 1264 3771 promoveri
1286 3685 1329 3751 ad

147 3807 305 3874 beneficia
327 3810 383 3876 vel
407 3809 579 3896 dignitates
601 3829 661 3896 pro
685 3809 800 3895 quibus
824 3829 868 3876 ex
891 3812 962 3876 iure
990 3815 1046 3876 aut
1069 3831 1111 3875 ex
1134 3809 1326 3884 conditione,

143 3931 293 4018 apposita
314 3931 349 3996 in
371 3932 481 3998 limine
497 3931 703 4005 fundationis,
721 3933 900 4017 requiritur
916 3933 1070 3999 natalium
1092 3933 1288 4018 legitimitas.
1308 3969 1326 3982 ·

148 4057 198 4122 Re
221 4076 300 4122 sane
322 4077 411 4131 vera,
428 4059 543 4142 'prouti
566 4057 726 4143 explorati
749 4058 830 4122 iuris
855 4063 912 4131 cst,
934 4060 1003 4143 pios
1026 4057 1215 4124 fundatores
1233 4077 1327 4144 posse

145 4178 321 4257 beneficiis,
345 4183 532 4267 capellaniis
552 4182 690 4277 aliisque
714 4182 835 4248 iuribus
860 4182 1063 4268 capessendis
1087 4180 1229 4247 adiicere
1249 4201 1327 4247 con·

143 4301 299 4369 ditionem
321 4303 537 4396 legitimorum
557 4303 711 4372 natalium
737 4324 779 4370 ex
801 4308 895 4390 parte
919 4304 1030 4370 clerici
1054 4303 1256 4379 investiendi,
1273 4303 1328 4370 vel

144 4427 366 4514 promovendi,
399 4428 516 4501 exinde
546 4430 700 4513 seqnitur,
728 4429 908 4495 huiusmodi
936 4429 1133 4496 voluntatem
1148 4443 1151 4448 ·
1164 4431 1224 4516 ipsi
1247 4427 1326 4514 Epi·
