<?xml version="1.0" encoding="UTF-8"?>
<!DOCTYPE html PUBLIC "-//W3C//DTD XHTML 1.0 Transitional//EN"
    "http://www.w3.org/TR/xhtml1/DTD/xhtml1-transitional.dtd">
<html xmlns="http://www.w3.org/1999/xhtml" xml:lang="en" lang="en">
 <head>
  <title>
</title>
<meta http-equiv="Content-Type" content="text/html;charset=utf-8" />
  <meta name='ocr-system' content='tesseract 3.04.00' />
  <meta name='ocr-capabilities' content='ocr_page ocr_carea ocr_par ocr_line ocrx_word'/>
</head>
<body>
  <div class='ocr_page' id='page_1' title='image "./praelectionesin02legagoog_0052.png"; bbox 0 0 3312 5108; ppageno 0'>
   <div class='ocr_carea' id='block_1_1' title="bbox 521 317 1329 388">
    <p class='ocr_par' dir='ltr' id='par_1_1' title="bbox 521 317 1329 388">
     <span class='ocr_line' id='line_1_1' title="bbox 521 317 1329 388; baseline -0.009 0"><span class='ocrx_word' id='word_1_1' title='bbox 521 341 565 388; x_wconf 89' lang='lat' dir='ltr'><strong>na</strong></span> <span class='ocrx_word' id='word_1_2' title='bbox 589 339 742 388; x_wconf 74' lang='lat' dir='ltr'><strong>nnnlcrls</strong></span> <span class='ocrx_word' id='word_1_3' title='bbox 767 339 810 386; x_wconf 83' lang='lat' dir='ltr'><strong>ar</strong></span> <span class='ocrx_word' id='word_1_4' title='bbox 834 337 956 384; x_wconf 75' lang='lat' dir='ltr'><strong>nonnis</strong></span> <span class='ocrx_word' id='word_1_5' title='bbox 1287 317 1329 382; x_wconf 78' lang='lat'><strong>47</strong></span> 
     </span>
    </p>
   </div>
   <div class='ocr_carea' id='block_1_2' title="bbox 146 455 1333 1164">
    <p class='ocr_par' dir='ltr' id='par_1_2' title="bbox 146 455 1331 914">
     <span class='ocr_line' id='line_1_2' title="bbox 238 455 1331 577; baseline -0.002 -53"><span class='ocrx_word' id='word_1_6' title='bbox 238 460 569 577; x_wconf 45' lang='lat' dir='ltr'><strong>erufiffdtiffli</strong></span> <span class='ocrx_word' id='word_1_7' title='bbox 593 459 773 524; x_wconf 87' lang='lat' dir='ltr'><strong>absolutum</strong></span> <span class='ocrx_word' id='word_1_8' title='bbox 801 461 986 546; x_wconf 85' lang='lat' dir='ltr'><strong>negativum</strong></span> <span class='ocrx_word' id='word_1_9' title='bbox 1018 477 1207 542; x_wconf 87' lang='lat' dir='ltr'><strong>responsum</strong></span> <span class='ocrx_word' id='word_1_10' title='bbox 1239 455 1331 522; x_wconf 85' lang='lat' dir='ltr'><strong>reddi</strong></span> 
     </span>
     <span class='ocr_line' id='line_1_3' title="bbox 148 582 1331 669; baseline -0.001 -24"><span class='ocrx_word' id='word_1_11' title='bbox 148 601 214 646; x_wconf 91' lang='lat' dir='ltr'><strong>non</strong></span> <span class='ocrx_word' id='word_1_12' title='bbox 236 587 351 667; x_wconf 88' lang='lat' dir='ltr'><strong>potest.</strong></span> <span class='ocrx_word' id='word_1_13' title='bbox 384 583 536 648; x_wconf 84' lang='lat' dir='ltr'><strong>Ceterum</strong></span> <span class='ocrx_word' id='word_1_14' title='bbox 565 582 661 648; x_wconf 92' lang='lat' dir='ltr'><strong>hodie</strong></span> <span class='ocrx_word' id='word_1_15' title='bbox 692 582 806 648; x_wconf 90' lang='lat' dir='ltr'><strong>medici</strong></span> <span class='ocrx_word' id='word_1_16' title='bbox 838 583 890 648; x_wconf 89' lang='lat' dir='ltr'><strong>vel</strong></span> <span class='ocrx_word' id='word_1_17' title='bbox 918 583 1137 669; x_wconf 77' lang='lat' dir='ltr'><strong>probatissimi</strong></span> <span class='ocrx_word' id='word_1_18' title='bbox 1162 601 1228 646; x_wconf 89' lang='lat' dir='ltr'><strong>non</strong></span> <span class='ocrx_word' id='word_1_19' title='bbox 1253 600 1331 645; x_wconf 90' lang='lat' dir='ltr'><strong>raro</strong></span> 
     </span>
     <span class='ocr_line' id='line_1_4' title="bbox 148 703 1331 792; baseline 0 -24"><span class='ocrx_word' id='word_1_20' title='bbox 148 711 283 770; x_wconf 90' lang='lat' dir='ltr'><strong>utuntur</strong></span> <span class='ocrx_word' id='word_1_21' title='bbox 313 703 376 770; x_wconf 91' lang='lat' dir='ltr'><strong>hoc</strong></span> <span class='ocrx_word' id='word_1_22' title='bbox 407 704 512 770; x_wconf 88' lang='lat' dir='ltr'><strong>medio</strong></span> <span class='ocrx_word' id='word_1_23' title='bbox 543 706 576 769; x_wconf 94' lang='lat' dir='ltr'><strong>in</strong></span> <span class='ocrx_word' id='word_1_24' title='bbox 607 705 774 772; x_wconf 87' lang='lat' dir='ltr'><strong>medendis</strong></span> <span class='ocrx_word' id='word_1_25' title='bbox 805 703 957 782; x_wconf 83' lang='lat' dir='ltr'><strong>infirmis;</strong></span> <span class='ocrx_word' id='word_1_26' title='bbox 990 708 1149 792; x_wconf 83' lang='lat' dir='ltr'><strong>quocirca</strong></span> <span class='ocrx_word' id='word_1_27' title='bbox 1180 707 1212 770; x_wconf 93' lang='lat' dir='ltr'><strong>in</strong></span> <span class='ocrx_word' id='word_1_28' title='bbox 1243 705 1331 769; x_wconf 90' lang='lat' dir='ltr'><strong>hunc</strong></span> 
     </span>
     <span class='ocr_line' id='line_1_5' title="bbox 146 825 1240 914; baseline 0 -22"><span class='ocrx_word' id='word_1_29' title='bbox 146 848 279 912; x_wconf 88' lang='lat' dir='ltr'><strong>scopum</strong></span> <span class='ocrx_word' id='word_1_30' title='bbox 294 847 330 892; x_wconf 87' lang='lat' dir='ltr'><strong>se</strong></span> <span class='ocrx_word' id='word_1_31' title='bbox 345 825 536 894; x_wconf 79' lang='lat' dir='ltr'><strong>submittere</strong></span> <span class='ocrx_word' id='word_1_32' title='bbox 563 830 639 894; x_wconf 89' lang='lat' dir='ltr'><strong>huic</strong></span> <span class='ocrx_word' id='word_1_33' title='bbox 662 831 769 914; x_wconf 90' lang='lat' dir='ltr'><strong>sopori</strong></span> <span class='ocrx_word' id='word_1_34' title='bbox 794 849 857 894; x_wconf 89' lang='lat' dir='ltr'><strong>non</strong></span> <span class='ocrx_word' id='word_1_35' title='bbox 882 837 930 896; x_wconf 88' lang='lat' dir='ltr'><strong>est</strong></span> <span class='ocrx_word' id='word_1_36' title='bbox 953 831 996 898; x_wconf 87' lang='lat' dir='ltr'><strong>de</strong></span> <span class='ocrx_word' id='word_1_37' title='bbox 1021 849 1057 896; x_wconf 83' lang='lat' dir='ltr'><strong>se</strong></span> <span class='ocrx_word' id='word_1_38' title='bbox 1081 830 1240 896; x_wconf 89' lang='lat' dir='ltr'><strong>illicitum.</strong></span> 
     </span>
    </p>

    <p class='ocr_par' dir='ltr' id='par_1_3' title="bbox 151 954 1333 1164">
     <span class='ocr_line' id='line_1_6' title="bbox 239 954 1333 1041; baseline 0 -23"><span class='ocrx_word' id='word_1_39' title='bbox 239 954 373 1038; x_wconf 87' lang='lat' dir='ltr'><strong>Inquam</strong></span> <span class='ocrx_word' id='word_1_40' title='bbox 398 954 441 1020; x_wconf 91' lang='lat' dir='ltr'><strong>de</strong></span> <span class='ocrx_word' id='word_1_41' title='bbox 462 973 499 1022; x_wconf 83' lang='lat' dir='ltr'><strong>se</strong></span> <span class='ocrx_word' id='word_1_42' title='bbox 520 954 684 1029; x_wconf 88' lang='lat' dir='ltr'><strong>illicitum;</strong></span> <span class='ocrx_word' id='word_1_43' title='bbox 708 975 847 1040; x_wconf 89' lang='lat' dir='ltr'><strong>namque</strong></span> <span class='ocrx_word' id='word_1_44' title='bbox 877 962 924 1020; x_wconf 90' lang='lat' dir='ltr'><strong>tot</strong></span> <span class='ocrx_word' id='word_1_45' title='bbox 954 957 1110 1041; x_wconf 88' lang='lat' dir='ltr'><strong>periculis</strong></span> <span class='ocrx_word' id='word_1_46' title='bbox 1140 955 1252 1020; x_wconf 88' lang='lat' dir='ltr'><strong>obvius</strong></span> <span class='ocrx_word' id='word_1_47' title='bbox 1282 956 1333 1020; x_wconf 89' lang='lat' dir='ltr'><strong>est</strong></span> 
     </span>
     <span class='ocr_line' id='line_1_7' title="bbox 151 1078 1333 1164; baseline 0.002 -22"><span class='ocrx_word' id='word_1_48' title='bbox 151 1078 385 1164; x_wconf 70' lang='lat' dir='ltr'><strong>hypnotismus</strong></span> <span class='ocrx_word' id='word_1_49' title='bbox 416 1084 452 1144; x_wconf 91' lang='lat' dir='ltr'><strong>ut</strong></span> <span class='ocrx_word' id='word_1_50' title='bbox 474 1079 537 1144; x_wconf 90' lang='lat' dir='ltr'><strong>hoc</strong></span> <span class='ocrx_word' id='word_1_51' title='bbox 560 1080 603 1144; x_wconf 91' lang='lat' dir='ltr'><strong>uti</strong></span> <span class='ocrx_word' id='word_1_52' title='bbox 629 1099 695 1144; x_wconf 92' lang='lat' dir='ltr'><strong>non</strong></span> <span class='ocrx_word' id='word_1_53' title='bbox 710 1079 807 1145; x_wconf 88' lang='lat' dir='ltr'><strong>liceat</strong></span> <span class='ocrx_word' id='word_1_54' title='bbox 823 1081 885 1144; x_wconf 90' lang='lat' dir='ltr'><strong>nisi</strong></span> <span class='ocrx_word' id='word_1_55' title='bbox 901 1081 972 1164; x_wconf 91' lang='lat' dir='ltr'><strong>quis</strong></span> <span class='ocrx_word' id='word_1_56' title='bbox 988 1099 1032 1145; x_wconf 81' lang='lat' dir='ltr'><strong>er</strong></span> <span class='ocrx_word' id='word_1_57' title='bbox 1048 1079 1205 1144; x_wconf 84' lang='lat' dir='ltr'><strong>adiunctis</strong></span> <span class='ocrx_word' id='word_1_58' title='bbox 1221 1083 1333 1144; x_wconf 87' lang='lat' dir='ltr'><strong>certus</strong></span> 
     </span>
    </p>
   </div>
   <div class='ocr_carea' id='block_1_3' title="bbox 150 1203 1334 1542">
    <p class='ocr_par' dir='ltr' id='par_1_4' title="bbox 150 1203 1334 1542">
     <span class='ocr_line' id='line_1_8' title="bbox 150 1203 1333 1290; baseline 0.002 -22"><span class='ocrx_word' id='word_1_59' title='bbox 150 1206 200 1278; x_wconf 88' lang='lat' dir='ltr'><strong>sit,</strong></span> <span class='ocrx_word' id='word_1_60' title='bbox 224 1204 365 1270; x_wconf 87' lang='lat' dir='ltr'><strong>alterurn</strong></span> <span class='ocrx_word' id='word_1_61' title='bbox 388 1206 440 1271; x_wconf 92' lang='lat' dir='ltr'><strong>cui</strong></span> <span class='ocrx_word' id='word_1_62' title='bbox 463 1205 598 1290; x_wconf 89' lang='lat' dir='ltr'><strong>imperio</strong></span> <span class='ocrx_word' id='word_1_63' title='bbox 622 1205 834 1290; x_wconf 82' lang='lat' dir='ltr'><strong>indulgemus,</strong></span> <span class='ocrx_word' id='word_1_64' title='bbox 860 1206 922 1271; x_wconf 91' lang='lat' dir='ltr'><strong>hoc</strong></span> <span class='ocrx_word' id='word_1_65' title='bbox 950 1206 1130 1270; x_wconf 86' lang='lat' dir='ltr'><strong>certissime</strong></span> <span class='ocrx_word' id='word_1_66' title='bbox 1160 1203 1333 1270; x_wconf 87' lang='lat' dir='ltr'><strong>abuturum</strong></span> 
     </span>
     <span class='ocr_line' id='line_1_9' title="bbox 151 1329 1334 1417; baseline 0 -25"><span class='ocrx_word' id='word_1_67' title='bbox 151 1349 215 1394; x_wconf 92' lang='lat' dir='ltr'><strong>non</strong></span> <span class='ocrx_word' id='word_1_68' title='bbox 239 1329 321 1394; x_wconf 82' lang='lat' dir='ltr'><strong>fore.</strong></span> <span class='ocrx_word' id='word_1_69' title='bbox 346 1331 445 1398; x_wconf 85' lang='lat' dir='ltr'><strong>Secus</strong></span> <span class='ocrx_word' id='word_1_70' title='bbox 468 1331 513 1394; x_wconf 87' lang='lat' dir='ltr'><strong>uti</strong></span> <span class='ocrx_word' id='word_1_71' title='bbox 537 1349 597 1416; x_wconf 90' lang='lat' dir='ltr'><strong>per</strong></span> <span class='ocrx_word' id='word_1_72' title='bbox 612 1349 647 1396; x_wconf 89' lang='lat' dir='ltr'><strong>se</strong></span> <span class='ocrx_word' id='word_1_73' title='bbox 663 1334 760 1417; x_wconf 86' lang='lat' dir='ltr'><strong>patet,</strong></span> <span class='ocrx_word' id='word_1_74' title='bbox 785 1331 960 1395; x_wconf 78' lang='lat' dir='ltr'><strong>intrinsece</strong></span> <span class='ocrx_word' id='word_1_75' title='bbox 985 1329 1105 1394; x_wconf 88' lang='lat' dir='ltr'><strong>malum</strong></span> <span class='ocrx_word' id='word_1_76' title='bbox 1122 1335 1179 1411; x_wconf 90' lang='lat' dir='ltr'><strong>est,</strong></span> <span class='ocrx_word' id='word_1_77' title='bbox 1198 1349 1232 1396; x_wconf 92' lang='lat' dir='ltr'><strong>se</strong></span> <span class='ocrx_word' id='word_1_78' title='bbox 1247 1329 1334 1394; x_wconf 88' lang='lat' dir='ltr'><strong>abdi·</strong></span> 
     </span>
     <span class='ocr_line' id='line_1_10' title="bbox 151 1454 1334 1542; baseline 0 -23"><span class='ocrx_word' id='word_1_79' title='bbox 151 1475 228 1520; x_wconf 86' lang='lat' dir='ltr'><strong>care</strong></span> <span class='ocrx_word' id='word_1_80' title='bbox 250 1454 356 1520; x_wconf 89' lang='lat' dir='ltr'><strong>libera</strong></span> <span class='ocrx_word' id='word_1_81' title='bbox 378 1456 584 1542; x_wconf 90' lang='lat' dir='ltr'><strong>propriorum</strong></span> <span class='ocrx_word' id='word_1_82' title='bbox 607 1460 736 1520; x_wconf 84' lang='lat' dir='ltr'><strong>actuum</strong></span> <span class='ocrx_word' id='word_1_83' title='bbox 761 1455 919 1520; x_wconf 87' lang='lat' dir='ltr'><strong>electione</strong></span> <span class='ocrx_word' id='word_1_84' title='bbox 942 1455 1151 1539; x_wconf 88' lang='lat' dir='ltr'><strong>eamdemque</strong></span> <span class='ocrx_word' id='word_1_85' title='bbox 1170 1454 1203 1518; x_wconf 94' lang='lat' dir='ltr'><strong>in</strong></span> <span class='ocrx_word' id='word_1_86' title='bbox 1219 1473 1334 1519; x_wconf 88' lang='lat' dir='ltr'><strong>manus</strong></span> 
     </span>
    </p>
   </div>
   <div class='ocr_carea' id='block_1_4' title="bbox 151 1581 1423 3914">
    <p class='ocr_par' dir='ltr' id='par_1_5' title="bbox 152 1581 476 1674">
     <span class='ocr_line' id='line_1_11' title="bbox 152 1581 476 1674; baseline 0.003 -29"><span class='ocrx_word' id='word_1_87' title='bbox 152 1581 275 1674; x_wconf 75' lang='lat' dir='ltr'><strong>alienas</strong></span> <span class='ocrx_word' id='word_1_88' title='bbox 297 1582 476 1646; x_wconf 87' lang='lat' dir='ltr'><strong>remittere.</strong></span> 
     </span>
    </p>

    <p class='ocr_par' dir='ltr' id='par_1_6' title="bbox 151 1704 1365 2298">
     <span class='ocr_line' id='line_1_12' title="bbox 241 1704 1365 1798; baseline -0.004 -26"><span class='ocrx_word' id='word_1_89' title='bbox 241 1706 370 1772; x_wconf 79' lang='lat' dir='ltr'><strong>Exinde</strong></span> <span class='ocrx_word' id='word_1_90' title='bbox 399 1704 470 1773; x_wconf 86' lang='lat' dir='ltr'><strong>fluit</strong></span> <span class='ocrx_word' id='word_1_91' title='bbox 499 1708 613 1774; x_wconf 89' lang='lat' dir='ltr'><strong>solutio</strong></span> <span class='ocrx_word' id='word_1_92' title='bbox 643 1707 804 1774; x_wconf 84' lang='lat' dir='ltr'><strong>secundae</strong></span> <span class='ocrx_word' id='word_1_93' title='bbox 835 1707 1043 1790; x_wconf 82' lang='lat' dir='ltr'><strong>quaestionis.</strong></span> <span class='ocrx_word' id='word_1_94' title='bbox 1077 1705 1111 1770; x_wconf 90' lang='lat' dir='ltr'><strong>Si</strong></span> <span class='ocrx_word' id='word_1_95' title='bbox 1143 1705 1213 1798; x_wconf 78' lang='lat' dir='ltr'><strong>quis</strong></span> <span class='ocrx_word' id='word_1_96' title='bbox 1248 1705 1333 1770; x_wconf 90' lang='lat' dir='ltr'><strong>enim</strong></span> <span class='ocrx_word' id='word_1_97' title='bbox 1360 1751 1365 1758; x_wconf 85' lang='lat'><em>.</em></span> 
     </span>
     <span class='ocr_line' id='line_1_13' title="bbox 152 1828 1334 1918; baseline -0.001 -23"><span class='ocrx_word' id='word_1_98' title='bbox 152 1850 264 1915; x_wconf 84' lang='lat' dir='ltr'><strong>passus</strong></span> <span class='ocrx_word' id='word_1_99' title='bbox 287 1837 387 1896; x_wconf 87' lang='lat' dir='ltr'><strong>estse</strong></span> <span class='ocrx_word' id='word_1_100' title='bbox 403 1831 579 1918; x_wconf 88' lang='lat' dir='ltr'><strong>hypnotico</strong></span> <span class='ocrx_word' id='word_1_101' title='bbox 603 1851 715 1896; x_wconf 88' lang='lat' dir='ltr'><strong>somno</strong></span> <span class='ocrx_word' id='word_1_102' title='bbox 739 1833 871 1916; x_wconf 82' lang='lat' dir='ltr'><strong>gravari</strong></span> <span class='ocrx_word' id='word_1_103' title='bbox 889 1831 942 1895; x_wconf 86' lang='lat' dir='ltr'><strong>vel</strong></span> <span class='ocrx_word' id='word_1_104' title='bbox 958 1830 999 1894; x_wconf 89' lang='lat' dir='ltr'><strong>ad</strong></span> <span class='ocrx_word' id='word_1_105' title='bbox 1015 1828 1111 1894; x_wconf 87' lang='lat' dir='ltr'><strong>finem</strong></span> <span class='ocrx_word' id='word_1_106' title='bbox 1128 1829 1334 1895; x_wconf 87' lang='lat' dir='ltr'><strong>inhonestum</strong></span> 
     </span>
     <span class='ocr_line' id='line_1_14' title="bbox 153 1943 1335 2056; baseline 0.001 -39"><span class='ocrx_word' id='word_1_107' title='bbox 153 1955 203 2018; x_wconf 81' lang='lat' dir='ltr'><strong>rel</strong></span> <span class='ocrx_word' id='word_1_108' title='bbox 227 1943 253 2018; x_wconf 44' lang='lat' dir='ltr'><strong>a*</strong></span> <span class='ocrx_word' id='word_1_109' title='bbox 270 1955 342 2019; x_wconf 83' lang='lat' dir='ltr'><strong>viro</strong></span> <span class='ocrx_word' id='word_1_110' title='bbox 363 1945 430 2048; x_wconf 78' lang='lat' dir='ltr'><strong>non</strong></span> <span class='ocrx_word' id='word_1_111' title='bbox 454 1944 608 2056; x_wconf 78' lang='lat' dir='ltr'><strong>probatae</strong></span> <span class='ocrx_word' id='word_1_112' title='bbox 631 1955 829 2031; x_wconf 88' lang='lat' dir='ltr'><strong>honestatis;</strong></span> <span class='ocrx_word' id='word_1_113' title='bbox 854 1956 881 2020; x_wconf 92' lang='lat' dir='ltr'><strong>si</strong></span> <span class='ocrx_word' id='word_1_114' title='bbox 905 1956 938 2018; x_wconf 92' lang='lat' dir='ltr'><strong>in</strong></span> <span class='ocrx_word' id='word_1_115' title='bbox 970 1954 1027 2018; x_wconf 86' lang='lat' dir='ltr'><strong>tali</strong></span> <span class='ocrx_word' id='word_1_116' title='bbox 1050 1959 1134 2018; x_wconf 89' lang='lat' dir='ltr'><strong>statu</strong></span> <span class='ocrx_word' id='word_1_117' title='bbox 1165 1953 1206 2018; x_wconf 90' lang='lat' dir='ltr'><strong>ad</strong></span> <span class='ocrx_word' id='word_1_118' title='bbox 1237 1952 1335 2018; x_wconf 90' lang='lat' dir='ltr'><strong>delin-</strong></span> 
     </span>
     <span class='ocr_line' id='line_1_15' title="bbox 151 2076 1334 2164; baseline -0.001 -22"><span class='ocrx_word' id='word_1_119' title='bbox 151 2077 314 2161; x_wconf 89' lang='lat' dir='ltr'><strong>quendum</strong></span> <span class='ocrx_word' id='word_1_120' title='bbox 337 2079 556 2162; x_wconf 79' lang='lat' dir='ltr'><strong>pertrahatur,</strong></span> <span class='ocrx_word' id='word_1_121' title='bbox 582 2080 762 2144; x_wconf 87' lang='lat' dir='ltr'><strong>certissime</strong></span> <span class='ocrx_word' id='word_1_122' title='bbox 785 2079 900 2164; x_wconf 88' lang='lat' dir='ltr'><strong>culpae</strong></span> <span class='ocrx_word' id='word_1_123' title='bbox 925 2099 1044 2164; x_wconf 87' lang='lat' dir='ltr'><strong>expers</strong></span> <span class='ocrx_word' id='word_1_124' title='bbox 1070 2081 1201 2142; x_wconf 86' lang='lat' dir='ltr'><strong>nonest</strong></span> <span class='ocrx_word' id='word_1_125' title='bbox 1223 2076 1334 2142; x_wconf 87' lang='lat' dir='ltr'><strong>huius-</strong></span> 
     </span>
     <span class='ocr_line' id='line_1_16' title="bbox 152 2201 788 2298; baseline 0.002 -33"><span class='ocrx_word' id='word_1_126' title='bbox 152 2201 237 2266; x_wconf 92' lang='lat' dir='ltr'><strong>modi</strong></span> <span class='ocrx_word' id='word_1_127' title='bbox 261 2201 377 2276; x_wconf 89' lang='lat' dir='ltr'><strong>homo;</strong></span> <span class='ocrx_word' id='word_1_128' title='bbox 400 2207 435 2266; x_wconf 90' lang='lat' dir='ltr'><strong>at</strong></span> <span class='ocrx_word' id='word_1_129' title='bbox 457 2207 506 2298; x_wconf 82' lang='lat' dir='ltr'><strong>est</strong></span> <span class='ocrx_word' id='word_1_130' title='bbox 530 2203 674 2268; x_wconf 88' lang='lat' dir='ltr'><strong>criminis</strong></span> <span class='ocrx_word' id='word_1_131' title='bbox 699 2223 788 2267; x_wconf 89' lang='lat' dir='ltr'><strong>reus.</strong></span> 
     </span>
    </p>

    <p class='ocr_par' dir='ltr' id='par_1_7' title="bbox 152 2327 1423 3914">
     <span class='ocr_line' id='line_1_17' title="bbox 242 2327 1335 2414; baseline 0 -22"><span class='ocrx_word' id='word_1_132' title='bbox 242 2328 369 2393; x_wconf 91' lang='lat' dir='ltr'><strong>Verum</strong></span> <span class='ocrx_word' id='word_1_133' title='bbox 401 2327 597 2394; x_wconf 91' lang='lat' dir='ltr'><strong>dicendusne</strong></span> <span class='ocrx_word' id='word_1_134' title='bbox 619 2329 673 2394; x_wconf 92' lang='lat' dir='ltr'><strong>hic</strong></span> <span class='ocrx_word' id='word_1_135' title='bbox 697 2334 746 2395; x_wconf 88' lang='lat' dir='ltr'><strong>est</strong></span> <span class='ocrx_word' id='word_1_136' title='bbox 769 2349 846 2394; x_wconf 90' lang='lat' dir='ltr'><strong>reus</strong></span> <span class='ocrx_word' id='word_1_137' title='bbox 873 2330 959 2395; x_wconf 88' lang='lat' dir='ltr'><strong>illius</strong></span> <span class='ocrx_word' id='word_1_138' title='bbox 986 2330 1161 2414; x_wconf 87' lang='lat' dir='ltr'><strong>peculiaris</strong></span> <span class='ocrx_word' id='word_1_139' title='bbox 1191 2329 1335 2394; x_wconf 84' lang='lat' dir='ltr'><strong>criminis</strong></span> 
     </span>
     <span class='ocr_line' id='line_1_18' title="bbox 152 2452 1336 2540; baseline 0 -23"><span class='ocrx_word' id='word_1_140' title='bbox 152 2453 284 2518; x_wconf 88' lang='lat' dir='ltr'><strong>admissi</strong></span> <span class='ocrx_word' id='word_1_141' title='bbox 306 2452 359 2518; x_wconf 86' lang='lat' dir='ltr'><strong>vel</strong></span> <span class='ocrx_word' id='word_1_142' title='bbox 383 2452 549 2518; x_wconf 84' lang='lat' dir='ltr'><strong>dumtaxat</strong></span> <span class='ocrx_word' id='word_1_143' title='bbox 572 2475 648 2520; x_wconf 88' lang='lat' dir='ltr'><strong>reus</strong></span> <span class='ocrx_word' id='word_1_144' title='bbox 671 2455 818 2520; x_wconf 90' lang='lat' dir='ltr'><strong>criminis</strong></span> <span class='ocrx_word' id='word_1_145' title='bbox 841 2454 942 2519; x_wconf 90' lang='lat' dir='ltr'><strong>illiciti</strong></span> <span class='ocrx_word' id='word_1_146' title='bbox 967 2453 1184 2540; x_wconf 75' lang='lat' dir='ltr'><strong>hypnotismil</strong></span> <span class='ocrx_word' id='word_1_147' title='bbox 1208 2453 1241 2521; x_wconf 90' lang='lat' dir='ltr'><strong>Si</strong></span> <span class='ocrx_word' id='word_1_148' title='bbox 1272 2453 1336 2538; x_wconf 90' lang='lat' dir='ltr'><strong>pri·</strong></span> 
     </span>
     <span class='ocr_line' id='line_1_19' title="bbox 152 2577 1336 2663; baseline 0 -23"><span class='ocrx_word' id='word_1_149' title='bbox 152 2597 239 2640; x_wconf 88' lang='lat' dir='ltr'><strong>mum</strong></span> <span class='ocrx_word' id='word_1_150' title='bbox 256 2583 404 2661; x_wconf 87' lang='lat' dir='ltr'><strong>ponatur,</strong></span> <span class='ocrx_word' id='word_1_151' title='bbox 420 2597 541 2663; x_wconf 84' lang='lat' dir='ltr'><strong>poenas</strong></span> <span class='ocrx_word' id='word_1_152' title='bbox 556 2579 705 2646; x_wconf 88' lang='lat' dir='ltr'><strong>incurret</strong></span> <span class='ocrx_word' id='word_1_153' title='bbox 727 2578 781 2644; x_wconf 88' lang='lat' dir='ltr'><strong>vel</strong></span> <span class='ocrx_word' id='word_1_154' title='bbox 805 2579 914 2644; x_wconf 89' lang='lat' dir='ltr'><strong>subire</strong></span> <span class='ocrx_word' id='word_1_155' title='bbox 935 2579 1030 2644; x_wconf 91' lang='lat' dir='ltr'><strong>debet</strong></span> <span class='ocrx_word' id='word_1_156' title='bbox 1048 2579 1192 2644; x_wconf 83' lang='lat' dir='ltr'><strong>adnexas</strong></span> <span class='ocrx_word' id='word_1_157' title='bbox 1207 2577 1336 2644; x_wconf 89' lang='lat' dir='ltr'><strong>crimini</strong></span> 
     </span>
     <span class='ocr_line' id='line_1_20' title="bbox 152 2697 1336 2792; baseline 0.003 -28"><span class='ocrx_word' id='word_1_158' title='bbox 152 2705 290 2786; x_wconf 87' lang='lat' dir='ltr'><strong>patrato.</strong></span> <span class='ocrx_word' id='word_1_159' title='bbox 315 2697 381 2766; x_wconf 88' lang='lat' dir='ltr'><strong>Sed</strong></span> <span class='ocrx_word' id='word_1_160' title='bbox 403 2702 467 2767; x_wconf 91' lang='lat' dir='ltr'><strong>hoc</strong></span> <span class='ocrx_word' id='word_1_161' title='bbox 489 2723 554 2767; x_wconf 92' lang='lat' dir='ltr'><strong>non</strong></span> <span class='ocrx_word' id='word_1_162' title='bbox 578 2703 706 2769; x_wconf 86' lang='lat' dir='ltr'><strong>videtur</strong></span> <span class='ocrx_word' id='word_1_163' title='bbox 729 2725 855 2769; x_wconf 81' lang='lat' dir='ltr'><strong>verum.</strong></span> <span class='ocrx_word' id='word_1_164' title='bbox 881 2706 961 2770; x_wconf 89' lang='lat' dir='ltr'><strong>Nam</strong></span> <span class='ocrx_word' id='word_1_165' title='bbox 985 2707 1018 2770; x_wconf 94' lang='lat' dir='ltr'><strong>in</strong></span> <span class='ocrx_word' id='word_1_166' title='bbox 1042 2709 1127 2769; x_wconf 87' lang='lat' dir='ltr'><strong>statu</strong></span> <span class='ocrx_word' id='word_1_167' title='bbox 1158 2704 1336 2792; x_wconf 87' lang='lat' dir='ltr'><strong>hypnotico</strong></span> 
     </span>
     <span class='ocr_line' id='line_1_21' title="bbox 152 2827 1337 2922; baseline 0.001 -30"><span class='ocrx_word' id='word_1_168' title='bbox 152 2830 224 2911; x_wconf 87' lang='lat' dir='ltr'><strong>quis</strong></span> <span class='ocrx_word' id='word_1_169' title='bbox 246 2827 428 2922; x_wconf 79' lang='lat' dir='ltr'><strong>proferens,</strong></span> <span class='ocrx_word' id='word_1_170' title='bbox 454 2834 566 2914; x_wconf 87' lang='lat' dir='ltr'><strong>utputa</strong></span> <span class='ocrx_word' id='word_1_171' title='bbox 587 2831 760 2902; x_wconf 75' lang='lat' dir='ltr'><strong>haeresim.</strong></span> <span class='ocrx_word' id='word_1_172' title='bbox 778 2850 838 2918; x_wconf 92' lang='lat' dir='ltr'><strong>per</strong></span> <span class='ocrx_word' id='word_1_173' title='bbox 861 2849 905 2906; x_wconf 87' lang='lat' dir='ltr'><strong>se,</strong></span> <span class='ocrx_word' id='word_1_174' title='bbox 931 2832 991 2896; x_wconf 87' lang='lat' dir='ltr'><strong>ista</strong></span> <span class='ocrx_word' id='word_1_175' title='bbox 1006 2831 1151 2894; x_wconf 84' lang='lat' dir='ltr'><strong>haeresis</strong></span> <span class='ocrx_word' id='word_1_176' title='bbox 1168 2835 1217 2894; x_wconf 88' lang='lat' dir='ltr'><strong>est</strong></span> <span class='ocrx_word' id='word_1_177' title='bbox 1233 2830 1337 2915; x_wconf 86' lang='lat' dir='ltr'><strong>magis</strong></span> 
     </span>
     <span class='ocr_line' id='line_1_22' title="bbox 154 2951 1337 3038; baseline 0.002 -22"><span class='ocrx_word' id='word_1_178' title='bbox 154 2951 344 3018; x_wconf 61' lang='lat' dir='ltr'><strong>motmiolis</strong></span> <span class='ocrx_word' id='word_1_179' title='bbox 367 2972 461 3038; x_wconf 90' lang='lat' dir='ltr'><strong>quam</strong></span> <span class='ocrx_word' id='word_1_180' title='bbox 483 2954 660 3038; x_wconf 60' lang='lat' dir='ltr'><strong>[arcuatim</strong></span> <span class='ocrx_word' id='word_1_181' title='bbox 684 2961 716 3020; x_wconf 89' lang='lat' dir='ltr'><strong>et</strong></span> <span class='ocrx_word' id='word_1_182' title='bbox 739 2957 771 3020; x_wconf 92' lang='lat' dir='ltr'><strong>in</strong></span> <span class='ocrx_word' id='word_1_183' title='bbox 796 2957 992 3030; x_wconf 90' lang='lat' dir='ltr'><strong>universum,</strong></span> <span class='ocrx_word' id='word_1_184' title='bbox 1017 2956 1127 3020; x_wconf 86' lang='lat' dir='ltr'><strong>taliter</strong></span> <span class='ocrx_word' id='word_1_185' title='bbox 1148 2955 1337 3038; x_wconf 89' lang='lat' dir='ltr'><strong>delinquens</strong></span> 
     </span>
     <span class='ocr_line' id='line_1_23' title="bbox 155 3057 1335 3164; baseline 0.003 -26"><span class='ocrx_word' id='word_1_186' title='bbox 155 3075 256 3160; x_wconf 83' lang='lat' dir='ltr'><strong>magis</strong></span> <span class='ocrx_word' id='word_1_187' title='bbox 279 3076 401 3159; x_wconf 87' lang='lat' dir='ltr'><strong>patitur</strong></span> <span class='ocrx_word' id='word_1_188' title='bbox 423 3057 518 3160; x_wconf 81' lang='lat' dir='ltr'><strong>quam</strong></span> <span class='ocrx_word' id='word_1_189' title='bbox 542 3079 625 3164; x_wconf 81' lang='lat' dir='ltr'><strong>agit;</strong></span> <span class='ocrx_word' id='word_1_190' title='bbox 650 3077 740 3144; x_wconf 87' lang='lat' dir='ltr'><strong>deest</strong></span> <span class='ocrx_word' id='word_1_191' title='bbox 756 3081 842 3144; x_wconf 88' lang='lat' dir='ltr'><strong>enim</strong></span> <span class='ocrx_word' id='word_1_192' title='bbox 859 3079 1064 3145; x_wconf 70' lang='lat' dir='ltr'><strong>conscicntia</strong></span> <span class='ocrx_word' id='word_1_193' title='bbox 1087 3079 1229 3162; x_wconf 72' lang='lat' dir='ltr'><strong>reflexa.</strong></span> <span class='ocrx_word' id='word_1_194' title='bbox 1246 3077 1335 3144; x_wconf 89' lang='lat' dir='ltr'><strong>Nihi-</strong></span> 
     </span>
     <span class='ocr_line' id='line_1_24' title="bbox 154 3201 1337 3292; baseline 0.001 -26"><span class='ocrx_word' id='word_1_195' title='bbox 154 3201 293 3268; x_wconf 86' lang='lat' dir='ltr'><strong>lominus</strong></span> <span class='ocrx_word' id='word_1_196' title='bbox 316 3203 343 3267; x_wconf 90' lang='lat' dir='ltr'><strong>si</strong></span> <span class='ocrx_word' id='word_1_197' title='bbox 367 3204 437 3288; x_wconf 87' lang='lat' dir='ltr'><strong>quis</strong></span> <span class='ocrx_word' id='word_1_198' title='bbox 460 3203 590 3271; x_wconf 89' lang='lat' dir='ltr'><strong>indubie</strong></span> <span class='ocrx_word' id='word_1_199' title='bbox 619 3210 676 3273; x_wconf 81' lang='lat' dir='ltr'><strong>aut</strong></span> <span class='ocrx_word' id='word_1_200' title='bbox 706 3206 796 3272; x_wconf 89' lang='lat' dir='ltr'><strong>clare</strong></span> <span class='ocrx_word' id='word_1_201' title='bbox 826 3206 1025 3292; x_wconf 88' lang='lat' dir='ltr'><strong>praeviderit</strong></span> <span class='ocrx_word' id='word_1_202' title='bbox 1048 3226 1083 3270; x_wconf 89' lang='lat' dir='ltr'><strong>se</strong></span> <span class='ocrx_word' id='word_1_203' title='bbox 1106 3205 1180 3271; x_wconf 92' lang='lat' dir='ltr'><strong>inde</strong></span> <span class='ocrx_word' id='word_1_204' title='bbox 1212 3209 1337 3270; x_wconf 90' lang='lat' dir='ltr'><strong>certum</strong></span> 
     </span>
     <span class='ocr_line' id='line_1_25' title="bbox 156 3327 1338 3416; baseline 0.002 -24"><span class='ocrx_word' id='word_1_205' title='bbox 156 3327 282 3393; x_wconf 84' lang='lat' dir='ltr'><strong>facinus</strong></span> <span class='ocrx_word' id='word_1_206' title='bbox 296 3327 510 3394; x_wconf 89' lang='lat' dir='ltr'><strong>admissurum</strong></span> <span class='ocrx_word' id='word_1_207' title='bbox 524 3329 596 3394; x_wconf 79' lang='lat' dir='ltr'><strong>iore</strong></span> <span class='ocrx_word' id='word_1_208' title='bbox 610 3331 664 3395; x_wconf 84' lang='lat' dir='ltr'><strong>vel</strong></span> <span class='ocrx_word' id='word_1_209' title='bbox 681 3351 723 3394; x_wconf 89' lang='lat' dir='ltr'><strong>ex</strong></span> <span class='ocrx_word' id='word_1_210' title='bbox 749 3333 878 3416; x_wconf 84' lang='lat' dir='ltr'><strong>cognita</strong></span> <span class='ocrx_word' id='word_1_211' title='bbox 897 3331 1076 3396; x_wconf 89' lang='lat' dir='ltr'><strong>intentione</strong></span> <span class='ocrx_word' id='word_1_212' title='bbox 1099 3329 1338 3416; x_wconf 84' lang='lat' dir='ltr'><strong>hypnotizantis</strong></span> 
     </span>
     <span class='ocr_line' id='line_1_26' title="bbox 155 3455 1338 3543; baseline -0.001 -22"><span class='ocrx_word' id='word_1_213' title='bbox 155 3457 208 3521; x_wconf 80' lang='lat' dir='ltr'><strong>vel</strong></span> <span class='ocrx_word' id='word_1_214' title='bbox 230 3475 275 3522; x_wconf 80' lang='lat' dir='ltr'><strong>ex</strong></span> <span class='ocrx_word' id='word_1_215' title='bbox 299 3475 357 3521; x_wconf 90' lang='lat' dir='ltr'><strong>suo</strong></span> <span class='ocrx_word' id='word_1_216' title='bbox 379 3455 464 3521; x_wconf 86' lang='lat' dir='ltr'><strong>malo</strong></span> <span class='ocrx_word' id='word_1_217' title='bbox 487 3455 607 3530; x_wconf 80' lang='lat' dir='ltr'><strong>habitu.</strong></span> <span class='ocrx_word' id='word_1_218' title='bbox 632 3462 721 3542; x_wconf 90' lang='lat' dir='ltr'><strong>patet</strong></span> <span class='ocrx_word' id='word_1_219' title='bbox 743 3458 808 3522; x_wconf 88' lang='lat' dir='ltr'><strong>tale</strong></span> <span class='ocrx_word' id='word_1_220' title='bbox 833 3460 957 3522; x_wconf 90' lang='lat' dir='ltr'><strong>crimen</strong></span> <span class='ocrx_word' id='word_1_221' title='bbox 980 3477 1114 3543; x_wconf 88' lang='lat' dir='ltr'><strong>prorsus</strong></span> <span class='ocrx_word' id='word_1_222' title='bbox 1140 3477 1211 3522; x_wconf 89' lang='lat' dir='ltr'><strong>esse</strong></span> <span class='ocrx_word' id='word_1_223' title='bbox 1239 3457 1338 3542; x_wconf 91' lang='lat' dir='ltr'><strong>impu-</strong></span> 
     </span>
     <span class='ocr_line' id='line_1_27' title="bbox 154 3577 1423 3679; baseline -0.002 -35"><span class='ocrx_word' id='word_1_224' title='bbox 154 3577 289 3644; x_wconf 85' lang='lat' dir='ltr'><strong>tandum</strong></span> <span class='ocrx_word' id='word_1_225' title='bbox 310 3584 344 3644; x_wconf 91' lang='lat' dir='ltr'><strong>et</strong></span> <span class='ocrx_word' id='word_1_226' title='bbox 357 3579 534 3664; x_wconf 87' lang='lat' dir='ltr'><strong>appositam</strong></span> <span class='ocrx_word' id='word_1_227' title='bbox 552 3599 688 3664; x_wconf 89' lang='lat' dir='ltr'><strong>poenam</strong></span> <span class='ocrx_word' id='word_1_228' title='bbox 705 3599 769 3645; x_wconf 94' lang='lat' dir='ltr'><strong>non</strong></span> <span class='ocrx_word' id='word_1_229' title='bbox 787 3577 942 3666; x_wconf 85' lang='lat' dir='ltr'><strong>effugere.</strong></span> <span class='ocrx_word' id='word_1_230' title='bbox 962 3617 977 3628; x_wconf 94' lang='lat'>-</span> <span class='ocrx_word' id='word_1_231' title='bbox 995 3581 1232 3646; x_wconf 85' lang='lat' dir='ltr'><strong>Verumtamen</strong></span> <span class='ocrx_word' id='word_1_232' title='bbox 1255 3599 1334 3663; x_wconf 90' lang='lat' dir='ltr'><strong>quo·</strong></span> <span class='ocrx_word' id='word_1_233' title='bbox 1420 3671 1423 3679; x_wconf 29' lang='grc' dir='ltr'><strong><em>Ι</em></strong></span> 
     </span>
     <span class='ocr_line' id='line_1_28' title="bbox 153 3701 1333 3788; baseline 0 -22"><span class='ocrx_word' id='word_1_234' title='bbox 153 3721 293 3787; x_wconf 90' lang='lat' dir='ltr'><strong>cumque</strong></span> <span class='ocrx_word' id='word_1_235' title='bbox 308 3703 342 3766; x_wconf 91' lang='lat' dir='ltr'><strong>in</strong></span> <span class='ocrx_word' id='word_1_236' title='bbox 357 3721 444 3785; x_wconf 86' lang='lat' dir='ltr'><strong>casu,</strong></span> <span class='ocrx_word' id='word_1_237' title='bbox 468 3703 583 3787; x_wconf 81' lang='lat' dir='ltr'><strong>quiesi</strong></span> <span class='ocrx_word' id='word_1_238' title='bbox 599 3723 664 3768; x_wconf 93' lang='lat' dir='ltr'><strong>non</strong></span> <span class='ocrx_word' id='word_1_239' title='bbox 680 3705 717 3769; x_wconf 81' lang='lat' dir='ltr'><strong>in</strong></span> <span class='ocrx_word' id='word_1_240' title='bbox 733 3705 852 3788; x_wconf 79' lang='lat' dir='ltr'><strong>effectu</strong></span> <span class='ocrx_word' id='word_1_241' title='bbox 868 3703 924 3768; x_wconf 89' lang='lat' dir='ltr'><strong>sod</strong></span> <span class='ocrx_word' id='word_1_242' title='bbox 940 3705 973 3768; x_wconf 94' lang='lat' dir='ltr'><strong>in</strong></span> <span class='ocrx_word' id='word_1_243' title='bbox 990 3721 1095 3770; x_wconf 72' lang='lat' dir='ltr'><strong>catoso</strong></span> <span class='ocrx_word' id='word_1_244' title='bbox 1113 3707 1161 3766; x_wconf 91' lang='lat' dir='ltr'><strong>est</strong></span> <span class='ocrx_word' id='word_1_245' title='bbox 1178 3721 1254 3767; x_wconf 81' lang='lat' dir='ltr'><strong>reus</strong></span> <span class='ocrx_word' id='word_1_246' title='bbox 1270 3701 1333 3766; x_wconf 93' lang='lat' dir='ltr'><strong>hu·</strong></span> 
     </span>
     <span class='ocr_line' id='line_1_29' title="bbox 155 3825 1338 3914; baseline 0.001 -25"><span class='ocrx_word' id='word_1_247' title='bbox 155 3825 291 3890; x_wconf 89' lang='lat' dir='ltr'><strong>iusmodi</strong></span> <span class='ocrx_word' id='word_1_248' title='bbox 313 3825 525 3892; x_wconf 88' lang='lat' dir='ltr'><strong>admissorum</strong></span> <span class='ocrx_word' id='word_1_249' title='bbox 540 3828 604 3904; x_wconf 85' lang='lat' dir='ltr'><strong>ille,</strong></span> <span class='ocrx_word' id='word_1_250' title='bbox 622 3829 675 3914; x_wconf 90' lang='lat' dir='ltr'><strong>qui</strong></span> <span class='ocrx_word' id='word_1_251' title='bbox 691 3829 767 3894; x_wconf 86' lang='lat' dir='ltr'><strong>sinit</strong></span> <span class='ocrx_word' id='word_1_252' title='bbox 783 3849 817 3893; x_wconf 88' lang='lat' dir='ltr'><strong>se</strong></span> <span class='ocrx_word' id='word_1_253' title='bbox 834 3828 993 3914; x_wconf 85' lang='lat' dir='ltr'><strong>implicari</strong></span> <span class='ocrx_word' id='word_1_254' title='bbox 1013 3847 1132 3912; x_wconf 91' lang='lat' dir='ltr'><strong>sopore</strong></span> <span class='ocrx_word' id='word_1_255' title='bbox 1147 3827 1338 3912; x_wconf 81' lang='lat' dir='ltr'><strong>hypnotico,</strong></span> 
     </span>
    </p>
   </div>
   <div class='ocr_carea' id='block_1_5' title="bbox 155 4129 1339 4554">
    <p class='ocr_par' dir='ltr' id='par_1_8' title="bbox 155 4129 1339 4554">
     <span class='ocr_line' id='line_1_30' title="bbox 157 4129 1337 4231; baseline -0.002 -19"><span class='ocrx_word' id='word_1_256' title='bbox 157 4159 296 4213; x_wconf 85' lang='lat' dir='ltr'><strong>vocabulo</strong></span> <span class='ocrx_word' id='word_1_257' title='bbox 308 4129 517 4231; x_wconf 81' lang='lat' dir='ltr'><strong>hypnotismum</strong></span> <span class='ocrx_word' id='word_1_258' title='bbox 532 4160 628 4214; x_wconf 88' lang='lat' dir='ltr'><strong>dicunt</strong></span> <span class='ocrx_word' id='word_1_259' title='bbox 640 4178 664 4214; x_wconf 87' lang='lat'><strong>›.</strong></span> <span class='ocrx_word' id='word_1_260' title='bbox 679 4160 718 4216; x_wconf 86' lang='lat' dir='ltr'><strong>cf.</strong></span> <span class='ocrx_word' id='word_1_261' title='bbox 739 4159 929 4230; x_wconf 84' lang='lat' dir='ltr'><strong>Capellmann‚</strong></span> <span class='ocrx_word' id='word_1_262' title='bbox 946 4161 1087 4216; x_wconf 82' lang='lat' dir='ltr'><strong>Medicina</strong></span> <span class='ocrx_word' id='word_1_263' title='bbox 1099 4161 1253 4230; x_wconf 79' lang='lat' dir='ltr'><strong>pastoralis</strong></span> <span class='ocrx_word' id='word_1_264' title='bbox 1273 4161 1337 4215; x_wconf 81' lang='lat' dir='ltr'><strong>edit.</strong></span> 
     </span>
     <span class='ocr_line' id='line_1_31' title="bbox 158 4265 1339 4338; baseline 0.004 -21"><span class='ocrx_word' id='word_1_265' title='bbox 158 4265 246 4331; x_wconf 74' lang='lat' dir='ltr'><strong>latim,</strong></span> <span class='ocrx_word' id='word_1_266' title='bbox 266 4265 314 4336; x_wconf 88' lang='lat' dir='ltr'><strong>qni</strong></span> <span class='ocrx_word' id='word_1_267' title='bbox 334 4267 440 4321; x_wconf 79' lang='lat' dir='ltr'><strong>Auctor</strong></span> <span class='ocrx_word' id='word_1_268' title='bbox 456 4283 521 4338; x_wconf 71' lang='lat' dir='ltr'><strong>pap.</strong></span> <span class='ocrx_word' id='word_1_269' title='bbox 539 4267 583 4320; x_wconf 82' lang='lat'><strong>28</strong></span> <span class='ocrx_word' id='word_1_270' title='bbox 600 4283 656 4338; x_wconf 79' lang='lat' dir='ltr'><strong>seq.</strong></span> <span class='ocrx_word' id='word_1_271' title='bbox 675 4267 787 4322; x_wconf 86' lang='lat' dir='ltr'><strong>disserit</strong></span> <span class='ocrx_word' id='word_1_272' title='bbox 807 4266 841 4321; x_wconf 85' lang='lat' dir='ltr'><strong>da</strong></span> <span class='ocrx_word' id='word_1_273' title='bbox 860 4283 913 4322; x_wconf 79' lang='lat' dir='ltr'><strong>usu</strong></span> <span class='ocrx_word' id='word_1_274' title='bbox 927 4284 993 4322; x_wconf 84' lang='lat' dir='ltr'><strong>sane</strong></span> <span class='ocrx_word' id='word_1_275' title='bbox 1007 4269 1247 4337; x_wconf 80' lang='lat' dir='ltr'><strong>periculosissimo</strong></span> <span class='ocrx_word' id='word_1_276' title='bbox 1260 4285 1339 4322; x_wconf 86' lang='lat' dir='ltr'><strong>mor·</strong></span> 
     </span>
     <span class='ocr_line' id='line_1_32' title="bbox 155 4372 1338 4446; baseline 0.003 -21"><span class='ocrx_word' id='word_1_277' title='bbox 155 4373 224 4442; x_wconf 76' lang='lat' dir='ltr'><strong>plui,</strong></span> <span class='ocrx_word' id='word_1_278' title='bbox 243 4375 360 4439; x_wconf 80' lang='lat' dir='ltr'><strong>coccini,</strong></span> <span class='ocrx_word' id='word_1_279' title='bbox 385 4379 414 4428; x_wconf 88' lang='lat' dir='ltr'><strong>et</strong></span> <span class='ocrx_word' id='word_1_280' title='bbox 438 4374 635 4446; x_wconf 86' lang='lat' dir='ltr'><strong>cuiuscumque</strong></span> <span class='ocrx_word' id='word_1_281' title='bbox 654 4372 771 4428; x_wconf 84' lang='lat' dir='ltr'><strong>alterius</strong></span> <span class='ocrx_word' id='word_1_282' title='bbox 791 4374 994 4442; x_wconf 87' lang='lat' dir='ltr'><strong>medicamenti,</strong></span> <span class='ocrx_word' id='word_1_283' title='bbox 1021 4375 1092 4430; x_wconf 89' lang='lat' dir='ltr'><strong>unde</strong></span> <span class='ocrx_word' id='word_1_284' title='bbox 1117 4391 1265 4430; x_wconf 89' lang='lat' dir='ltr'><strong>nervorum</strong></span> <span class='ocrx_word' id='word_1_285' title='bbox 1290 4393 1338 4428; x_wconf 86' lang='lat' dir='ltr'><strong>su-</strong></span> 
     </span>
     <span class='ocr_line' id='line_1_33' title="bbox 159 4479 1335 4554; baseline 0.003 -21"><span class='ocrx_word' id='word_1_286' title='bbox 159 4480 343 4549; x_wconf 81' lang='lat' dir='ltr'><strong>per-excitatio</strong></span> <span class='ocrx_word' id='word_1_287' title='bbox 370 4481 510 4552; x_wconf 70' lang='lat' dir='ltr'><strong>gignitur:</strong></span> <span class='ocrx_word' id='word_1_288' title='bbox 528 4486 557 4538; x_wconf 87' lang='lat' dir='ltr'><strong>et</strong></span> <span class='ocrx_word' id='word_1_289' title='bbox 575 4481 711 4554; x_wconf 84' lang='lat' dir='ltr'><strong>quaedam</strong></span> <span class='ocrx_word' id='word_1_290' title='bbox 739 4479 821 4552; x_wconf 85' lang='lat' dir='ltr'><strong>quasi</strong></span> <span class='ocrx_word' id='word_1_291' title='bbox 847 4483 941 4536; x_wconf 83' lang='lat' dir='ltr'><strong>suauis</strong></span> <span class='ocrx_word' id='word_1_292' title='bbox 974 4484 1106 4551; x_wconf 74' lang='lat' dir='ltr'><strong>amaritia,</strong></span> <span class='ocrx_word' id='word_1_293' title='bbox 1131 4499 1179 4537; x_wconf 86' lang='lat' dir='ltr'><strong>seu</strong></span> <span class='ocrx_word' id='word_1_294' title='bbox 1205 4483 1335 4538; x_wconf 77' lang='lat' dir='ltr'><strong>ebrietas.</strong></span> 
     </span>
    </p>
   </div>
   <div class='ocr_carea' id='block_1_6' title="bbox 0 0 1672 5108">
    <p class='ocr_par' dir='ltr' id='par_1_9' title="bbox 0 0 1672 5108">
     <span class='ocr_line' id='line_1_34' title="bbox 0 0 1672 5108; baseline 0 0"><span class='ocrx_word' id='word_1_295' title='bbox 0 0 1672 5108; x_wconf 95' lang='lat' dir='ltr'><strong> </strong></span> 
     </span>
    </p>
   </div>
  </div>
 </body>
</html>
