3306 5102
542 371 585 416 ua
609 370 765 418 numeris
788 373 831 418 nr
854 373 973 421 ronms
1281 357 1346 423 307

260 487 336 553 207.
360 489 506 556 Diximus
535 491 755 558 Tridentiuum
787 494 943 562 indultum
975 515 1039 560 nou
1070 497 1347 582 comprehendere

167 611 362 697 Superiores
379 614 570 699 Regulares.
585 617 678 683 -Sed
695 589 736 683 de
752 618 867 685 horum
884 619 998 684 subditi
1018 621 1225 704 privarentur
1241 623 1346 686 huius·

173 738 255 804 rnodi
287 738 443 804 beneflcio
474 743 554 806 iuris
581 746 768 818 communis,
796 746 827 810 S.
853 745 932 810 Pius
955 746 996 818 V.
1021 745 1129 812 Consi.
1156 783 1173 794 -
1198 746 1347 812 Romani

171 865 345 950 Pontificis
369 901 387 914 -
412 866 480 932 diei
501 867 544 931 21
569 869 649 934 lnlii
671 869 757 934 1571
780 868 941 936 Praelatis
960 868 1175 955 Regularibus
1198 870 1345 936 ordinum

173 990 396 1074 religiosorum
421 1011 493 1055 cum
515 991 600 1059 votis
615 993 820 1060 solemnibus
835 994 938 1078 quoad
953 1013 1033 1061 snos
1048 994 1197 1062 sabditos
1216 995 1347 1060 indulsit

172 1114 317 1180 eamdem
341 1121 528 1201 potestatem
554 1118 721 1202 Episcopis
744 1118 863 1183 factam
886 1139 906 1182 a
929 1119 1015 1183 Trid.
1040 1118 1184 1185 Concilio
1207 1121 1267 1186 lor.
1293 1117 1346 1183 cit.

174 1247 241 1310 lmo
266 1263 452 1308 concessum
480 1243 541 1308 fuit
564 1243 788 1328 Superioribus
813 1244 1028 1330 Regularibus
1051 1249 1088 1310 ut
1110 1252 1240 1330 possent
1269 1263 1349 1312 snos

171 1367 322 1435 sabditos
337 1367 523 1454 dispensare
539 1371 571 1433 in
589 1369 829 1454 irregularitate
846 1392 888 1436 ex
903 1371 1042 1456 bigamia
1058 1377 1090 1436 et
1106 1393 1148 1436 ex
1166 1371 1347 1444 homicidio,

171 1501 207 1560 at
229 1496 261 1558 in
286 1496 449 1560 nonnullis
471 1501 596 1561 tantum
619 1497 746 1562 casibus
769 1516 812 1561 ex
836 1496 957 1562 indulto
981 1498 1063 1564 Sixti
1089 1499 1154 1563 lV:
1179 1497 1220 1561 cl.
1239 1497 1346 1563 Const.

172 1618 293 1683 Bened.
309 1617 394 1683 Xlll
412 1653 430 1666 -
448 1617 622 1686 Pretiosos
639 1654 657 1667 -
673 1618 724 1685 25
740 1619 954 1702 Maii17255
974 1625 1006 1686 et
1023 1622 1129 1685 Breve
1148 1621 1264 1686 Leonis
1281 1622 1346 1686 Xll

173 1779 191 1791 ·
211 1741 319 1808 Plura
334 1743 424 1810 inter
440 1779 457 1790 -
474 1743 512 1808 11
531 1743 611 1808 latii
626 1743 718 1808 1826
725 1763 739 1826 ,·
754 1749 787 1809 et
804 1745 1043 1828 responsionem
1059 1745 1091 1810 S.
1110 1745 1208 1830 Gong.
1227 1745 1347 1810 Concil.

172 1871 206 1932 in
231 1867 523 1934 Brixin.12l)ec.
548 1866 649 1934 1733.

263 1964 440 2058 Praeterea
456 1991 656 2076 confessarii
670 1991 860 2080 Reputares
883 2014 925 2058 ex
949 1994 1118 2079 privilegio
1134 1996 1275 2060 Minimis
1300 1996 1350 2058 in-

171 2120 262 2184 dulto
278 2139 298 2183 a
312 2117 404 2184 Sixto
416 2117 465 2182 IV
482 2124 515 2183 et
530 2116 647 2182 exinde
663 2122 797 2182 extenso
814 2117 959 2183 omnibus
977 2117 1201 2203 regularibus,
1215 2120 1246 2182 vi
1266 2139 1349 2184 corn-

172 2245 397 2310 munieationis
420 2243 680 2329 privilegiorum,
705 2241 891 2327 dispensant
914 2245 1114 2328 poenitentes
1144 2244 1176 2308 in
1203 2243 1348 2311 omnibus

171 2365 468 2454 irregularitatibus
490 2369 523 2430 iu
546 2366 660 2450 quibus
677 2366 826 2451 Episcopi
842 2365 1030 2453 dispensare
1047 2367 1157 2432 valent
1178 2388 1253 2432 suos
1276 2367 1347 2432 sub·

171 2494 282 2559 ditosz‘
298 2492 339 2556 cf.
357 2493 522 2576 Gasparri‚
538 2491 623 2557 229.
643 2526 661 2541 ·
681 2511 698 2554 r
716 2490 760 2556 Al
779 2491 960 2574 inferiores
979 2492 1179 2574 confessoris
1202 2493 1239 2558 in
1262 2494 1349 2560 irre·

171 2618 414 2706 autoritatibus
428 2618 513 2683 nibil
526 2623 668 2701 possunt
684 2637 727 2684 ne
743 2617 779 2682 in
794 2616 938 2685 iubilaeo
951 2619 1089 2702 quidem
1093 2638 1108 2702 ;
1122 2620 1189 2684 nisi
1200 2624 1349 2701 potestas

172 2765 233 2811 eas
256 2741 477 2826 aspernandi
499 2743 551 2808 vel
574 2741 770 2808 absolvendi
799 2741 883 2822 ipsis
912 2741 1078 2807 mandata
1108 2741 1215 2824 faeml
1241 2743 1349 2809 nomi-

171 2869 316 2934 natim»
341 2869 388 2932 ita
411 2864 504 2931 docet
528 2865 727 2931 D’Annibale
751 2866 777 2941 l,
803 2864 890 2931 406.
1267 2853 1274 2869 ’

264 2997 338 3062 208.
364 2994 498 3070 Quando
521 2994 648 3078 aliquod
670 2995 839 3058 exoriatur
861 2992 990 3059 dubium
1018 2993 1121 3078 quoad
1145 2995 1209 3058 vim
1234 2999 1267 3059 et
1293 3014 1352 3059 ex-

171 3123 352 3188 tensionem
376 3119 621 3206 dispensationis
648 3119 730 3184 haec
759 3123 931 3184 teneantur
955 3119 1123 3203 principia.
1147 3153 1191 3166 -
1215 3115 1280 3182 Per
1307 3139 1352 3198 se,

173 3255 315 3338 potestas
339 3247 559 3333 dispensandi,
584 3245 782 3332 generaliter
806 3244 851 3329 (l)
875 3263 1030 3309 concessa
1052 3249 1101 3308 est
1124 3244 1221 3308 veluti
1242 3244 1351 3325 prim-

173 3376 301 3461 lepiam
332 3379 465 3458 praeter
487 3374 553 3448 ius;
578 3391 678 3457 quare
703 3371 819 3446 latam,
843 3389 907 3433 non
936 3374 1043 3433 tamen
1074 3367 1284 3433 entenstoam
1308 3369 1352 3432 in-

174 3498 440 3582 terpretationem
473 3497 595 3581 recipit.
622 3497 710 3580 Ipse'
727 3514 805 3560 vero
837 3498 928 3558 actus
958 3492 1204 3576 dispensationis
1235 3511 1294 3575 per
1317 3513 1352 3556 se

172 3621 327 3688 strictam
359 3621 475 3706 recipit
505 3621 816 3705 interpretationem,
842 3639 899 3683 seu
923 3617 1087 3702 proprium
1116 3616 1352 3682 declarantem

173 3762 304 3809 sensum
327 3741 511 3824 verborum,
528 3742 613 3806 unde
636 3760 741 3824 neque
763 3738 988 3806 reema-avam
1012 3757 1116 3821 neque
1139 3737 1351 3803 ostensivum

173 3869 313 3935 admittit
328 3869 627 3954 interpretationem
642 3867 700 3933 sed
715 3865 970 3934 declarativam.
989 3863 1189 3930 D'Annibale
1205 3863 1243 3948 (1,
1262 3865 1352 3951 407).

175 3993 275 4058 Hisce
298 3992 480 4058 adhaerens
503 3992 668 4078 principiis
691 3990 772 4054 haec
796 3989 889 4055 docet
911 3989 951 4054 cl.
978 3987 1144 4074 Gasparri‚
1169 3988 1191 4052 1.
1216 4007 1244 4053 o.
1267 3987 1353 4051 214.-

177 4116 420 4200 ‹Dispensatus
442 4115 483 4180 ad
506 4115 644 4181 ordines
665 4113 815 4179 minores
843 4131 908 4177 non
939 4112 1059 4198 poterit
1088 4109 1198 4176 saeris
1219 4111 1349 4183 initiari,

266 4400 304 4472 tl)
324 4401 438 4472 lnquam
460 4400 635 4470 ponet-aliter
661 4413 799 4462 coricesse,
825 4415 888 4451 nem
915 4412 963 4466 pro
990 4393 1102 4464 singulo
1126 4410 1192 4447 casu
1217 4409 1357 4448 concessus

177 4507 342 4562 aestimetur
359 4507 438 4578 quasi
457 4511 537 4559 aetus
555 4503 780 4576 dispensationis.
