3266 5102
540 317 584 362 uu
608 315 761 362 numeris
786 315 828 362 ar
852 314 971 361 renuis
1287 294 1351 360 117

164 461 303 528 poenam
326 462 391 504 non
415 439 570 506 decernat
593 439 646 504 vel
670 441 703 504 in
726 438 828 505 dubio
851 439 948 514 iuria,
973 458 1016 502 ex
1039 437 1148 502 verbis
1174 438 1255 522 legis
1278 457 1348 502 am-

164 567 281 654 biguis,
305 586 441 653 poenam
474 565 598 630 inferre
621 564 718 630 iudici
743 585 807 628 non
831 565 881 632 las
911 569 969 628 est.
996 564 1044 629 Gi.
1070 563 1265 644 Thesaurus,
1293 583 1349 648 op.

166 689 468 757 lecffi

251 814 421 908 lgr-(lubio
445 813 545 896 facti,
569 833 686 898 nempe
708 813 736 876 si
767 810 931 878 dubitetur
960 831 1003 875 an
1033 811 1157 876 crimen
1187 815 1351 896 patratum

166 943 208 1007 sit
231 945 265 1004 et
295 960 337 1004 au
368 939 467 1005 fuerit
496 943 760 1012 consummatum,
793 956 898 1022 poena
921 935 1075 1001 edicenda
1098 955 1162 999 non
1186 941 1252 1016 est3
1277 955 1351 1000 nam

162 1086 280 1148 poena
303 1085 349 1131 eo·
371 1065 473 1132 dubio
497 1065 616 1131 delicto
632 1083 702 1130 non
725 1063 836 1129 oritur
851 1062 909 1146 (ltz
928 1062 1057 1128 Suarez.
1076 1061 1128 1128 De
1148 1082 1235 1128 cors.
1252 1063 1290 1126 L.
1308 1062 1350 1127 X.

168 1191 254 1258 Secl.
273 1191 305 1266 6,
329 1212 363 1256 n.
381 1192 430 1273 5.‚·
446 1199 480 1256 et
502 1192 560 1256 leco
575 1191 609 1264 5,
625 1191 660 1274 ff.
685 1188 738 1254 De
751 1207 850 1271 poen.
868 1193 978 1252 monet
996 1207 1014 1252 ‹
1030 1187 1136 1252 sotius
1152 1206 1223 1252 erse
1237 1187 1351 1269 impu-

166 1316 280 1380 nitum
303 1314 452 1399 relinqui
473 1314 611 1398 focinus
633 1314 799 1386 nocentis,
824 1331 930 1397 quoin
953 1311 1165 1377 innocentem
1193 1311 1351 1377 condem-

167 1442 250 1506 nari
267 1465 297 1505 r,
315 1441 423 1516 Quare
440 1441 538 1506 iudex
554 1441 639 1525 quod
663 1440 703 1504 ad
726 1459 849 1526 poenas
865 1439 886 1503 l.
903 1444 985 1504 sent.
1004 1439 1120 1502 sivein
1137 1436 1238 1503 dtrbio
1253 1436 1350 1513 iuris,

168 1565 295 1630 sivein
319 1564 421 1631 dnbio
436 1564 520 1648 scoti
543 1585 607 1628 non
631 1563 720 1630 valet
736 1563 831 1628 edere
855 1563 1045 1627 sententiam
1069 1561 1222 1626 criminis
1245 1561 1354 1627 deela-

166 1691 338 1757 ratoriam
355 1690 394 1754 ad
411 1687 559 1755 effectum
575 1688 785 1754 denuntiandi
799 1689 939 1772 aliquem
959 1689 1071 1772 poenis
1091 1687 1277 1751 mulctatum
1294 1685 1352 1772 (2).

170 1851 189 1863 -
207 1816 247 1878 In
270 1817 382 1899 poenis
404 1815 468 1896 ser.
492 1820 574 1880 sent.
600 1813 693 1879 docet
710 1814 898 1878 Thesaurus
912 1813 932 1876 l.
950 1812 1003 1878 cit.
1017 1810 1155 1876 iudicem
1179 1831 1243 1876 non
1260 1829 1353 1896 posse

168 1937 318 2025 infligere
341 1959 477 2024 poenam
501 1939 737 2022 ordinariam
760 1938 834 2020 sed,
859 1939 885 2002 si
909 1957 1004 2002 casus
1031 1937 1126 2010 ferat,
1152 1942 1184 2001 et
1211 1955 1270 2022 pro
1294 1955 1353 2002 sua

169 2069 339 2149 potestate.
364 2083 499 2148 poenam
534 2063 852 2130 entraordinarium
890 2083 948 2126 seu
986 2060 1210 2127 arbitrariam
1245 2060 1351 2135 leret,

170 2187 299 2272 quando
324 2207 439 2273 nempe
462 2189 570 2272 aliqua
592 2187 693 2252 subsit
717 2188 811 2273 culpa
826 2185 1017 2252 coercenda.
1044 2221 1061 2234 -
1087 2183 1287 2270 Principium
1303 2190 1354 2250 est

170 2330 315 2376 summae
338 2311 507 2395 aequitatis
531 2331 611 2394 quae
639 2312 673 2374 in
695 2311 768 2376 foro
795 2330 896 2394 usque
922 2308 1145 2394 praedicatur:
1171 2309 1214 2372 In
1241 2307 1353 2374 dubiis

168 2453 236 2516 pro
259 2453 329 2500 reo.

264 2559 368 2623 Locus
392 2564 441 2624 est
464 2559 565 2625 dnbio
587 2558 671 2642 facti
698 2578 796 2643 quum
827 2556 1020 2622 necessariis
1044 2554 1193 2622 adhibitis
1220 2556 1353 2640 inquisi-

171 2683 321 2764 tionibus,
336 2703 379 2746 an
403 2688 435 2748 et
458 2683 552 2766 quale
569 2684 712 2748 extiterit
734 2682 865 2754 factum,
883 2681 1045 2746 declarari
1063 2701 1126 2744 non
1143 2685 1256 2765 potest.
1270 2677 1353 2744 Item

171 2827 236 2872 non
261 2813 310 2872 est
332 2807 423 2872 loeus
446 2808 548 2874 dnbio
572 2807 658 2874 iuris
681 2808 743 2872 nisi
766 2812 935 2892 postquam
960 2805 1128 2890 explorato
1152 2825 1248 2870 sensu
1271 2804 1353 2888 legis

264 3055 304 3124 (l)
325 3055 405 3110 Unde
425 3055 522 3124 regula
541 3055 690 3109 enunciata
709 3055 737 3106 in
757 3073 779 3108 c.
801 3072 823 3108 c.
844 3055 888 3118 12⁹,
908 3053 952 3106 18.
973 3053 1015 3106 De
1033 3054 1132 3106 bornio.
1153 3051 1179 3105 X
1200 3051 1243 3119 (V.
1264 3051 1307 3118 12)
1326 3050 1354 3103 vi

172 3161 253 3216 cuius
271 3163 403 3216 dubitans
421 3180 457 3216 an
476 3161 618 3217 admiserit
643 3160 823 3215 homicidium
849 3159 964 3229 perinde
990 3177 1020 3214 se
1044 3175 1142 3228 gerere
1166 3159 1249 3212 debet
1273 3131 1306 3210 ab
1331 3157 1354 3210 si

173 3268 412 3337 irregularitatem
432 3267 626 3332 contraxisset,
646 3268 712 3338 quia
732 3297 746 3306 -
767 3268 796 3320 in
815 3268 907 3321 dubiis
925 3267 1053 3320 semitam
1073 3267 1181 3336 elicere
1203 3267 1354 3319 debeamus

172 3377 307 3429 tutiorem
318 3405 335 3413 -
347 3377 395 3440 (ox
407 3377 451 3429 cit.
471 3393 530 3445 cop.
545 3376 603 3447 12),
619 3375 696 3444 viget
710 3391 759 3444 pro
773 3373 826 3428 hoc
840 3391 904 3428 casu
918 3373 1031 3426 omniuo
1045 3375 1165 3426 lanatico
1176 3376 1205 3426 et
1218 3372 1355 3442 acceptio-

170 3483 233 3535 noli
245 3482 293 3552 qui
309 3481 459 3536 nullimode
470 3483 497 3535 in
508 3482 665 3550 exemplum
678 3481 751 3535 trahi
765 3485 864 3550 potest.
875 3481 988 3541 -Quare
1003 3485 1080 3549 patet
1093 3481 1198 3550 absque
1209 3479 1268 3533 ulla
1279 3495 1355 3548 pror·

171 3589 351 3654 speratione,
367 3589 419 3640 DD.
439 3589 607 3658 principium
620 3589 763 3642 invocasse
778 3619 793 3628 -
807 3591 836 3640 in
855 3589 948 3642 <lobiis
961 3591 1046 3641 tutior
1055 3605 1125 3657 pars
1144 3597 1184 3640 est
1196 3587 1328 3655 elipeuda
1340 3615 1355 3625 -

172 3695 349 3764 desumptum
363 3712 397 3748 ex
411 3695 486 3749 hisce
497 3696 635 3764 capitibus
653 3695 686 3748 ad
703 3695 886 3763 confingenda
897 3699 1053 3766 systemata
1064 3694 1182 3748 moralia
1196 3698 1224 3748 et
1237 3691 1355 3746 iuridica

175 3803 334 3856 tutiorismt.
348 3831 362 3841 -
382 3801 511 3857 Ceterum
531 3802 559 3856 in
579 3819 644 3855 casu
664 3803 809 3856 indiuiduo
834 3800 977 3854 homicidii
996 3803 1083 3866 dubii,
1102 3800 1174 3871 quod
1194 3799 1227 3853 ad
1247 3800 1355 3868 irregu-

175 3910 328 3975 laritatem,
347 3927 401 3964 non
420 3911 498 3965 deest
517 3909 588 3964 ratio
607 3925 656 3964 cur
675 3909 826 3964 invaluerit
844 3909 1036 3978 excepti0,·ex
1049 3908 1197 3962 homicidio
1217 3907 1356 3962 enimetsi

174 4016 268 4082 dubio,
289 4021 368 4070 tanta
387 4016 494 4071 derivat
512 4015 673 4070 inhonestas
692 4018 721 4069 et
739 4015 854 4068 infamia
874 4015 903 4068 in
923 4013 1034 4068 bomine
1055 4019 1085 4069 ut
1104 4014 1193 4068 arceri
1222 4015 1321 4070 debeat
1340 4030 1358 4066 a

175 4123 264 4176 sacris
282 4123 481 4178 functionibus.

267 4229 306 4300 (2)
326 4229 366 4284 De
385 4229 473 4296 dubio¹
487 4229 531 4284 vel
550 4231 621 4283 iuris
634 4229 678 4283 uel
691 4233 769 4300 forti,
783 4245 817 4281 ao
834 4228 997 4283 commissae
1010 4229 1066 4282 siut
1079 4244 1211 4282 censurae
1225 4231 1274 4281 aut
1286 4227 1358 4281 irre-

176 4333 345 4405 gularitates
358 4341 401 4390 est
413 4336 478 4407 quid
491 4335 639 4406 specialius
652 4333 936 4400 animadvertendum,
948 4335 1021 4405 quod
1034 4334 1235 4404 praestabimus
1245 4333 1318 4386 iufra
1329 4331 1358 4386 in

175 4443 305 4511 apposito
324 4447 465 4497 tractatu:
485 4443 519 4498 ct'.
544 4443 705 4497 Thesaurus
725 4441 743 4494 l.
763 4460 786 4495 c.
805 4441 889 4512 Resp.
910 4441 948 4496 11.
