3202 5104
314 283 380 348 2214
837 299 920 346 rans
945 300 966 344 1.

314 430 359 494 uti
383 427 524 512 explicat
547 428 676 498 suarez,
701 425 722 488 l.
740 421 804 505 cil,
822 425 849 503 1,
866 431 943 488 tunc
967 424 1065 489 iudex
1089 422 1315 494 condemnans.
1341 425 1409 508 ipse
1436 443 1491 506 pro

315 550 478 618 beneficiis
500 553 534 616 in
556 571 615 616 sua
638 550 774 616 dioecesi
805 551 960 636 possessis
983 551 1155 634 exequitur
1186 549 1396 628 sententiam,
1422 547 1493 610 aliis

314 697 393 741 vero
418 675 599 742 Ordinariis
629 677 661 740 in
693 696 827 760 quorum
860 673 1058 740 dioecesibus
1082 674 1221 739 clericus
1244 673 1309 738 alia
1335 669 1494 736 beneficia
1576 671 1577 686 ¹

314 799 462 886 possidet,
487 799 660 865 denunciat
683 801 874 865 sententiam
905 817 999 881 quam
1024 799 1157 881 quisque
1189 817 1249 882 pro
1275 816 1334 860 suo
1357 814 1494 860 munere

314 924 497 988 executioni
520 921 700 988 demandet.
727 921 775 986 Cf.
802 921 842 996 V,
869 923 910 996 II,
936 921 956 986 l.
981 941 1009 986 c.

404 1047 431 1110 E
448 1051 562 1110 contra
584 1044 711 1128 quando
727 1045 895 1130 suspensio
910 1046 1062 1109 statuitur
1081 1061 1152 1110 aaa
1168 1061 1213 1108 ecc
1228 1043 1305 1107 iure
1320 1041 1496 1108 carlmani
1577 1133 1578 1144 ἵ

315 1169 371 1234 sed
395 1189 437 1234 ex
460 1169 535 1233 iare
554 1167 777 1250 particulari,
802 1169 970 1252 quaeritur
1000 1187 1042 1232 an
1074 1167 1156 1232 haec
1187 1166 1354 1250 suspensio
1387 1170 1497 1230 teneat

315 1315 440 1379 quoque
470 1295 624 1360 clericum
655 1295 758 1380 quoad
789 1293 945 1362 beneficia
969 1297 1001 1359 in
1026 1297 1089 1360 alia
1120 1295 1258 1360 dioecesi
1291 1313 1453 1378 possessa.
1478 1328 1494 1340 ·

316 1418 498 1482 Communis
522 1418 761 1502 Theolognrum
784 1423 817 1482 et
841 1419 1087 1484 Oanonistarum
1111 1417 1274 1482 sententia
1297 1421 1360 1488 est,
1386 1415 1497 1480 taliter

316 1564 503 1628 suspensum
528 1545 663 1630 intelligi
691 1565 879 1630 suspensum
912 1547 1007 1609 etism
1039 1564 1059 1608 a
1089 1539 1253 1608 beneflciis
1285 1561 1369 1627 quae
1399 1548 1497 1608 extra
1578 1549 1579 1602 l

316 1669 485 1734 dioecesim
510 1668 661 1735 obtineat.
689 1672 737 1735 lta
761 1669 890 1749 Suaraz,
909 1669 1054 1738 XXVII.
1073 1667 1167 1749 1,17‚
1184 1667 1497 1752 seq.,·polissimam

316 1811 402 1877 erp,
427 1811 501 1874 cap.
526 1793 581 1873 14,
606 1793 658 1860 eil.
684 1794 734 1859 De
755 1793 834 1877 foro
858 1812 990 1876 comp.·;
1014 1791 1097 1876 quod
1120 1797 1227 1857 tamen
1252 1792 1337 1855 hanc
1362 1795 1497 1854 senten·

316 1919 392 1982 tiam
417 1937 481 1981 non
505 1918 625 1982 evincit
648 1919 722 2002 quia
745 1917 892 1983 decernit
915 1915 1061 1982 beneficii
1084 1916 1323 1999 privatiorem
1346 1931 1497 1978 nonsu-
1579 1947 1580 1960 κ

314 2041 537 2124 spernerem,
556 2043 598 2105 nti
624 2041 867 2126 explicavimus.
887 2041 1064 2104 Praeterea
1089 2040 1216 2110 Suarez,
1235 2059 1308 2104 cum
1331 2039 1498 2102 communi

317 2167 380 2228 Di).
404 2165 555 2250 opinatur
578 2164 665 2229 hunc
689 2161 838 2228 effectum
863 2165 953 2246 sequi
969 2185 988 2226 a
1004 2163 1213 2247 suspensione
1236 2162 1277 2226 ab
1297 2159 1415 2242 officio,
1434 2181 1498 2226 non

317 2291 420 2353 minus
442 2305 482 2352 ac
504 2305 525 2350 a
548 2287 757 2371 suspensione
772 2307 792 2350 a
807 2284 973 2367 beneficio,
991 2284 1146 2369 siquidem
1170 2286 1337 2370 proprium
1355 2290 1406 2349 est
1426 2305 1498 2349 cen-

284 2461 286 2465 ·
316 2419 482 2482 surarum.
507 2431 549 2476 ex
574 2413 641 2497 ipsa
664 2412 828 2476 voluntate
859 2411 938 2476 iuris
968 2411 1145 2476 communis
1173 2417 1205 2474 et
1228 2411 1303 2493 quia
1332 2411 1499 2494 attingunt
1580 2401 1581 2404 '

316 2542 439 2602 stalera
464 2555 685 2620 personarum.
704 2541 738 2600 ut
762 2543 967 2600 censuratum
993 2537 1072 2602 istae
1096 2533 1247 2607 alliciant.
1262 2541 1295 2599 et
1317 2543 1500 2618 sequantur

317 2663 361 2725 uti
385 2657 499 2725 umbra
523 2680 648 2745 corpus,
675 2659 791 2744 ubique
814 2666 988 2726 terrarum.
1008 2697 1024 2709 -
1049 2658 1110 2726 Ast
1135 2657 1336 2724 D'Annibale
1361 2657 1400 2740 (Ι,
1419 2659 1498 2724 382.

316 2790 379 2849 not.
405 2785 470 2870 33),
496 2791 594 2870 negat
616 2787 857 2871 suspensionem
882 2805 901 2849 a
926 2783 1082 2850 beneficio
1106 2805 1177 2851 esse
1208 2804 1396 2860 censuram
1423 2789 1499 2870 quia
1581 2823 1582 2860 4

315 2911 465 2994 prohibet
487 2931 506 2974 a
529 2910 652 2975 iuribus
675 2929 767 2975 mere
792 2909 1034 2993 temporalibus
1042 2931 1056 2992 ,·
1080 2917 1113 2978 et
1135 2911 1245 2996 plures
1269 2912 1333 2976 DD.
1358 2912 1441 2977 citat
1466 2915 1497 2976 in

216 3081 218 3087 -
316 3055 404 3100 suam
428 3041 562 3119 partem.
581 3033 748 3099 Concludit
771 3040 877 3100 autem
901 3055 1089 3121 suspensum
1106 3055 1126 3100 a
1145 3033 1312 3106 beneficio,
1337 3035 1499 3118 siplwu

317 3158 436 3224 habeat
458 3158 628 3244 beneficia,
646 3178 848 3241 suspensum
863 3179 934 3225 esse
949 3181 970 3224 a
988 3159 1155 3244 beneficiis
1178 3179 1268 3244 quae
1291 3159 1328 3225 in
1344 3179 1385 3225 ea
1400 3159 1498 3228 diee-

317 3284 382 3348 ceri
402 3283 561 3366 possidet.

406 3410 570 3474 Sententia
601 3410 640 3474 ci.
669 3407 864 3475 n'nnnibale
888 3415 937 3474 est
967 3415 1058 3474 certe
1082 3409 1254 3493 probabilis
1285 3418 1318 3475 et
1350 3411 1438 3477 hanc
1465 3413 1496 3476 in

317 3537 410 3620 praxi
427 3536 515 3619 sequi
532 3554 699 3619 possumus
715 3537 906 3618 praesertim
930 3535 1014 3618 qnia,
1033 3555 1074 3598 ex
1096 3537 1236 3619 receptis
1252 3535 1404 3609 moribus,
1423 3537 1498 3622 Epi·

316 3681 431 3744 scopus
453 3661 512 3724 nisi
538 3661 736 3724 contrarium
754 3679 909 3744 expresse
934 3660 1047 3726 edicat.
1065 3660 1257 3744 intelligitur
1282 3661 1423 3725 voluisse
1450 3683 1499 3726 su-

315 3782 475 3866 spendere
505 3801 524 3844 a
554 3778 717 3846 beneflciis
751 3785 875 3846 tantum
907 3783 938 3846 ln
969 3801 1027 3846 sua
1062 3781 1200 3846 dioecesi
1235 3783 1406 3867 possessis;
1441 3785 1498 3848 sed

316 3905 481 3971 abstracte
497 3909 572 3988 puto
593 3904 754 3968 veriorem
772 3907 962 3970 sententiam
980 3907 1186 3971 contrariam.
1208 3941 1224 3954 -
1244 3907 1382 3972 Videtur
1397 3911 1497 3978 enim,

316 4031 415 4113 ipsam
439 4029 680 4113 suspensionem
704 4048 723 4092 a
746 4028 902 4094 beneticio
924 4029 1006 4093 ferri
1030 4050 1121 4113 posse
1145 4031 1190 4095 uti
1214 4049 1387 4094 censuram
1410 4031 1499 4114 quod

315 4158 427 4238 aperte
441 4153 559 4218 latetur
572 4153 701 4234 Suarez,
714 4153 781 4216 XX
790 4153 861 4226 VII,
875 4154 910 4228 2,
926 4154 958 4236 l;
970 4156 1115 4238 quamvis
1129 4155 1160 4217 in
1175 4155 1269 4236 Disp.
1286 4155 1311 4228 Ι,
1326 4153 1408 4221 Seel.
1417 4157 1448 4226 1,
1464 4157 1497 4222 6.

316 4277 490 4348 admiserit,
509 4285 540 4342 in
564 4298 686 4363 genere
703 4298 856 4343 censuras
880 4281 1005 4344 versari
1029 4300 1094 4344 non
1112 4299 1204 4365 posse
1221 4281 1281 4346 nisi
1304 4284 1391 4346 circa
1413 4282 1497 4346 iuro

316 4403 518 4485 spiritualia.
538 4405 668 4468 Revera
683 4405 742 4471 iste
763 4405 882 4469 Doctor
899 4405 930 4473 in
948 4404 1039 4504 Disp.
1056 4403 1215 4478 XXXVI,
1233 4403 1267 4484 3,
1287 4407 1330 4482 11,
1348 4405 1496 4490 explicat
