3306 5102
545 335 588 380 uu
611 334 767 380 nunionis
791 335 832 379 sr
857 333 975 380 Poenis
1283 313 1349 378 353

171 460 319 543 infamio
333 459 417 544 facti
429 479 510 545 quae
526 460 601 526 inde
612 461 762 526 aufertur
774 479 834 544 per
845 460 1102 541 conversionem,
1115 459 1349 525 absolutionem

172 589 205 650 et
227 584 386 669 publicam
410 604 561 649 errorum
585 569 857 649 retractationem.
883 582 990 646 Porro
1015 583 1098 648 ratio
1121 581 1160 646 ob
1184 602 1278 666 quam
1301 584 1348 648 illi

171 729 358 794 persuasum
375 715 432 782 est,
450 708 630 774 huiusmodi
647 709 922 794 irregularitatem
938 727 1003 772 non
1019 708 1101 772 oriri
1122 719 1168 772 ece
1191 706 1347 790 infamia,

171 840 220 902 est
243 836 355 901 eadem
378 836 628 920 irregularitatis
648 835 820 919 antiquitas
835 853 917 918 pene
940 832 1133 916 apostolica.
1152 835 1242 899 Tunc
1259 854 1347 907 vero,

171 957 311 1027 advertit
335 963 467 1032 Auctor,
495 981 558 1025 non
582 958 713 1046 vigebat
738 960 962 1045 irregularitas
985 977 1029 1025 ece
1051 958 1200 1043 infamio
1223 959 1280 1045 (1).
1422 927 1427 942 ⁸

258 1085 335 1151 264.
361 1086 484 1151 Verum
501 1088 533 1151 in
552 1089 623 1152 iure
647 1087 748 1171 magis
765 1085 893 1152 videtur
915 1084 1049 1152 fundata
1072 1087 1231 1152 sententia
1246 1084 1348 1153 D'An·

172 1210 278 1276 nibale
301 1216 334 1276 et
356 1211 441 1276 hanc
464 1231 590 1296 sequor.
609 1247 624 1258 -
646 1212 726 1276 Nam
750 1211 941 1277 documenta
963 1210 1062 1276 allata
1084 1231 1104 1275 a
1127 1212 1167 1275 cl.
1193 1211 1348 1296 Gasparri

171 1336 309 1421 probant
325 1337 599 1422 irregularitatem
616 1357 659 1402 ex
675 1337 814 1407 haeresi,
828 1335 882 1402 sed
895 1335 1071 1401 nullimode
1088 1338 1249 1410 evincunt,
1263 1335 1349 1402 hanc

171 1465 345 1547 provenire
368 1484 411 1528 ex
433 1463 507 1546 ipso
531 1464 662 1544 delicto,
686 1483 752 1528 non
775 1482 820 1530 eoo
843 1461 1000 1545 infamia.
1026 1463 1078 1527 Ex
1101 1463 1238 1528 adverso
1262 1465 1349 1529 infra

170 1589 370 1673 explicantes
393 1608 551 1672 quaenam
566 1608 725 1674 personae
749 1589 945 1654 contrahant
960 1588 1046 1653 hano
1062 1588 1347 1674 irregularitatem,

168 1721 279 1779 textus
300 1713 496 1780 adducemus
521 1712 689 1797 quibusda
705 1712 946 1799 irregularitate
962 1712 1170 1795 eniasamin
1187 1715 1218 1778 in
1236 1711 1348 1778 haere·

169 1841 250 1904 ticos
273 1838 358 1904 edita
381 1858 535 1923 expresse
558 1843 703 1905 cavetur.

259 1965 392 2031 Demum
405 1966 480 2048 quia
495 1964 535 2030 cl.
548 1965 704 2070 Gasparri
718 1965 868 2048 opinatur
879 1961 1058 2028 huiusmodi
1074 1963 1347 2048 irregularitatem

170 2092 341 2155 incurrere
372 2090 539 2155 dumtaxat
568 2089 751 2154 haereticos
782 2087 925 2155 addictos
957 2094 1065 2156 sectae
1088 2087 1266 2160 damnatae,
1294 2090 1345 2153 vel
1421 2121 1423 2125 >

168 2216 351 2281 haereticos
366 2215 581 2300 personaliter
604 2233 663 2300 per
687 2215 877 2280 sententiam
895 2214 1069 2289 damnatos,
1087 2216 1179 2279 islam
1195 2233 1274 2278 vero
1299 2215 1346 2278 el-

169 2339 285 2424 fugere
308 2340 490 2404 haereticos
509 2338 664 2423 publicos
679 2337 735 2403 sed
751 2358 815 2402 non
833 2338 1013 2405 damnatos
1028 2338 1202 2410 amantia,
1219 2337 1347 2404 ridetur

168 2465 338 2530 admittere
354 2465 506 2549 implicite
520 2463 792 2549 irregularitatem
807 2464 928 2528 incurri
946 2481 989 2527 ex
1005 2463 1218 2537 damnatione,
1232 2484 1347 2549 nempe

169 2609 211 2656 ex
235 2593 395 2656 sententia
418 2591 539 2672 iudicis,
555 2589 702 2674 generali
727 2591 886 2654 sententia
906 2588 1087 2654 damnantis
1108 2589 1275 2673 quamdam
1299 2613 1346 2656 se-

169 2721 253 2780 ctam
278 2717 515 2781 haerelicorum
540 2715 591 2779 vel
620 2715 830 2798 peculiariter
859 2715 1056 2800 singularem
1089 2713 1250 2782 hominem
1274 2736 1348 2779 con-

169 2842 359 2906 damnantis.
377 2840 439 2906 Sed
463 2839 689 2924 irregularitas
703 2859 785 2922 quae
802 2838 1006 2905 contrahitur
1029 2859 1071 2904 ex
1094 2841 1254 2906 sententia
1274 2859 1346 2906 con·

168 2967 381 3032 damnationis
405 2986 469 3031 non
493 2970 596 3051 potest
620 2985 690 3030 esse
707 2966 767 3029 nisi
785 2965 1009 3050 irregularitas
1025 2984 1071 3029 ece
1088 2965 1245 3048 infamio.
1264 2985 1346 3050 quae

168 3092 376 3174 consequitur
406 3091 508 3174 ipsum
541 3091 665 3154 crimen
692 3088 887 3154 iudicialiter
914 3089 1140 3154 denunciatum
1168 3091 1220 3154 vel
1245 3091 1345 3177 ipsam

168 3235 312 3301 poenam.
332 3217 412 3284 Nam
437 3215 662 3300 irregularitas
684 3213 749 3296 ser.
765 3221 847 3279 seat.
865 3233 929 3279 non
950 3214 1151 3299 intelligitur,
1169 3221 1202 3283 at
1218 3236 1346 3301 semper

168 3343 348 3408 incurritur
370 3341 443 3424 ipso
469 3340 571 3423 socio,
604 3340 643 3405 ad
672 3342 776 3406 instar
801 3339 1143 3424 quasi-inhabilitatis,
1174 3343 1219 3408 uti
1253 3340 1346 3408 docet

167 3467 237 3550 ipse
259 3465 299 3530 cl.
326 3467 480 3551 Gasparri
505 3485 536 3529 n.
566 3464 628 3530 164
651 3461 709 3550 (2).

257 3729 297 3799 (l)
315 3729 368 3784 Sed
387 3729 457 3785 haee
475 3730 592 3784 assertio
611 3746 665 3783 non
686 3730 795 3784 videtur
813 3731 969 3785 omnimode
983 3733 1094 3786 veritati
1108 3731 1267 3798 cohaerere,
1280 3736 1346 3804 quia

167 3855 252 3906 snpra
270 3837 388 3891 vidimus
406 3835 570 3906 Apostolum
590 3837 707 3890 Paulum
727 3837 905 3906 expostulare
925 3853 973 3906 pro
998 3838 1132 3892 ministris
1150 3838 1255 3908 altaris,
1276 3841 1344 3895 lide·

167 3944 237 3999 lium
263 3946 363 3998 bonam
388 3945 575 3998 testimoniam
596 3944 665 3998 adeo
684 3948 715 3997 ut
734 3949 827 3998 essent
845 3946 1116 4015 irreprehensibiles,
1136 3963 1234 4016 nempe
1260 3949 1343 4002 eliam

166 4048 256 4121 quoad
273 4050 417 4120 publicam
429 4053 545 4122 somam.
558 4049 709 4105 Praeterea
722 4049 863 4105 Ecclesiae
882 4050 1030 4120 disciplina
1048 4052 1077 4105 in
1097 4051 1252 4107 haereticos
1265 4054 1345 4108 modo

167 4154 322 4224 benignior,
350 4155 432 4210 modo
459 4155 581 4210 severior
607 4155 703 4210 habita
731 4160 780 4209 est.
809 4156 849 4209 cf.
874 4155 1095 4225 Thomassinum,
1121 4157 1151 4211 P.
1179 4158 1218 4223 11,
1248 4160 1294 4212 lio.
1321 4160 1343 4227 l,

166 4279 227 4330 cap.
249 4261 289 4313 62
307 4277 347 4331 sq.

255 4369 295 4435 (2)
315 4369 387 4421 Sane
400 4369 422 4422 si
436 4368 607 4436 admittatur,
622 4367 858 4437 irregularitatem
872 4369 1017 4438 provenire
1037 4387 1070 4424 ex
1089 4373 1149 4440 ipso
1162 4373 1265 4424 delicto
1279 4369 1344 4425 hae·

167 4477 244 4542 resia,
264 4476 332 4530 satis
351 4493 407 4531 non
425 4476 555 4532 videntur
574 4477 684 4546 probari
710 4477 889 4532 limitationes
907 4495 924 4531 a
942 4477 1072 4546 Gasparri
1098 4479 1256 4548 appositae3
1275 4479 1342 4549 quin

275 4585 335 4638 Soc.
355 4585 432 4655 Lego
1164 4585 1198 4640 23
1266 4623 1269 4630 ·
