3226 5106
333 269 397 334 146
858 290 941 336 rans
966 289 988 336 r.

286 431 289 440 ¹
329 409 481 494 acceptio
504 377 715 494 aspiciente,
733 411 817 476 unde
843 411 950 483 iudex.
968 413 1084 498 quippe
1107 417 1283 498 suspectus,
1300 433 1321 476 a
1344 411 1513 479 iudicando

328 535 520 620 prohibetur
535 535 580 622 (1)
598 540 631 600 et
652 537 756 622 impar
772 536 920 602 redditur
942 539 1133 621 cuicumque
1148 536 1281 602 decreto
1301 539 1334 602 in
1348 537 1513 622 litigantes

328 661 474 742 ferendo,
498 662 696 748 proindeque
720 683 878 729 censurae
902 663 1086 729 edicendae.
1112 663 1246 749 Sayrus
1271 665 1299 738 Ι,
1325 665 1361 740 5,
1387 665 1447 730 40.

419 789 509 854 Haec
532 795 638 854 autem
660 789 888 855 iurisdictionis
912 791 1078 876 suspensio
1095 789 1302 876 intelligenda
1318 794 1369 854 est
1384 795 1508 856 tantum

327 913 361 977 in
377 911 464 976 illam
485 931 615 977 eausam
632 914 664 976 in
680 915 772 978 cuius
787 915 995 1000 agitationem
1011 913 1123 979 incidit
1138 915 1286 1000 exceptio
1304 914 1506 998 suspicionis,

327 1042 423 1121 atque
447 1038 638 1121 exceptione
662 1038 723 1101 rite
746 1036 970 1123 comprobata3
995 1041 1028 1102 et
1049 1037 1181 1122 planum
1204 1042 1261 1101 est.

327 1306 395 1351 sam
419 1287 486 1352 sive
510 1287 550 1351 ad
579 1288 823 1352 universitatem
846 1305 1032 1361 causarum,
1057 1285 1509 1380 utpotedpraeditis-iurisdi-
1586 1341 1587 1372 p

210 1375 214 1380 ⁵
315 1377 646 1402 ‘m

327 1412 433 1504 odone
457 1411 490 1498 in
507 1411 589 1496 [dre
613 1389 754 1494 calefit)
786 1432 842 1500 [au
868 1479 886 1487 ⁸,
1000 1415 1179 1494 „edcom
1203 1416 1272 1476 eter

326 1537 455 1617 ferendi
469 1557 642 1628 censuram
655 1536 719 1626 sed·
735 1556 800 1622 non
816 1536 1322 1622 absolunmnequeineactem
1334 1553 1507 1612 menoare.
1586 1541 1587 1554 ¹

327 1661 397 1725 Non
421 1660 621 1733 absolutam,
645 1662 719 1745 quia
742 1661 816 1726 Vic.
841 1659 1011 1726 Generalis
1033 1663 1067 1724 et
1089 1659 1186 1724 iudex
1216 1659 1383 1745 delegatus
1411 1678 1505 1743 quum
1586 1735 1587 1744 ἶ

325 1806 389 1850 non
414 1787 556 1873 polleant
578 1791 735 1872 potestate
765 1785 904 1872 legifera
927 1805 1080 1850 censuras
1111 1789 1252 1849 statuere
1284 1805 1350 1848 non
1373 1787 1504 1869 possunt
1586 1779 1587 1800 ³

325 1931 348 1976 o
370 1911 446 1978 iure
469 1932 527 1978 seu
550 1910 715 1977 condendo
739 1915 906 1986 statutum;
923 1910 1034 1976 ferunt
1050 1910 1092 1976 ab
1109 1909 1244 1976 homine
1260 1910 1312 1974 vel
1327 1909 1369 1974 ad
1385 1929 1505 1996 urgen—
1586 1913 1587 1964 ἰ

326 2037 398 2101 dam
422 2038 646 2102 executionem
661 2037 710 2102 sui
725 2036 848 2102 decreti
870 2036 1027 2102 iudicialis
1050 2035 1102 2100 vel
1126 2033 1378 2100 extraiudicialis
1394 2035 1448 2099 rel
1463 2034 1501 2098 ad
1586 2025 1587 2062 ³

323 2158 430 2244 legem
453 2178 619 2224 comunem
649 2158 882 2245 applicandam.
914 2159 1026 2242 Neque
1048 2159 1082 2222 in
1105 2155 1226 2224 eadem
1253 2176 1420 2222 mensura
1443 2157 1503 2220 hoc

324 2283 468 2366 utrisque
499 2284 657 2367 competit.
691 2279 775 2346 Nam
805 2281 903 2346 iudex
934 2281 1099 2367 delegatus
1129 2279 1170 2344 ad
1201 2285 1324 2345 certam
1356 2299 1504 2355 eausam,
1586 2257 1587 2320 ἦ

324 2407 401 2490 quin
424 2407 570 2492 specialis
594 2405 649 2473 liat
673 2407 809 2479 mentio,
833 2405 923 2471 ferre
946 2410 1051 2492 potest
1073 2406 1312 2492 suspensionem
1340 2409 1374 2470 et
1404 2406 1504 2470 inter·

324 2528 442 2596 dictum
458 2550 517 2617 pro
538 2529 662 2596 efficaci
678 2551 755 2596 suae
770 2529 996 2596 iurisdictionis
1013 2531 1178 2604 exercitio
1196 2549 1261 2594 non
1275 2548 1356 2593 vero
1374 2547 1502 2594 excom-

323 2659 580 2733 municationem,
605 2659 666 2722 nisi
690 2658 874 2743 specialiter
897 2657 991 2722 detur
1013 2662 1163 2742 potestas,
1192 2677 1268 2743 ary.
1293 2677 1319 2724 e.
1346 2677 1372 2724 e.
1399 2657 1433 2731 5,
1457 2657 1500 2732 11,

322 2782 373 2848 De
388 2783 443 2865 off.
460 2782 530 2848 iud.
548 2783 612 2848 dcl.
630 2783 670 2856 X,
689 2779 727 2866 (l,
744 2781 800 2869 29)
818 2779 873 2868 (2).
892 2783 934 2847 Et
951 2783 982 2845 in
999 2801 1120 2867 genere
1136 2801 1155 2846 a
1171 2801 1325 2847 concessa
1345 2785 1502 2866 potestate

322 2903 449 2969 ferendi
476 2907 716 2991 suspensionem
747 2910 779 2970 et
801 2904 1007 2970 interdictum
1037 2924 1103 2968 non
1130 2901 1297 2970 descendit
1324 2903 1500 2968 auctoritas

322 3026 448 3092 ferendi
468 3027 840 3092 excommunicationem.
859 3029 903 3092 At
920 3027 1071 3092 Viearius
1089 3025 1267 3106 Generalis,
1280 3025 1312 3090 si
1329 3026 1392 3089 hoc
1409 3045 1500 3110 expo

322 3151 419 3216 stulet
446 3152 637 3217 exercitium
665 3171 742 3216 suae
765 3151 1003 3228 iurisdictionis,
1029 3151 1119 3216 ferro
1142 3149 1229 3214 valet
1251 3149 1348 3214 etiam
1370 3168 1499 3214 excom·

322 3272 587 3348 municationem;
608 3272 692 3357 quod
707 3275 864 3358 comperti
880 3250 959 3338 iuris
976 3277 1033 3340 est.
1050 3273 1176 3338 Verum
1193 3272 1288 3336 iudici
1304 3293 1385 3358 prae
1402 3272 1499 3336 oculis

322 3416 423 3481 usque
439 3398 479 3462 sit
492 3397 645 3462 monitum
659 3397 778 3462 Concil.
798 3397 885 3462 Trid.
905 3395 991 3463 Sese
1005 3395 1065 3472 23,
1079 3417 1105 3462 c.
1119 3394 1152 3478 3,
1167 3395 1219 3460 De
1232 3395 1294 3478 ref.
1309 3401 1340 3461 et
1355 3415 1429 3480 cop.
1443 3394 1497 3468 48,

323 3519 479 3587 Deserat.
506 3540 636 3588 eoeoom.
660 3521 701 3596 X,
726 3521 780 3606 (V.
803 3521 869 3607 39),
902 3541 946 3586 sc.
971 3520 1118 3586 censuris
1141 3521 1270 3605 parcius
1294 3517 1455 3584 utendum.

411 3645 463 3710 97.
489 3645 622 3712 Demum
646 3647 812 3730 quaeritur
835 3667 877 3710 an
900 3646 1007 3712 valeat
1031 3664 1170 3711 censura
1192 3663 1288 3729 quam
1312 3643 1408 3710 iudex
1435 3645 1498 3710 fert

322 3774 409 3836 metu
432 3773 525 3856 gravi
549 3773 664 3836 iniusto
696 3776 835 3836 coactus.
859 3805 875 3819 ·
899 3771 1082 3838 Communis
1113 3771 1272 3836 sententia
1299 3774 1404 3844 tenet,
1428 3787 1498 3834 ceu-

411 3980 450 4052 (l)
470 3981 510 4035 Cf.
531 3979 593 4036 Vol.
612 3981 632 4048 l,
651 3981 713 4036 545.

411 4087 449 4158 (2)
470 4087 519 4142 Uti
539 4093 628 4158 patet,
648 4089 789 4160 loquimur
807 4089 840 4145 de
859 4089 950 4143 iudice
969 4088 1108 4159 delegato,
1132 4089 1211 4142 euius
1235 4086 1367 4152 officium,
1386 4103 1420 4141 ex
1438 4085 1495 4139 iure

324 4195 477 4261 communi,
496 4194 652 4266 explicatur
670 4197 699 4250 in
719 4197 763 4251 tit.
783 4197 824 4250 De
843 4199 889 4269 off.
909 4207 935 4250 et
951 4207 1007 4267 pot.
1026 4198 1083 4250 iud.
1102 4198 1195 4266 delep.
1218 4224 1233 4234 -
1256 4193 1309 4249 Sed
1329 4195 1405 4264 Papa
1423 4193 1496 4247 ualet

320 4301 429 4354 cuidam
447 4301 577 4372 delegere
603 4305 688 4358 etiem
713 4309 881 4374 potestatem
908 4305 1076 4375 lepiseram,·
1095 4307 1125 4359 et
1142 4301 1300 4356 huiusmodi
1325 4302 1410 4356 iudici
1429 4305 1493 4355 tunc

320 4411 476 4476 competere
495 4413 595 4477 potest,
615 4426 745 4465 censuras
764 4427 874 4482 quoque
894 4411 967 4466 ferre
986 4429 1003 4466 a
1022 4414 1094 4466 iure.
