3312 5108
276 277 321 342 54
806 298 890 346 nens
914 299 936 344 1.

279 417 379 500 fecta,
396 418 575 516 Qmodo
597 439 662 484 non
686 415 844 492 affectata,
865 427 913 488 est
929 423 1012 486 ratio
1035 423 1183 488 minuens
1203 429 1299 490 aens
1320 425 1455 509 imputa·

262 543 413 636 xtionem.
430 577 445 589 ·
470 543 518 608 cf.
541 541 739 628 Tiraquello‚
764 565 815 630 op.
839 547 894 610 cit.
922 545 1018 612 Gaas.
1044 549 1076 620 6,
1101 567 1135 610 a.
1159 547 1212 622 10,
1236 552 1269 612 et
1293 547 1458 628 Burman,

279 665 330 731 De
351 687 390 732 eo
414 668 506 750 paeri
528 667 656 734 iustam
679 673 728 734 est
749 669 842 735 circa
865 668 983 734 caios.
1008 668 1131 752 Aliors.
1155 669 1257 734 1742.

369 792 422 856 32.
456 795 841 882 lfflffllimerendum
873 801 921 860 est
944 795 984 859 de
1007 799 1116 886 ⁰9¹¹&
1141 816 1224 880 puae
1255 793 1392 874 influunt
1419 797 1458 869 iu

262 917 500 1018 -.¹3¹⁰lfillffl0ffl
522 925 623 992 actus,
647 923 842 1008 attingentes
865 923 1062 988 intellectum
1087 941 1145 986 seu
1167 923 1216 986 rei
1232 921 1456 1006 cognitionem.

233 1015 259 1026 ’
283 1043 370 1142 Istae
394 1047 468 1107 sunt
490 1044 687 1130 iquoraatia
712 1053 744 1110 et
767 1066 875 1112 error.
894 1082 912 1095 -
931 1049 969 1111 ln
993 1047 1123 1132 vulgari
1143 1065 1293 1110 sermone
1315 1044 1462 1109 indiscri-

278 1166 422 1229 minatim
445 1187 543 1231 unum
568 1175 601 1235 et
623 1169 709 1233 aliud
732 1169 923 1234 vocabulum
954 1172 1128 1234 assumitur
1150 1169 1191 1234 ad
1214 1167 1458 1254 significandum

281 1308 516 1374 quemcumque
531 1287 695 1357 desectum
710 1292 902 1376 cognitionis
918 1290 1054 1355 alicuius
1077 1293 1135 1363 rei,
1159 1291 1216 1356 sed
1239 1290 1460 1376 philosophice

279 1434 478 1501 magnopere
501 1416 686 1502 discrepant
708 1418 796 1482 inter
815 1437 859 1481 se.
876 1419 1004 1483 Etenim
1021 1419 1204 1504 ignorantia
1219 1423 1281 1482 est:
1306 1417 1459 1482 carcinio

279 1540 421 1636 ζι-ρίξιίαε
444 1541 486 1606 cle
502 1542 620 1626 aliqua
636 1561 691 1624 re‚·
714 1541 787 1606 dum
816 1562 912 1606 error
934 1550 1000 1607 est:
1026 1542 1078 1608 rei
1094 1544 1185 1608 trotio
1201 1517 1366 1624 salsas-Et
1381 1561 1460 1606 ecce

1024 1629 1277 1664 *uu-ff-

278 1664 414 1740 idiotae,
438 1667 643 1731 surdi-mati
660 1687 682 1731 a
698 1667 872 1733 natimtate
879 1717 891 1750 ‚
916 1669 1006 1736 coeci
1021 1689 1044 1734 a
1058 1668 1233 1733 nativitate
1247 1686 1303 1732 res
1317 1666 1459 1732 cannino

279 1790 450 1875 iuuerunt,
476 1811 518 1855 ex
541 1810 600 1856 sua
623 1790 805 1858 conditione
836 1813 893 1874 seu
918 1793 977 1858 nisi
1001 1794 1145 1878 apposite
1176 1792 1386 1857 instituantur
1416 1789 1456 1853 ad

279 1931 390 1977 rerum
414 1915 639 2002 primigeniam
662 1917 825 1991 notitiam;
849 1924 1070 1984 manicare
1094 1917 1186 1983 circa
1209 1935 1327 1982 rerum
1347 1933 1458 1980 mora-

279 2036 345 2102 lem
369 2040 637 2107 aestimationem
652 2043 706 2126 qui
723 2041 805 2106 salsa
819 2047 998 2124 sequuntur
1013 2041 1140 2126 placita,
1156 2046 1268 2126 utputa
1283 2038 1459 2104 socialismi

278 2165 335 2226 aut
356 2163 543 2228 auarohiae.

375 2286 454 2350 Cum
476 2305 611 2372 agamus
634 2289 673 2354 de
695 2289 893 2375 ipnoraatia
916 2297 949 2353 et
971 2307 1089 2355 errore
1113 2293 1221 2372 utpote
1243 2287 1348 2352 causis
1362 2306 1463 2350 exeu-

286 2408 431 2474 santibus
454 2429 474 2472 a
496 2411 609 2496 poenis
632 2411 814 2486 subeundis,
838 2416 926 2496 patet
949 2412 1003 2476 iric
1026 2431 1090 2474 non
1117 2413 1199 2475 sumi
1229 2408 1463 2495 iyaorantiam

285 2553 369 2618 quae
392 2539 442 2599 est
465 2537 612 2600 carentia
642 2537 882 2620 qualiscumque
912 2556 1022 2600 rerum
1053 2535 1196 2615 notitiae,
1226 2533 1333 2618 prouti
1362 2529 1398 2595 fit
1428 2531 1463 2594 in

283 2660 407 2732 idiotis,
431 2662 531 2725 veluti
556 2663 590 2725 in
611 2661 727 2726 sardis
749 2667 782 2726 et
801 2663 904 2728 matis
926 2669 983 2728 aut
1004 2661 1041 2726 ia
1067 2661 1174 2726 coecis
1203 2659 1305 2724 simul
1329 2677 1352 2722 a
1372 2655 1464 2721 nuti-

285 2788 387 2855 uitate
411 2809 475 2854 non
498 2809 643 2874 congrue
666 2789 818 2854 institutis
842 2795 874 2856 et
896 2791 971 2854 hinc
996 2788 1189 2854 inhabilibus
1219 2788 1305 2851 vitae
1336 2783 1464 2858 sociali;

285 2912 343 2978 sed
366 2913 407 2977 de
428 2912 480 2976 his
503 2914 555 2996 qui
579 2917 680 2996 agunt
702 2913 809 2995 aliquo
832 2915 917 2997 capti
943 2931 1069 2976 errore.
1095 2945 1113 2958 -
1140 2911 1270 2974 Revera
1300 2907 1384 2972 nihil
1415 2911 1464 2972 eat

286 3036 426 3102 coliium
449 3035 533 3120 quin
554 3034 836 3118 praemonitam
859 3053 960 3118 quare
990 3035 1136 3099 carentia
1165 3031 1298 3097 notitiae
1328 3029 1465 3094 alicuius

288 3161 336 3225 rei
360 3179 423 3224 non
448 3165 646 3246 potestesse
669 3160 862 3244 principium
889 3158 1033 3222 actionis.
1060 3155 1316 3221 -Nihilominus
1347 3154 1464 3238 passim

287 3294 320 3353 et
343 3288 376 3352 iu
400 3287 472 3352 foro
496 3287 578 3351 etin
595 3287 833 3352 commentariis
856 3285 963 3372 legum
986 3285 1168 3369 poenalium
1191 3284 1360 3347 invocatur
1382 3284 1465 3346 haec

294 3573 397 3628 Schola
414 3571 579 3627 Germanica
597 3579 627 3627 et
645 3572 742 3626 Italica
755 3572 919 3626 ebrietatem
939 3569 1097 3624 habueruut
1109 3569 1150 3622 uti
1163 3583 1274 3621 causam
1288 3575 1467 3619 excusantem

294 3681 340 3736 vel
354 3681 438 3735 etiam
451 3682 629 3734 dim'mentem
642 3678 767 3732 criminis
779 3679 998 3748 imputationem.
1011 3704 1026 3717 ·
1039 3675 1109 3729 Huic
1121 3673 1263 3728 doctrinae
1276 3673 1371 3725 favent
1383 3669 1463 3739 leges

293 3787 373 3842 Rom.
399 3787 465 3858 quia
489 3785 556 3840 inl.
576 3787 601 3850 5,
621 3790 638 3849 ἓ
658 3787 684 3850 2,
702 3786 730 3837 ff.
749 3785 787 3838 ad
806 3785 860 3854 lep.
879 3785 965 3854 aquil.
985 3781 1201 3850 recognoscitur,
1220 3778 1385 3832 ebrietatem
1405 3789 1468 3829 esse

294 3908 405 3946 causam
432 3893 619 3956 dirimentem·
638 3889 787 3960 aliquando
812 3898 999 3952 excusantem,
1024 3887 1052 3938 in
1073 3887 1091 3938 l.
1116 3885 1185 3954 7,ff.
1203 3887 1240 3936 ad
1260 3881 1314 3950 lep.
1333 3881 1420 3950 aquil.
1435 3889 1468 3933 et

294 4002 332 4068 ll,
353 4003 381 4072 [ᾖ
401 4005 437 4054 de
453 4003 559 4070 poenis.
571 3999 745 4052 ·Practerea
763 3998 791 4050 in
812 3997 924 4067 Anglia,
943 3997 971 4049 in
981 3994 1082 4058 Gellia,
1092 3995 1119 4046 in
1131 3990 1288 4053 Germania,
1307 3989 1335 4040 in
1356 3987 1467 4050 Russia,

293 4109 323 4162 iu
343 4107 469 4161 Statibus
488 4107 580 4161 rimer.
600 4105 675 4175 Sept
695 4103 843 4158 foederatis
862 4101 1055 4171 compescitur,
1074 4098 1193 4168 propriis
1214 4097 1320 4167 poenis,
1345 4094 1468 4150 ebrietas

295 4213 383 4269 veluti
402 4213 538 4267 delictam
562 4212 604 4264 sui
631 4211 749 4280 generis.
769 4209 920 4263 Dumtaxat
939 4207 967 4260 in
994 4206 1059 4260 Cod.
1080 4204 1140 4260 ltal.
1160 4202 1268 4274 poenau.
1293 4202 1407 4272 punitur
1426 4202 1468 4255 uti

293 4321 489 4391 transpressim
514 4323 543 4373 et
567 4319 617 4371 sub
637 4321 750 4386 aspectu
771 4315 878 4386 poenal.
897 4314 959 4382 civ.,
977 4313 1030 4368 hoc
1048 4313 1157 4368 videtur
1179 4309 1290 4364 rectius.
1309 4336 1323 4350 -
1342 4307 1378 4360 Cf
1402 4305 1470 4360 Car-

290 4443 364 4493 rara,
383 4443 426 4496 op.
445 4427 489 4480 cit.
508 4429 526 4490 s
545 4423 607 4489 332,
625 4441 682 4494 seq.
