<?xml version="1.0" encoding="UTF-8"?>
<!DOCTYPE html PUBLIC "-//W3C//DTD XHTML 1.0 Transitional//EN"
    "http://www.w3.org/TR/xhtml1/DTD/xhtml1-transitional.dtd">
<html xmlns="http://www.w3.org/1999/xhtml" xml:lang="en" lang="en">
 <head>
  <title>
</title>
<meta http-equiv="Content-Type" content="text/html;charset=utf-8" />
  <meta name='ocr-system' content='tesseract 3.04.00' />
  <meta name='ocr-capabilities' content='ocr_page ocr_carea ocr_par ocr_line ocrx_word'/>
</head>
<body>
  <div class='ocr_page' id='page_1' title='image "./praelectionesin02legagoog_0162.png"; bbox 0 0 3266 5102; ppageno 0'>
   <div class='ocr_carea' id='block_1_1' title="bbox 492 275 1297 341">
    <p class='ocr_par' dir='ltr' id='par_1_1' title="bbox 492 275 1297 341">
     <span class='ocr_line' id='line_1_1' title="bbox 492 275 1297 341; baseline 0.002 -5"><span class='ocrx_word' id='word_1_1' title='bbox 492 290 536 337; x_wconf 85' lang='lat' dir='ltr'>ns</span> <span class='ocrx_word' id='word_1_2' title='bbox 560 289 716 338; x_wconf 81' lang='lat' dir='ltr'>nsurcrrs</span> <span class='ocrx_word' id='word_1_3' title='bbox 740 292 783 338; x_wconf 83' lang='lat' dir='ltr'>nr</span> <span class='ocrx_word' id='word_1_4' title='bbox 807 292 927 339; x_wconf 76' lang='lat' dir='ltr'>rossus</span> <span class='ocrx_word' id='word_1_5' title='bbox 1233 275 1297 341; x_wconf 80' lang='lat'>157</span> 
     </span>
    </p>
   </div>
   <div class='ocr_carea' id='block_1_2' title="bbox 120 416 1297 754">
    <p class='ocr_par' dir='ltr' id='par_1_2' title="bbox 120 416 1297 754">
     <span class='ocr_line' id='line_1_2' title="bbox 120 416 1297 517; baseline 0.008 -40"><span class='ocrx_word' id='word_1_6' title='bbox 120 435 139 478; x_wconf 92' lang='lat' dir='ltr'>a</span> <span class='ocrx_word' id='word_1_7' title='bbox 161 417 311 498; x_wconf 83' lang='lat' dir='ltr'>censuris</span> <span class='ocrx_word' id='word_1_8' title='bbox 332 416 375 483; x_wconf 90' lang='lat' dir='ltr'>ab</span> <span class='ocrx_word' id='word_1_9' title='bbox 389 416 533 517; x_wconf 18' lang='lat' dir='ltr'>„Maniae</span> <span class='ocrx_word' id='word_1_10' title='bbox 554 417 692 483; x_wconf 85' lang='lat' dir='ltr'>absolvit</span> <span class='ocrx_word' id='word_1_11' title='bbox 715 417 748 504; x_wconf 86' lang='lat' dir='ltr'>a)</span> <span class='ocrx_word' id='word_1_12' title='bbox 774 419 826 502; x_wconf 93' lang='lat' dir='ltr'>qui</span> <span class='ocrx_word' id='word_1_13' title='bbox 858 437 1029 484; x_wconf 85' lang='lat' dir='ltr'>censuram</span> <span class='ocrx_word' id='word_1_14' title='bbox 1060 420 1147 496; x_wconf 87' lang='lat' dir='ltr'>tulit;</span> <span class='ocrx_word' id='word_1_15' title='bbox 1173 419 1204 504; x_wconf 89' lang='lat' dir='ltr'>b)</span> <span class='ocrx_word' id='word_1_16' title='bbox 1229 423 1297 487; x_wconf 91' lang='lat' dir='ltr'>eius</span> 
     </span>
     <span class='ocr_line' id='line_1_3' title="bbox 120 540 1295 630; baseline 0.005 -26"><span class='ocrx_word' id='word_1_17' title='bbox 120 540 274 624; x_wconf 83' lang='lat' dir='ltr'>Superior</span> <span class='ocrx_word' id='word_1_18' title='bbox 298 540 328 628; x_wconf 91' lang='lat' dir='ltr'>c)</span> <span class='ocrx_word' id='word_1_19' title='bbox 344 544 413 606; x_wconf 88' lang='lat' dir='ltr'>eius</span> <span class='ocrx_word' id='word_1_20' title='bbox 428 542 603 608; x_wconf 79' lang='lat' dir='ltr'>Successor</span> <span class='ocrx_word' id='word_1_21' title='bbox 626 542 661 626; x_wconf 78' lang='lat' dir='ltr'>cl)</span> <span class='ocrx_word' id='word_1_22' title='bbox 678 543 768 628; x_wconf 86' lang='lat' dir='ltr'>alius,</span> <span class='ocrx_word' id='word_1_23' title='bbox 786 542 826 608; x_wconf 88' lang='lat' dir='ltr'>ab</span> <span class='ocrx_word' id='word_1_24' title='bbox 850 543 967 608; x_wconf 89' lang='lat' dir='ltr'>horum</span> <span class='ocrx_word' id='word_1_25' title='bbox 984 545 1101 630; x_wconf 87' lang='lat' dir='ltr'>aliqua,</span> <span class='ocrx_word' id='word_1_26' title='bbox 1119 544 1295 630; x_wconf 88' lang='lat' dir='ltr'>delegatus.</span> 
     </span>
     <span class='ocr_line' id='line_1_4' title="bbox 120 664 1295 754; baseline 0.003 -23"><span class='ocrx_word' id='word_1_27' title='bbox 120 664 165 731; x_wconf 81' lang='lat' dir='ltr'>af.</span> <span class='ocrx_word' id='word_1_28' title='bbox 183 665 306 730; x_wconf 85' lang='lat' dir='ltr'>Suarez</span> <span class='ocrx_word' id='word_1_29' title='bbox 322 667 450 748; x_wconf 85' lang='lat' dir='ltr'>XXIX,</span> <span class='ocrx_word' id='word_1_30' title='bbox 463 665 494 742; x_wconf 80' lang='lat'>2;</span> <span class='ocrx_word' id='word_1_31' title='bbox 508 666 800 752; x_wconf 85' lang='lat' dir='ltr'>Sebmalzgrueber</span> <span class='ocrx_word' id='word_1_32' title='bbox 816 667 865 733; x_wconf 90' lang='lat' dir='ltr'>De</span> <span class='ocrx_word' id='word_1_33' title='bbox 880 673 962 734; x_wconf 85' lang='lat' dir='ltr'>senl.</span> <span class='ocrx_word' id='word_1_34' title='bbox 981 687 1146 736; x_wconf 79' lang='lat' dir='ltr'>eneconem.</span> <span class='ocrx_word' id='word_1_35' title='bbox 1164 669 1212 735; x_wconf 88' lang='grc'>85</span> <span class='ocrx_word' id='word_1_36' title='bbox 1227 688 1295 754; x_wconf 80' lang='lat' dir='ltr'>seq.</span> 
     </span>
    </p>
   </div>
   <div class='ocr_carea' id='block_1_3' title="bbox 119 789 1297 998">
    <p class='ocr_par' dir='ltr' id='par_1_3' title="bbox 119 789 1297 998">
     <span class='ocr_line' id='line_1_5' title="bbox 120 789 1297 876; baseline 0.003 -22"><span class='ocrx_word' id='word_1_37' title='bbox 120 791 196 854; x_wconf 81' lang='lat' dir='ltr'>Nam</span> <span class='ocrx_word' id='word_1_38' title='bbox 227 789 316 855; x_wconf 91' lang='lat' dir='ltr'>illius</span> <span class='ocrx_word' id='word_1_39' title='bbox 346 795 395 855; x_wconf 91' lang='lat' dir='ltr'>est</span> <span class='ocrx_word' id='word_1_40' title='bbox 425 791 553 856; x_wconf 88' lang='lat' dir='ltr'>solvere</span> <span class='ocrx_word' id='word_1_41' title='bbox 584 793 675 856; x_wconf 90' lang='lat' dir='ltr'>cuius</span> <span class='ocrx_word' id='word_1_42' title='bbox 703 797 751 856; x_wconf 89' lang='lat' dir='ltr'>est</span> <span class='ocrx_word' id='word_1_43' title='bbox 774 792 887 876; x_wconf 89' lang='lat' dir='ltr'>ligare.</span> <span class='ocrx_word' id='word_1_44' title='bbox 913 792 955 856; x_wconf 90' lang='lat' dir='ltr'>Et</span> <span class='ocrx_word' id='word_1_45' title='bbox 978 811 1075 876; x_wconf 89' lang='lat' dir='ltr'>quum</span> <span class='ocrx_word' id='word_1_46' title='bbox 1098 792 1213 865; x_wconf 81' lang='lat' dir='ltr'>iudex,</span> <span class='ocrx_word' id='word_1_47' title='bbox 1238 814 1297 858; x_wconf 90' lang='lat' dir='ltr'>sua</span> 
     </span>
     <span class='ocr_line' id='line_1_6' title="bbox 119 911 1296 998; baseline 0.003 -25"><span class='ocrx_word' id='word_1_48' title='bbox 119 913 319 986; x_wconf 86' lang='lat' dir='ltr'>auctoritate,</span> <span class='ocrx_word' id='word_1_49' title='bbox 343 911 443 977; x_wconf 82' lang='lat' dir='ltr'>infert</span> <span class='ocrx_word' id='word_1_50' title='bbox 466 931 636 976; x_wconf 83' lang='lat' dir='ltr'>censuram</span> <span class='ocrx_word' id='word_1_51' title='bbox 653 913 686 976; x_wconf 91' lang='lat' dir='ltr'>in</span> <span class='ocrx_word' id='word_1_52' title='bbox 701 911 929 996; x_wconf 89' lang='lat' dir='ltr'>particularem</span> <span class='ocrx_word' id='word_1_53' title='bbox 945 911 1116 985; x_wconf 88' lang='lat' dir='ltr'>subditum,</span> <span class='ocrx_word' id='word_1_54' title='bbox 1131 914 1296 998; x_wconf 83' lang='lat' dir='ltr'>negotium</span> 
     </span>
    </p>
   </div>
   <div class='ocr_carea' id='block_1_4' title="bbox 120 1033 1297 1494">
    <p class='ocr_par' dir='ltr' id='par_1_4' title="bbox 120 1033 1297 1494">
     <span class='ocr_line' id='line_1_7' title="bbox 120 1033 1297 1120; baseline 0.003 -22"><span class='ocrx_word' id='word_1_55' title='bbox 120 1036 160 1098; x_wconf 90' lang='lat' dir='ltr'>ita</span> <span class='ocrx_word' id='word_1_56' title='bbox 182 1033 262 1100; x_wconf 84' lang='lat' dir='ltr'>lacit</span> <span class='ocrx_word' id='word_1_57' title='bbox 283 1055 377 1100; x_wconf 89' lang='lat' dir='ltr'>suum</span> <span class='ocrx_word' id='word_1_58' title='bbox 399 1040 435 1100; x_wconf 90' lang='lat' dir='ltr'>nt</span> <span class='ocrx_word' id='word_1_59' title='bbox 456 1036 548 1108; x_wconf 86' lang='lat' dir='ltr'>alius,</span> <span class='ocrx_word' id='word_1_60' title='bbox 574 1037 634 1100; x_wconf 90' lang='lat' dir='ltr'>nisi</span> <span class='ocrx_word' id='word_1_61' title='bbox 651 1035 816 1120; x_wconf 83' lang='lat' dir='ltr'>Superior,</span> <span class='ocrx_word' id='word_1_62' title='bbox 834 1037 867 1100; x_wconf 91' lang='lat' dir='ltr'>in</span> <span class='ocrx_word' id='word_1_63' title='bbox 889 1035 972 1100; x_wconf 90' lang='lat' dir='ltr'>idem</span> <span class='ocrx_word' id='word_1_64' title='bbox 996 1036 1159 1120; x_wconf 82' lang='lat' dir='ltr'>negotium</span> <span class='ocrx_word' id='word_1_65' title='bbox 1183 1055 1297 1102; x_wconf 90' lang='lat' dir='ltr'>manus</span> 
     </span>
     <span class='ocr_line' id='line_1_8' title="bbox 120 1160 1294 1246; baseline 0.004 -25"><span class='ocrx_word' id='word_1_66' title='bbox 120 1178 278 1244; x_wconf 90' lang='lat' dir='ltr'>apponere</span> <span class='ocrx_word' id='word_1_67' title='bbox 304 1179 369 1225; x_wconf 89' lang='lat' dir='ltr'>non</span> <span class='ocrx_word' id='word_1_68' title='bbox 391 1160 508 1226; x_wconf 85' lang='lat' dir='ltr'>valeat.</span> <span class='ocrx_word' id='word_1_69' title='bbox 533 1161 581 1224; x_wconf 91' lang='lat' dir='ltr'>Eo</span> <span class='ocrx_word' id='word_1_70' title='bbox 604 1162 707 1246; x_wconf 88' lang='lat' dir='ltr'>magis</span> <span class='ocrx_word' id='word_1_71' title='bbox 731 1163 808 1244; x_wconf 89' lang='lat' dir='ltr'>quia</span> <span class='ocrx_word' id='word_1_72' title='bbox 831 1180 990 1226; x_wconf 85' lang='lat' dir='ltr'>censurae</span> <span class='ocrx_word' id='word_1_73' title='bbox 1013 1160 1196 1246; x_wconf 87' lang='lat' dir='ltr'>percellunt</span> <span class='ocrx_word' id='word_1_74' title='bbox 1218 1180 1294 1227; x_wconf 87' lang='lat' dir='ltr'>ean-</span> 
     </span>
     <span class='ocr_line' id='line_1_9' title="bbox 122 1283 1296 1368; baseline 0.002 -22"><span class='ocrx_word' id='word_1_75' title='bbox 122 1288 293 1354; x_wconf 82' lang='lat' dir='ltr'>tamaeem,</span> <span class='ocrx_word' id='word_1_76' title='bbox 311 1303 369 1347; x_wconf 93' lang='lat' dir='ltr'>seu</span> <span class='ocrx_word' id='word_1_77' title='bbox 391 1288 597 1368; x_wconf 81' lang='lat' dir='ltr'>spernentem</span> <span class='ocrx_word' id='word_1_78' title='bbox 622 1286 846 1350; x_wconf 89' lang='lat' dir='ltr'>auctoritatem</span> <span class='ocrx_word' id='word_1_79' title='bbox 870 1283 992 1350; x_wconf 88' lang='lat' dir='ltr'>iudicis.</span> <span class='ocrx_word' id='word_1_80' title='bbox 1018 1319 1033 1331; x_wconf 96' lang='lat'>·</span> <span class='ocrx_word' id='word_1_81' title='bbox 1058 1284 1192 1359; x_wconf 86' lang='lat' dir='ltr'>Quando</span> <span class='ocrx_word' id='word_1_82' title='bbox 1217 1303 1296 1349; x_wconf 90' lang='lat' dir='ltr'>vero</span> 
     </span>
     <span class='ocr_line' id='line_1_10' title="bbox 121 1409 1296 1494; baseline 0.002 -22"><span class='ocrx_word' id='word_1_83' title='bbox 121 1429 253 1474; x_wconf 88' lang='lat' dir='ltr'>censura</span> <span class='ocrx_word' id='word_1_84' title='bbox 277 1410 465 1482; x_wconf 74' lang='lat' dir='ltr'>astatore,</span> <span class='ocrx_word' id='word_1_85' title='bbox 482 1409 565 1494; x_wconf 88' lang='lat' dir='ltr'>legis</span> <span class='ocrx_word' id='word_1_86' title='bbox 581 1409 666 1476; x_wconf 90' lang='lat' dir='ltr'>lator</span> <span class='ocrx_word' id='word_1_87' title='bbox 682 1429 745 1475; x_wconf 93' lang='lat' dir='ltr'>non</span> <span class='ocrx_word' id='word_1_88' title='bbox 770 1409 908 1475; x_wconf 79' lang='lat' dir='ltr'>intendit</span> <span class='ocrx_word' id='word_1_89' title='bbox 930 1409 989 1474; x_wconf 93' lang='lat' dir='ltr'>sibi</span> <span class='ocrx_word' id='word_1_90' title='bbox 1013 1429 1185 1475; x_wconf 85' lang='lat' dir='ltr'>reservare</span> <span class='ocrx_word' id='word_1_91' title='bbox 1201 1409 1296 1474; x_wconf 88' lang='lat' dir='ltr'>abso·</span> 
     </span>
    </p>
   </div>
   <div class='ocr_carea' id='block_1_5' title="bbox 122 1534 1295 1995">
    <p class='ocr_par' dir='ltr' id='par_1_5' title="bbox 122 1534 1294 1743">
     <span class='ocr_line' id='line_1_11' title="bbox 122 1534 1294 1621; baseline 0.002 -23"><span class='ocrx_word' id='word_1_92' title='bbox 122 1535 268 1599; x_wconf 88' lang='lat' dir='ltr'>tutionem</span> <span class='ocrx_word' id='word_1_93' title='bbox 297 1537 361 1600; x_wconf 92' lang='lat' dir='ltr'>nisi</span> <span class='ocrx_word' id='word_1_94' title='bbox 389 1555 545 1620; x_wconf 80' lang='lat' dir='ltr'>expresse</span> <span class='ocrx_word' id='word_1_95' title='bbox 568 1535 687 1608; x_wconf 86' lang='lat' dir='ltr'>edicat;</span> <span class='ocrx_word' id='word_1_96' title='bbox 717 1555 786 1621; x_wconf 91' lang='lat' dir='ltr'>arg.</span> <span class='ocrx_word' id='word_1_97' title='bbox 817 1555 886 1620; x_wconf 89' lang='lat' dir='ltr'>cap.</span> <span class='ocrx_word' id='word_1_98' title='bbox 911 1534 1034 1618; x_wconf 84' lang='lat' dir='ltr'>Nuper</span> <span class='ocrx_word' id='word_1_99' title='bbox 1056 1535 1115 1600; x_wconf 83' lang='lat'>29.</span> <span class='ocrx_word' id='word_1_100' title='bbox 1140 1535 1190 1601; x_wconf 91' lang='lat' dir='ltr'>De</span> <span class='ocrx_word' id='word_1_101' title='bbox 1212 1541 1294 1602; x_wconf 88' lang='lat' dir='ltr'>sent.</span> 
     </span>
     <span class='ocr_line' id='line_1_12' title="bbox 122 1655 509 1743; baseline -0.008 -20"><span class='ocrx_word' id='word_1_102' title='bbox 122 1677 280 1724; x_wconf 86' lang='lat' dir='ltr'>eacamm.</span> <span class='ocrx_word' id='word_1_103' title='bbox 308 1659 342 1722; x_wconf 87' lang='lat' dir='ltr'>X</span> <span class='ocrx_word' id='word_1_104' title='bbox 364 1655 418 1741; x_wconf 89' lang='lat' dir='ltr'>(V,</span> <span class='ocrx_word' id='word_1_105' title='bbox 443 1659 509 1743; x_wconf 85' lang='lat'>39).</span> 
     </span>
    </p>

    <p class='ocr_par' dir='ltr' id='par_1_6' title="bbox 122 1782 1295 1995">
     <span class='ocr_line' id='line_1_13' title="bbox 204 1782 1293 1881; baseline -0.002 -33"><span class='ocrx_word' id='word_1_106' title='bbox 204 1784 277 1848; x_wconf 87' lang='grc'><strong>106.</strong></span> <span class='ocrx_word' id='word_1_107' title='bbox 295 1783 513 1881; x_wconf 65' lang='lat' dir='ltr'>Qnsalio</span> <span class='ocrx_word' id='word_1_108' title='bbox 525 1803 605 1847; x_wconf 88' lang='lat' dir='ltr'>uero</span> <span class='ocrx_word' id='word_1_109' title='bbox 622 1789 655 1848; x_wconf 94' lang='lat' dir='ltr'>et</span> <span class='ocrx_word' id='word_1_110' title='bbox 670 1782 834 1850; x_wconf 81' lang='lat' dir='ltr'>absolutio</span> <span class='ocrx_word' id='word_1_111' title='bbox 851 1785 883 1847; x_wconf 94' lang='lat' dir='ltr'>in</span> <span class='ocrx_word' id='word_1_112' title='bbox 900 1783 1064 1848; x_wconf 89' lang='lat' dir='ltr'>nonnullis</span> <span class='ocrx_word' id='word_1_113' title='bbox 1089 1783 1293 1850; x_wconf 87' lang='lat' dir='ltr'>conveniunt.</span> 
     </span>
     <span class='ocr_line' id='line_1_14' title="bbox 122 1907 1295 1995; baseline 0.004 -26"><span class='ocrx_word' id='word_1_114' title='bbox 122 1907 252 1972; x_wconf 85' lang='lat' dir='ltr'>Possunt</span> <span class='ocrx_word' id='word_1_115' title='bbox 276 1908 366 1972; x_wconf 90' lang='lat' dir='ltr'>enim</span> <span class='ocrx_word' id='word_1_116' title='bbox 389 1909 548 1994; x_wconf 86' lang='lat' dir='ltr'>impertiri</span> <span class='ocrx_word' id='word_1_117' title='bbox 567 1914 635 1973; x_wconf 90' lang='lat' dir='ltr'>tum</span> <span class='ocrx_word' id='word_1_118' title='bbox 649 1928 710 1995; x_wconf 91' lang='lat' dir='ltr'>pro</span> <span class='ocrx_word' id='word_1_119' title='bbox 726 1907 798 1974; x_wconf 83' lang='lat' dir='ltr'>loro</span> <span class='ocrx_word' id='word_1_120' title='bbox 815 1913 955 1974; x_wconf 81' lang='lat' dir='ltr'>salerno</span> <span class='ocrx_word' id='word_1_121' title='bbox 971 1912 1040 1973; x_wconf 89' lang='lat' dir='ltr'>tum</span> <span class='ocrx_word' id='word_1_122' title='bbox 1064 1927 1123 1992; x_wconf 91' lang='lat' dir='ltr'>pro</span> <span class='ocrx_word' id='word_1_123' title='bbox 1146 1907 1295 1988; x_wconf 75' lang='lat' dir='ltr'>intern05</span> 
     </span>
    </p>
   </div>
   <div class='ocr_carea' id='block_1_6' title="bbox 120 2029 1399 4481">
    <p class='ocr_par' dir='ltr' id='par_1_7' title="bbox 120 2029 1399 4481">
     <span class='ocr_line' id='line_1_15' title="bbox 121 2029 1294 2114; baseline 0.001 -20"><span class='ocrx_word' id='word_1_124' title='bbox 121 2030 170 2095; x_wconf 89' lang='lat' dir='ltr'>sed</span> <span class='ocrx_word' id='word_1_125' title='bbox 199 2033 285 2097; x_wconf 89' lang='lat' dir='ltr'>inter</span> <span class='ocrx_word' id='word_1_126' title='bbox 318 2033 605 2114; x_wconf 79' lang='lat' dir='ltr'>dispensationem</span> <span class='ocrx_word' id='word_1_127' title='bbox 628 2040 661 2098; x_wconf 90' lang='lat' dir='ltr'>et</span> <span class='ocrx_word' id='word_1_128' title='bbox 684 2031 930 2099; x_wconf 84' lang='lat' dir='ltr'>absolutionem</span> <span class='ocrx_word' id='word_1_129' title='bbox 951 2033 986 2106; x_wconf 81' lang='lat' dir='ltr'>in</span> <span class='ocrx_word' id='word_1_130' title='bbox 1018 2051 1082 2096; x_wconf 91' lang='lat' dir='ltr'>uno</span> <span class='ocrx_word' id='word_1_131' title='bbox 1113 2029 1167 2097; x_wconf 88' lang='lat' dir='ltr'>vel</span> <span class='ocrx_word' id='word_1_132' title='bbox 1190 2031 1294 2097; x_wconf 89' lang='lat' dir='ltr'>altero</span> 
     </span>
     <span class='ocr_line' id='line_1_16' title="bbox 121 2153 1295 2240; baseline 0.003 -24"><span class='ocrx_word' id='word_1_133' title='bbox 121 2153 185 2218; x_wconf 86' lang='lat' dir='ltr'>furo</span> <span class='ocrx_word' id='word_1_134' title='bbox 207 2175 391 2228; x_wconf 87' lang='lat' dir='ltr'>concessas,</span> <span class='ocrx_word' id='word_1_135' title='bbox 415 2157 555 2220; x_wconf 80' lang='lat' dir='ltr'>maxime</span> <span class='ocrx_word' id='word_1_136' title='bbox 578 2157 724 2220; x_wconf 88' lang='lat' dir='ltr'>interest.</span> <span class='ocrx_word' id='word_1_137' title='bbox 749 2155 787 2220; x_wconf 91' lang='lat' dir='ltr'>In</span> <span class='ocrx_word' id='word_1_138' title='bbox 812 2154 896 2238; x_wconf 92' lang='lat' dir='ltr'>quod</span> <span class='ocrx_word' id='word_1_139' title='bbox 919 2157 1117 2240; x_wconf 90' lang='lat' dir='ltr'>propositum</span> <span class='ocrx_word' id='word_1_140' title='bbox 1141 2156 1230 2220; x_wconf 87' lang='lat' dir='ltr'>iuvat</span> <span class='ocrx_word' id='word_1_141' title='bbox 1247 2175 1295 2219; x_wconf 92' lang='lat' dir='ltr'>re·</span> 
     </span>
     <span class='ocr_line' id='line_1_17' title="bbox 121 2277 1292 2366; baseline 0.003 -25"><span class='ocrx_word' id='word_1_142' title='bbox 121 2277 310 2365; x_wconf 82' lang='lat' dir='ltr'>serraquae</span> <span class='ocrx_word' id='word_1_143' title='bbox 334 2280 478 2366; x_wconf 81' lang='lat' dir='ltr'>explicat</span> <span class='ocrx_word' id='word_1_144' title='bbox 500 2278 701 2346; x_wconf 83' lang='lat' dir='ltr'>D&#39;Annibale</span> <span class='ocrx_word' id='word_1_145' title='bbox 725 2280 763 2365; x_wconf 92' lang='grc' dir='ltr'>(Ι.</span> <span class='ocrx_word' id='word_1_146' title='bbox 781 2278 847 2363; x_wconf 79' lang='grc'><strong>25).</strong></span> <span class='ocrx_word' id='word_1_147' title='bbox 868 2280 971 2344; x_wconf 80' lang='lat' dir='ltr'>«Hoc</span> <span class='ocrx_word' id='word_1_148' title='bbox 995 2281 1102 2344; x_wconf 85' lang='lat' dir='ltr'>forum</span> <span class='ocrx_word' id='word_1_149' title='bbox 1126 2281 1158 2344; x_wconf 92' lang='lat' dir='ltr'>in</span> <span class='ocrx_word' id='word_1_150' title='bbox 1183 2286 1292 2346; x_wconf 81' lang='lat' dir='ltr'>saler-</span> 
     </span>
     <span class='ocr_line' id='line_1_18' title="bbox 120 2404 1295 2489; baseline 0.002 -23"><span class='ocrx_word' id='word_1_151' title='bbox 120 2423 196 2467; x_wconf 83' lang='lat' dir='ltr'>num</span> <span class='ocrx_word' id='word_1_152' title='bbox 222 2410 254 2469; x_wconf 93' lang='lat' dir='ltr'>et</span> <span class='ocrx_word' id='word_1_153' title='bbox 281 2406 457 2470; x_wconf 82' lang='lat' dir='ltr'>internum</span> <span class='ocrx_word' id='word_1_154' title='bbox 491 2404 666 2471; x_wconf 87' lang='lat' dir='ltr'>diducitur:</span> <span class='ocrx_word' id='word_1_155' title='bbox 696 2409 869 2469; x_wconf 82' lang='lat' dir='ltr'>externum</span> <span class='ocrx_word' id='word_1_156' title='bbox 893 2405 926 2468; x_wconf 91' lang='lat' dir='ltr'>in</span> <span class='ocrx_word' id='word_1_157' title='bbox 950 2424 1013 2487; x_wconf 93' lang='lat' dir='ltr'>quo</span> <span class='ocrx_word' id='word_1_158' title='bbox 1043 2405 1134 2484; x_wconf 91' lang='lat' dir='ltr'>iura,</span> <span class='ocrx_word' id='word_1_159' title='bbox 1159 2405 1295 2489; x_wconf 89' lang='lat' dir='ltr'>negocia</span> 
     </span>
     <span class='ocr_line' id='line_1_19' title="bbox 122 2527 1295 2614; baseline 0.002 -26"><span class='ocrx_word' id='word_1_160' title='bbox 122 2527 184 2592; x_wconf 86' lang='lat' dir='ltr'>sive</span> <span class='ocrx_word' id='word_1_161' title='bbox 205 2529 400 2614; x_wconf 89' lang='lat' dir='ltr'>temporalia</span> <span class='ocrx_word' id='word_1_162' title='bbox 422 2530 490 2594; x_wconf 85' lang='lat' dir='ltr'>sive</span> <span class='ocrx_word' id='word_1_163' title='bbox 520 2529 702 2613; x_wconf 90' lang='lat' dir='ltr'>spiritualia</span> <span class='ocrx_word' id='word_1_164' title='bbox 724 2549 782 2594; x_wconf 91' lang='lat' dir='ltr'>seu</span> <span class='ocrx_word' id='word_1_165' title='bbox 806 2530 885 2613; x_wconf 92' lang='lat' dir='ltr'>reip.</span> <span class='ocrx_word' id='word_1_166' title='bbox 911 2527 1120 2609; x_wconf 78' lang='lat' dir='ltr'>christianae,</span> <span class='ocrx_word' id='word_1_167' title='bbox 1153 2548 1209 2593; x_wconf 92' lang='lat' dir='ltr'>seu</span> <span class='ocrx_word' id='word_1_168' title='bbox 1233 2529 1295 2592; x_wconf 90' lang='lat' dir='ltr'>sin-</span> 
     </span>
     <span class='ocr_line' id='line_1_20' title="bbox 122 2651 1294 2739; baseline 0 -23"><span class='ocrx_word' id='word_1_169' title='bbox 122 2651 261 2734; x_wconf 86' lang='lat' dir='ltr'>gulorum</span> <span class='ocrx_word' id='word_1_170' title='bbox 285 2658 495 2726; x_wconf 81' lang='lat' dir='ltr'>exercentur,</span> <span class='ocrx_word' id='word_1_171' title='bbox 519 2662 695 2739; x_wconf 86' lang='lat' dir='ltr'>geruntur;</span> <span class='ocrx_word' id='word_1_172' title='bbox 720 2654 893 2719; x_wconf 82' lang='lat' dir='ltr'>internum</span> <span class='ocrx_word' id='word_1_173' title='bbox 917 2653 948 2717; x_wconf 95' lang='lat' dir='ltr'>in</span> <span class='ocrx_word' id='word_1_174' title='bbox 974 2673 1036 2736; x_wconf 92' lang='lat' dir='ltr'>quo</span> <span class='ocrx_word' id='word_1_175' title='bbox 1058 2655 1204 2736; x_wconf 91' lang='lat' dir='ltr'>negocia,</span> <span class='ocrx_word' id='word_1_176' title='bbox 1222 2653 1294 2717; x_wconf 88' lang='lat' dir='ltr'>iura</span> 
     </span>
     <span class='ocr_line' id='line_1_21' title="bbox 120 2775 1295 2860; baseline 0.003 -26"><span class='ocrx_word' id='word_1_177' title='bbox 120 2781 298 2848; x_wconf 80' lang='lat' dir='ltr'>versantur,</span> <span class='ocrx_word' id='word_1_178' title='bbox 314 2795 395 2858; x_wconf 88' lang='lat' dir='ltr'>quae</span> <span class='ocrx_word' id='word_1_179' title='bbox 418 2777 635 2841; x_wconf 86' lang='lat' dir='ltr'>conscientiae</span> <span class='ocrx_word' id='word_1_180' title='bbox 651 2775 851 2860; x_wconf 90' lang='lat' dir='ltr'>singulorum</span> <span class='ocrx_word' id='word_1_181' title='bbox 863 2777 1035 2840; x_wconf 90' lang='lat' dir='ltr'>intersunt.</span> <span class='ocrx_word' id='word_1_182' title='bbox 1053 2777 1223 2840; x_wconf 89' lang='lat' dir='ltr'>Internum</span> <span class='ocrx_word' id='word_1_183' title='bbox 1239 2776 1295 2838; x_wconf 93' lang='lat' dir='ltr'>ite-</span> 
     </span>
     <span class='ocr_line' id='line_1_22' title="bbox 121 2900 1292 2974; baseline -0.001 -9"><span class='ocrx_word' id='word_1_184' title='bbox 121 2919 195 2974; x_wconf 88' lang='lat' dir='ltr'>rum,</span> <span class='ocrx_word' id='word_1_185' title='bbox 211 2903 264 2966; x_wconf 85' lang='lat' dir='ltr'>vel</span> <span class='ocrx_word' id='word_1_186' title='bbox 280 2903 531 2967; x_wconf 81' lang='lat' dir='ltr'>sacramentale</span> <span class='ocrx_word' id='word_1_187' title='bbox 545 2901 598 2967; x_wconf 88' lang='lat' dir='ltr'>vel</span> <span class='ocrx_word' id='word_1_188' title='bbox 615 2901 847 2968; x_wconf 85' lang='lat' dir='ltr'>conscientiae.</span> <span class='ocrx_word' id='word_1_189' title='bbox 864 2900 915 2965; x_wconf 84' lang='lat' dir='ltr'>Ad</span> <span class='ocrx_word' id='word_1_190' title='bbox 931 2901 1037 2965; x_wconf 86' lang='lat' dir='ltr'>forum</span> <span class='ocrx_word' id='word_1_191' title='bbox 1056 2901 1292 2965; x_wconf 86' lang='lat' dir='ltr'>sacramentale</span> 
     </span>
     <span class='ocr_line' id='line_1_23' title="bbox 121 3022 1290 3107; baseline -0.001 -21"><span class='ocrx_word' id='word_1_192' title='bbox 121 3023 277 3104; x_wconf 85' lang='lat' dir='ltr'>pertinent</span> <span class='ocrx_word' id='word_1_193' title='bbox 310 3027 460 3107; x_wconf 86' lang='lat' dir='ltr'>peccata;</span> <span class='ocrx_word' id='word_1_194' title='bbox 488 3022 529 3088; x_wconf 95' lang='lat' dir='ltr'>ad</span> <span class='ocrx_word' id='word_1_195' title='bbox 555 3023 662 3088; x_wconf 86' lang='lat' dir='ltr'>forum</span> <span class='ocrx_word' id='word_1_196' title='bbox 685 3024 901 3088; x_wconf 90' lang='lat' dir='ltr'>conscientiae</span> <span class='ocrx_word' id='word_1_197' title='bbox 925 3027 1037 3089; x_wconf 89' lang='lat' dir='ltr'>cetera</span> <span class='ocrx_word' id='word_1_198' title='bbox 1059 3023 1176 3094; x_wconf 88' lang='lat' dir='ltr'>omnia,</span> <span class='ocrx_word' id='word_1_199' title='bbox 1208 3041 1290 3104; x_wconf 91' lang='lat' dir='ltr'>quae</span> 
     </span>
     <span class='ocr_line' id='line_1_24' title="bbox 121 3145 1291 3232; baseline 0.001 -25"><span class='ocrx_word' id='word_1_200' title='bbox 121 3145 306 3212; x_wconf 86' lang='lat' dir='ltr'>adsalutem</span> <span class='ocrx_word' id='word_1_201' title='bbox 329 3148 482 3230; x_wconf 90' lang='lat' dir='ltr'>cuiusque</span> <span class='ocrx_word' id='word_1_202' title='bbox 505 3148 705 3231; x_wconf 89' lang='lat' dir='ltr'>spiritualem</span> <span class='ocrx_word' id='word_1_203' title='bbox 730 3149 904 3232; x_wconf 89' lang='lat' dir='ltr'>pertinent.</span> <span class='ocrx_word' id='word_1_204' title='bbox 921 3147 980 3210; x_wconf 86' lang='lat' dir='ltr'>Est</span> <span class='ocrx_word' id='word_1_205' title='bbox 995 3150 1028 3209; x_wconf 90' lang='lat' dir='ltr'>et</span> <span class='ocrx_word' id='word_1_206' title='bbox 1044 3145 1150 3211; x_wconf 87' lang='lat' dir='ltr'>forum</span> <span class='ocrx_word' id='word_1_207' title='bbox 1170 3145 1291 3228; x_wconf 84' lang='lat' dir='ltr'>poeni-</span> 
     </span>
     <span class='ocr_line' id='line_1_25' title="bbox 122 3269 1292 3356; baseline -0.002 -22"><span class='ocrx_word' id='word_1_208' title='bbox 122 3273 257 3356; x_wconf 83' lang='lat' dir='ltr'>tentiae‚·</span> <span class='ocrx_word' id='word_1_209' title='bbox 279 3275 345 3338; x_wconf 90' lang='lat' dir='ltr'>hoc</span> <span class='ocrx_word' id='word_1_210' title='bbox 367 3273 532 3338; x_wconf 91' lang='lat' dir='ltr'>nonnullis</span> <span class='ocrx_word' id='word_1_211' title='bbox 554 3279 603 3340; x_wconf 91' lang='lat' dir='ltr'>est</span> <span class='ocrx_word' id='word_1_212' title='bbox 626 3273 731 3338; x_wconf 86' lang='lat' dir='ltr'>forum</span> <span class='ocrx_word' id='word_1_213' title='bbox 756 3271 1009 3345; x_wconf 80' lang='lat' dir='ltr'>sacramentale3</span> <span class='ocrx_word' id='word_1_214' title='bbox 1033 3270 1105 3334; x_wconf 90' lang='lat' dir='ltr'>aliis</span> <span class='ocrx_word' id='word_1_215' title='bbox 1129 3269 1292 3333; x_wconf 88' lang='lat' dir='ltr'>conscien-</span> 
     </span>
     <span class='ocr_line' id='line_1_26' title="bbox 120 3381 1292 3483; baseline -0.001 -26"><span class='ocrx_word' id='word_1_216' title='bbox 120 3396 179 3460; x_wconf 89' lang='lat' dir='ltr'>tiae</span> <span class='ocrx_word' id='word_1_217' title='bbox 199 3397 317 3479; x_wconf 87' lang='lat' dir='ltr'>forum,</span> <span class='ocrx_word' id='word_1_218' title='bbox 343 3397 426 3481; x_wconf 91' lang='lat' dir='ltr'>quod</span> <span class='ocrx_word' id='word_1_219' title='bbox 450 3397 552 3483; x_wconf 90' lang='lat' dir='ltr'>magis</span> <span class='ocrx_word' id='word_1_220' title='bbox 575 3401 662 3482; x_wconf 91' lang='lat' dir='ltr'>puto,</span> <span class='ocrx_word' id='word_1_221' title='bbox 680 3397 797 3482; x_wconf 91' lang='lat' dir='ltr'>quippe</span> <span class='ocrx_word' id='word_1_222' title='bbox 820 3399 869 3460; x_wconf 90' lang='lat' dir='ltr'>est</span> <span class='ocrx_word' id='word_1_223' title='bbox 888 3381 1108 3458; x_wconf 79' lang='lat' dir='ltr'>favorabilius.</span> <span class='ocrx_word' id='word_1_224' title='bbox 1125 3428 1142 3440; x_wconf 95' lang='lat'>-</span> <span class='ocrx_word' id='word_1_225' title='bbox 1160 3394 1199 3457; x_wconf 93' lang='lat' dir='ltr'>In</span> <span class='ocrx_word' id='word_1_226' title='bbox 1214 3389 1292 3474; x_wconf 75' lang='lat' dir='ltr'>foro</span> 
     </span>
     <span class='ocr_line' id='line_1_27' title="bbox 122 3516 1293 3604; baseline 0 -26"><span class='ocrx_word' id='word_1_227' title='bbox 122 3523 249 3585; x_wconf 82' lang='lat' dir='ltr'>externo</span> <span class='ocrx_word' id='word_1_228' title='bbox 272 3521 360 3586; x_wconf 82' lang='lat' dir='ltr'>nihil</span> <span class='ocrx_word' id='word_1_229' title='bbox 390 3527 438 3586; x_wconf 88' lang='lat' dir='ltr'>est</span> <span class='ocrx_word' id='word_1_230' title='bbox 459 3520 529 3586; x_wconf 75' lang='lat' dir='ltr'>alsi</span> <span class='ocrx_word' id='word_1_231' title='bbox 559 3521 652 3604; x_wconf 85' lang='lat' dir='ltr'>qnod</span> <span class='ocrx_word' id='word_1_232' title='bbox 685 3523 852 3603; x_wconf 86' lang='lat' dir='ltr'>apparet‚·</span> <span class='ocrx_word' id='word_1_233' title='bbox 876 3521 910 3584; x_wconf 91' lang='lat' dir='ltr'>in</span> <span class='ocrx_word' id='word_1_234' title='bbox 933 3519 1062 3584; x_wconf 90' lang='lat' dir='ltr'>interno</span> <span class='ocrx_word' id='word_1_235' title='bbox 1097 3516 1293 3602; x_wconf 88' lang='lat' dir='ltr'>regulariter</span> 
     </span>
     <span class='ocr_line' id='line_1_28' title="bbox 122 3643 1292 3730; baseline -0.001 -26"><span class='ocrx_word' id='word_1_236' title='bbox 122 3643 257 3710; x_wconf 91' lang='lat' dir='ltr'>creditur</span> <span class='ocrx_word' id='word_1_237' title='bbox 280 3647 440 3712; x_wconf 89' lang='lat' dir='ltr'>asserenti</span> <span class='ocrx_word' id='word_1_238' title='bbox 463 3665 523 3730; x_wconf 93' lang='lat' dir='ltr'>pro</span> <span class='ocrx_word' id='word_1_239' title='bbox 546 3665 581 3710; x_wconf 89' lang='lat' dir='ltr'>se</span> <span class='ocrx_word' id='word_1_240' title='bbox 605 3648 638 3711; x_wconf 88' lang='lat' dir='ltr'>et</span> <span class='ocrx_word' id='word_1_241' title='bbox 661 3651 775 3710; x_wconf 87' lang='lat' dir='ltr'>contra</span> <span class='ocrx_word' id='word_1_242' title='bbox 798 3665 842 3726; x_wconf 92' lang='lat' dir='ltr'>se,</span> <span class='ocrx_word' id='word_1_243' title='bbox 859 3645 922 3709; x_wconf 89' lang='lat' dir='ltr'>nisi</span> <span class='ocrx_word' id='word_1_244' title='bbox 944 3643 1030 3708; x_wconf 92' lang='lat' dir='ltr'>aliud</span> <span class='ocrx_word' id='word_1_245' title='bbox 1054 3645 1209 3726; x_wconf 89' lang='lat' dir='ltr'>appareat</span> <span class='ocrx_word' id='word_1_246' title='bbox 1223 3659 1292 3704; x_wconf 89' lang='lat' dir='ltr'>ma·</span> 
     </span>
     <span class='ocr_line' id='line_1_29' title="bbox 122 3757 1399 3859; baseline -0.002 -29"><span class='ocrx_word' id='word_1_247' title='bbox 122 3768 272 3834; x_wconf 69' lang='lat' dir='ltr'>nitate.»</span> <span class='ocrx_word' id='word_1_248' title='bbox 292 3771 507 3846; x_wconf 85' lang='lat' dir='ltr'>Quamobrem</span> <span class='ocrx_word' id='word_1_249' title='bbox 532 3789 614 3855; x_wconf 90' lang='lat' dir='ltr'>quae</span> <span class='ocrx_word' id='word_1_250' title='bbox 637 3776 728 3856; x_wconf 86' lang='lat' dir='ltr'>gesta</span> <span class='ocrx_word' id='word_1_251' title='bbox 751 3771 881 3836; x_wconf 89' lang='lat' dir='ltr'>suntin</span> <span class='ocrx_word' id='word_1_252' title='bbox 904 3770 976 3834; x_wconf 84' lang='lat' dir='ltr'>foro</span> <span class='ocrx_word' id='word_1_253' title='bbox 999 3772 1138 3841; x_wconf 85' lang='lat' dir='ltr'>interna,</span> <span class='ocrx_word' id='word_1_254' title='bbox 1155 3767 1292 3850; x_wconf 89' lang='lat' dir='ltr'>allegari</span> <span class='ocrx_word' id='word_1_255' title='bbox 1360 3757 1369 3770; x_wconf 57' lang='lat'>&#39;⁴</span> <span class='ocrx_word' id='word_1_256' title='bbox 1396 3853 1399 3859; x_wconf 19' lang='grc' dir='ltr'><strong><em>Ι</em></strong></span> 
     </span>
     <span class='ocr_line' id='line_1_30' title="bbox 122 3895 1292 3982; baseline -0.002 -25"><span class='ocrx_word' id='word_1_257' title='bbox 122 3911 180 3957; x_wconf 91' lang='lat' dir='ltr'>non</span> <span class='ocrx_word' id='word_1_258' title='bbox 202 3902 336 3979; x_wconf 90' lang='lat' dir='ltr'>possunt</span> <span class='ocrx_word' id='word_1_259' title='bbox 358 3898 391 3960; x_wconf 94' lang='lat' dir='ltr'>in</span> <span class='ocrx_word' id='word_1_260' title='bbox 413 3897 486 3961; x_wconf 83' lang='lat' dir='ltr'>loro</span> <span class='ocrx_word' id='word_1_261' title='bbox 510 3901 647 3963; x_wconf 81' lang='lat' dir='ltr'>externo</span> <span class='ocrx_word' id='word_1_262' title='bbox 671 3898 704 3960; x_wconf 92' lang='lat' dir='ltr'>iu</span> <span class='ocrx_word' id='word_1_263' title='bbox 729 3917 790 3982; x_wconf 90' lang='lat' dir='ltr'>quo</span> <span class='ocrx_word' id='word_1_264' title='bbox 821 3895 1008 3982; x_wconf 88' lang='lat' dir='ltr'>proceditur</span> <span class='ocrx_word' id='word_1_265' title='bbox 1042 3896 1133 3959; x_wconf 81' lang='lat' dir='ltr'>iuxta</span> <span class='ocrx_word' id='word_1_266' title='bbox 1160 3897 1237 3958; x_wconf 88' lang='lat' dir='ltr'>acta</span> <span class='ocrx_word' id='word_1_267' title='bbox 1260 3895 1292 3956; x_wconf 89' lang='lat' dir='ltr'>et</span> 
     </span>
     <span class='ocr_line' id='line_1_31' title="bbox 120 4017 1293 4106; baseline -0.004 -21"><span class='ocrx_word' id='word_1_268' title='bbox 120 4019 266 4098; x_wconf 80' lang='lat' dir='ltr'>probata.</span> <span class='ocrx_word' id='word_1_269' title='bbox 283 4057 301 4069; x_wconf 96' lang='lat'><em>-</em></span> <span class='ocrx_word' id='word_1_270' title='bbox 320 4018 533 4086; x_wconf 87' lang='lat' dir='ltr'>Nihilominus</span> <span class='ocrx_word' id='word_1_271' title='bbox 556 4020 633 4105; x_wconf 90' lang='lat' dir='ltr'>quia</span> <span class='ocrx_word' id='word_1_272' title='bbox 648 4021 900 4106; x_wconf 90' lang='lat' dir='ltr'>dispensationes</span> <span class='ocrx_word' id='word_1_273' title='bbox 916 4024 972 4084; x_wconf 90' lang='lat' dir='ltr'>aut</span> <span class='ocrx_word' id='word_1_274' title='bbox 987 4017 1203 4082; x_wconf 90' lang='lat' dir='ltr'>absolutiones</span> <span class='ocrx_word' id='word_1_275' title='bbox 1219 4036 1293 4081; x_wconf 89' lang='lat' dir='ltr'>con-</span> 
     </span>
     <span class='ocr_line' id='line_1_32' title="bbox 123 4139 1293 4228; baseline 0 -24"><span class='ocrx_word' id='word_1_276' title='bbox 123 4159 225 4208; x_wconf 90' lang='lat' dir='ltr'>cessae</span> <span class='ocrx_word' id='word_1_277' title='bbox 247 4147 283 4210; x_wconf 93' lang='lat' dir='ltr'>in</span> <span class='ocrx_word' id='word_1_278' title='bbox 306 4144 378 4210; x_wconf 85' lang='lat' dir='ltr'>foro</span> <span class='ocrx_word' id='word_1_279' title='bbox 401 4147 530 4210; x_wconf 90' lang='lat' dir='ltr'>interno</span> <span class='ocrx_word' id='word_1_280' title='bbox 544 4146 721 4211; x_wconf 64' lang='lat' dir='ltr'>“resolvunt</span> <span class='ocrx_word' id='word_1_281' title='bbox 743 4144 873 4209; x_wconf 90' lang='lat' dir='ltr'>vincula</span> <span class='ocrx_word' id='word_1_282' title='bbox 895 4143 1053 4228; x_wconf 88' lang='lat' dir='ltr'>poenalia,</span> <span class='ocrx_word' id='word_1_283' title='bbox 1071 4141 1097 4206; x_wconf 89' lang='lat' dir='ltr'>si</span> <span class='ocrx_word' id='word_1_284' title='bbox 1122 4139 1293 4224; x_wconf 90' lang='lat' dir='ltr'>aliquando</span> 
     </span>
     <span class='ocr_line' id='line_1_33' title="bbox 123 4264 1293 4353; baseline 0.001 -23"><span class='ocrx_word' id='word_1_285' title='bbox 123 4269 311 4336; x_wconf 87' lang='lat' dir='ltr'>concedatur</span> <span class='ocrx_word' id='word_1_286' title='bbox 333 4265 446 4336; x_wconf 85' lang='lat' dir='ltr'>afferri</span> <span class='ocrx_word' id='word_1_287' title='bbox 476 4269 702 4336; x_wconf 89' lang='lat' dir='ltr'>documentum</span> <span class='ocrx_word' id='word_1_288' title='bbox 726 4274 758 4334; x_wconf 92' lang='lat' dir='ltr'>et</span> <span class='ocrx_word' id='word_1_289' title='bbox 779 4270 899 4334; x_wconf 87' lang='lat' dir='ltr'>invicte</span> <span class='ocrx_word' id='word_1_290' title='bbox 930 4267 1088 4353; x_wconf 90' lang='lat' dir='ltr'>probetur</span> <span class='ocrx_word' id='word_1_291' title='bbox 1118 4264 1293 4331; x_wconf 53' lang='lat' dir='ltr'>absolutio&lt;</span> 
     </span>
     <span class='ocr_line' id='line_1_34' title="bbox 123 4389 1292 4481; baseline -0.002 -27"><span class='ocrx_word' id='word_1_292' title='bbox 123 4409 191 4456; x_wconf 90' lang='lat' dir='ltr'>nem</span> <span class='ocrx_word' id='word_1_293' title='bbox 214 4400 269 4460; x_wconf 90' lang='lat' dir='ltr'>aut</span> <span class='ocrx_word' id='word_1_294' title='bbox 291 4395 560 4481; x_wconf 87' lang='lat' dir='ltr'>dispensationem</span> <span class='ocrx_word' id='word_1_295' title='bbox 582 4391 818 4469; x_wconf 85' lang='lat' dir='ltr'>intercessisse,</span> <span class='ocrx_word' id='word_1_296' title='bbox 842 4399 921 4458; x_wconf 92' lang='lat' dir='ltr'>tunc</span> <span class='ocrx_word' id='word_1_297' title='bbox 944 4389 1077 4458; x_wconf 84' lang='lat' dir='ltr'>effectus</span> <span class='ocrx_word' id='word_1_298' title='bbox 1094 4389 1156 4455; x_wconf 89' lang='lat' dir='ltr'>lori</span> <span class='ocrx_word' id='word_1_299' title='bbox 1173 4389 1292 4454; x_wconf 91' lang='lat' dir='ltr'>interni</span> 
     </span>
    </p>
   </div>
   <div class='ocr_carea' id='block_1_7' title="bbox 0 0 1640 5102">
    <p class='ocr_par' dir='ltr' id='par_1_8' title="bbox 0 0 1640 5102">
     <span class='ocr_line' id='line_1_35' title="bbox 0 0 1640 5102; baseline 0 0"><span class='ocrx_word' id='word_1_300' title='bbox 0 0 1640 5102; x_wconf 95' lang='lat' dir='ltr'> </span> 
     </span>
    </p>
   </div>
  </div>
 </body>
</html>
