3296 5108
294 311 362 378 454
819 331 903 380 enas
927 331 951 378 1.

296 455 459 540 Siquidem
489 475 584 521 casus
615 475 677 540 quo
704 459 956 542 corrumpantur
985 456 1142 522 editiones
1173 455 1388 532 authenticae,
1412 457 1483 524 hac

294 579 368 666 lege
391 599 457 644 non
480 579 780 666 comprehenditur.
806 580 854 646 Oi.
879 581 1101 646 Vermeersch
1126 582 1147 648 t.
1171 601 1200 647 c.
1220 601 1258 664 p.
1284 583 1340 647 70.

386 704 603 770 Authcnticae
638 702 794 768 editiones
829 702 991 770 habentur
1021 724 1103 789 quae
1134 707 1323 792 recognitae
1352 709 1429 771 sunt
1459 725 1482 768 a

296 827 328 893 S.
345 828 443 914 Cong.
463 829 593 894 Rituum
617 829 663 894 uti
688 828 870 894 conformes
888 829 1099 915 originalibus
1122 834 1156 896 et
1178 829 1265 903 hinc,
1287 829 1326 894 ob
1350 827 1482 896 additas

294 954 557 1039 subscriptiones,
581 959 700 1040 gerunt
722 954 975 1020 authenticitatis
998 956 1101 1041 signa.

386 1077 533 1152 Querunt
550 1078 614 1142 Do.
631 1097 673 1142 an
697 1096 801 1142 norae
825 1077 979 1143 editiones
1002 1077 1142 1144 debeant
1163 1078 1276 1144 haberi
1292 1078 1483 1164 prohibitae

296 1202 357 1267 nisi
374 1200 479 1266 editae
495 1203 561 1266 sint
582 1222 655 1268 cum
679 1200 908 1286 approbatione
925 1202 1075 1286 Episcopi
1102 1205 1157 1286 qui
1179 1202 1254 1268 iude
1276 1200 1371 1268 fldem
1395 1202 1482 1269 lacit

278 1331 337 1396 -de
355 1331 558 1417 praescripta
579 1329 883 1395 conformitateslta
905 1331 1057 1415 opinatur
1072 1321 1342 1410 recusassent.
1359 1351 1403 1414 c.;
1418 1331 1481 1398 sed

296 1460 411 1520 contra
433 1458 600 1518 autumant
622 1453 663 1518 ol.
688 1453 833 1520 Genuari
858 1454 878 1518 t.
893 1473 919 1520 c.
940 1473 978 1536 p.
994 1451 1045 1520 53
1068 1458 1102 1519 et
1125 1453 1166 1520 cl.
1187 1455 1375 1521 Pennacchi
1398 1458 1421 1522 t.
1448 1477 1483 1523 c.

294 1599 329 1664 p.
353 1579 430 1661 156,
456 1581 529 1663 quia
560 1579 623 1644 hoc
646 1598 710 1644 non
734 1577 879 1653 iubatum
912 1581 1064 1645 statuitur
1095 1582 1180 1644 enim
1207 1580 1419 1646 solummodo:
1448 1583 1481 1648 si

295 1721 392 1768 secus
414 1701 544 1784 factum
567 1701 675 1784 suerit
699 1702 762 1768 hcc
787 1721 895 1768 nacae
918 1701 1081 1769 editiones
1099 1702 1335 1786 prohihentur.
1365 1703 1486 1778 Quare

299 1827 476 1912 Episcopus
500 1825 671 1910 invigilare
695 1824 789 1890 debet
811 1827 845 1891 in
869 1844 970 1891 novas
994 1825 1149 1891 editiones
1175 1825 1212 1892 ut
1237 1825 1376 1891 edantur
1402 1845 1480 1891 con-

297 1949 419 2016 formes
434 1949 637 2031 authenticis,
655 1969 774 2033 easque
789 1949 944 2015 damnare
967 1951 994 2015 si
1017 1969 1081 2015 non
1105 1951 1171 2015 sint
1193 1950 1395 2024 conformes;
1418 1951 1482 2016 sed

298 2073 432 2158 praevia
447 2071 578 2138 editioni
596 2074 774 2158 recognitio
789 2092 854 2138 non
870 2072 997 2138 videtur
1012 2071 1127 2138 iuberi.
1144 2073 1187 2138 Et
1210 2073 1292 2138 haec
1315 2075 1486 2139 sententia

297 2203 347 2265 est
370 2196 569 2262 conformior
591 2199 695 2264 textui
718 2204 751 2265 et
773 2199 941 2264 intentioni
965 2198 1056 2284 legis.

387 2320 462 2388 372.
487 2321 571 2386 har.
600 2319 651 2386 19.
675 2321 833 2387 Litaniae
859 2339 977 2388 omnes
998 2327 1141 2404 practer
1166 2322 1422 2408 antiquissimas
1448 2331 1484 2390 et

296 2461 502 2518 communes,
527 2463 616 2528 quae
644 2445 681 2509 tu
706 2445 900 2518 Brevioriis‚
925 2444 1131 2520 Missatihus,
1156 2445 1421 2532 Pontificctihua
1448 2453 1482 2512 ct

297 2568 491 2636 Rituatihus
506 2570 721 2638 continentur
736 2576 768 2637 et
785 2577 928 2654 praeter
943 2569 1098 2636 Limnias
1113 2571 1156 2638 de
1171 2572 1211 2636 Β.
1234 2571 1372 2658 Virpine
1387 2591 1483 2656 quae

184 2753 187 2760 .
296 2695 334 2758 in
349 2691 383 2757 S.
396 2693 489 2759 Aede
513 2695 711 2762 Lauretum
731 2695 908 2761 decantari
923 2697 1030 2763 solent
1044 2701 1075 2761 et
1090 2695 1227 2762 litanias
1243 2693 1302 2760 SS.
1317 2694 1481 2794 Nominis

298 2815 378 2880 Iesu
399 2815 472 2879 iam
494 2834 516 2879 a
541 2815 574 2881 S.
599 2811 685 2881 Sede
708 2814 927 2899 approbatas,
951 2836 1021 2882 non
1044 2817 1193 2882 edantur
1214 2819 1288 2884 sine
1310 2818 1488 2884 recisione

295 2943 329 3004 et
350 2936 597 3020 approbatione
623 2937 808 3006 Ordiuarii.
1003 2935 1004 2938 ’

388 3069 473 3132 Aer.
487 3065 539 3132 20.
556 3085 574 3127 a
591 3065 735 3133 Libellos
751 3071 781 3133 et
798 3065 902 3132 tidros
913 3085 1068 3149 precum,
1085 3065 1272 3134 deuotionis
1287 3067 1340 3132 aet
1356 3067 1486 3133 doctri·

297 3209 364 3256 nae
390 3189 674 3276 institutionisque
703 3190 894 3276 religiosae,
925 3189 1075 3265 moratis,
1099 3192 1272 3273 asceticae,
1304 3191 1483 3277 mysticae,

297 3315 451 3400 aliosque
475 3315 669 3382 huiusmodi
692 3315 849 3399 quamuis
872 3316 919 3381 ad
933 3314 1117 3398 fovendam
1141 3316 1265 3398 populi
1292 3315 1485 3382 Otuistiaui.

294 3438 457 3521 pietatem
479 3437 667 3504 conducere
691 3437 881 3519 videantur,
898 3457 998 3504 nemo
1017 3443 1160 3520 practer
1175 3437 1346 3523 legitimae
1361 3443 1483 3505 aucto-

255 3579 258 3587 ·
296 3565 409 3630 sitatis
433 3561 603 3632 licentiam
624 3564 779 3648 publicet,
804 3583 900 3630 secus
919 3563 1082 3646 protiihiti
1105 3569 1357 3630 censeantur».

387 3689 462 3755 373.
488 3688 600 3763 Quoad
627 3688 782 3772 primum
813 3687 985 3753 articulum
1012 3688 1139 3754 adverti
1170 3687 1275 3771 debet,
1300 3689 1486 3775 Episcopus

298 3833 392 3900 posse
421 3813 603 3899 approbare
627 3814 770 3878 Litanias
795 3813 940 3897 aliasque
970 3833 1086 3898 preces
1116 3812 1156 3880 ad
1186 3809 1339 3880 effectum
1367 3813 1487 3880 licitae

298 3931 447 4004 editionis
470 3936 565 4003 etad
589 3937 763 4019 privatum
789 3955 900 4009 usum,
924 3936 981 4002 sed
1005 3955 1068 4001 non
1097 3936 1138 4002 ad
1162 3957 1253 4002 usum
1280 3937 1481 4023 liturgicum

298 4080 356 4128 seu
379 4067 413 4127 ut
436 4060 650 4126 decantentur
666 4061 700 4124 in
716 4059 873 4132 Ecclesia,
891 4058 974 4144 quod
991 4059 1066 4126 Sedi
1080 4060 1285 4146 Apostolicae
1301 4066 1353 4125 eet
1368 4079 1483 4126 reser-

296 4192 416 4258 vatum,
443 4186 551 4271 prouti
581 4190 726 4252 statuunt
755 4186 850 4270 plura
878 4187 1017 4252 Decreta
1046 4185 1077 4251 S.
1102 4185 1263 4272 congreg.
1289 4187 1424 4252 Rituum
1448 4191 1484 4251 et

298 4317 395 4394 prout
418 4308 523 4371 innuit
545 4307 719 4372 Decretum
743 4305 774 4371 S.
797 4303 859 4373 Off.
883 4307 926 4372 18
948 4307 1080 4391 Aprilis
1102 4307 1203 4374 1860.
1220 4342 1235 4356 ·
1251 4307 1299 4376 Of.
1323 4307 1365 4373 cl.
1392 4308 1479 4372 Pen-

207 4519 210 4526 1
296 4431 415 4498 nacchi
439 4431 459 4496 t.
484 4451 512 4496 c.
531 4449 568 4514 p.
593 4431 680 4512 160;
705 4435 737 4496 et
767 4431 806 4495 cl.
833 4431 975 4498 Gennari
995 4451 1032 4515 p.
1057 4432 1115 4498 56.
1140 4432 1173 4498 Si
1197 4431 1335 4498 edantur
1358 4430 1484 4516 absque
