3290 5100
307 285 373 350 538
769 303 973 350 mnnesruu
998 303 1021 350 1.

305 431 381 484 cavi:
401 429 520 484 addebat
544 435 638 484 autem
668 429 826 498 Episcopus,
847 430 1008 484 Paroeciam
1033 432 1096 498 poet
1114 429 1183 483 Titii
1203 431 1385 484 remotionen
1408 429 1488 482 reri-

306 535 400 603 guisse
418 533 495 588 cultu
517 535 648 604 religioso
666 539 696 588 et
715 551 791 604 paca,
809 535 939 588 omnibus
950 533 1145 588 exultantibus
1159 539 1189 588 et
1199 535 1307 603 gratiss
1322 536 1488 604 specubus:

306 641 411 696 Titium
423 641 488 696 dnm
502 641 571 697 baec
584 643 790 712 contingerent,
803 641 955 696 nullimode
968 659 998 696 se
1011 641 1174 696 submisisse
1185 641 1391 712 episcopalibus
1404 659 1487 710 prae

305 749 411 818 ceptis,
429 748 496 818 quin
521 748 578 801 imo
596 763 647 800 suo
666 747 789 800 irritanti
816 747 931 816 ingenio
955 745 1049 816 populi
1074 747 1234 816 opinionem
1262 748 1314 800 sibi
1339 747 1487 800 adremm

305 854 395 923 magis
414 854 610 908 exacerbasse:
628 867 698 920 opus
716 850 836 921 denique
856 852 941 906 tuisse
959 850 1096 904 saeculari
1116 852 1233 905 brachio
1250 851 1285 904 ad
1304 869 1367 904 enm
1393 867 1487 904 mmo

306 957 424 1012 vendum
443 975 460 1010 a
480 957 633 1026 parochiali
652 957 741 1024 domo,
762 961 793 1010 ut
813 955 899 1010 suffici
921 961 1015 1026 posset
1035 956 1164 1010 Vicarius
1185 955 1334 1011 Parochus.

377 1064 426 1118 llis
445 1067 474 1118 et
492 1062 632 1117 similibus
644 1063 680 1116 ab
694 1063 831 1132 Episcopo
849 1064 1000 1126 enarratis,
1013 1062 1078 1116 aliis
1092 1061 1184 1116 literis
1196 1081 1213 1116 a
1226 1063 1302 1117 Titio
1320 1063 1347 1115 S.
1359 1063 1390 1115 G.
1403 1063 1488 1126 datis,

306 1169 471 1238 rescriptum
490 1169 620 1223 emissum
641 1171 684 1222 est
702 1167 746 1222 die
765 1167 800 1220 26
820 1167 941 1221 ianuarii
966 1167 1034 1220 1859
1058 1167 1103 1221 his
1121 1169 1214 1222 verbis
1237 1175 1418 1239 conceptum:
1438 1187 1488 1222 re·

306 1275 403 1340 lutum,
427 1285 454 1328 ct
472 1276 631 1343 notificetur
657 1274 794 1343 Episcopo
814 1291 879 1327 eum
904 1275 933 1325 iu
950 1275 1036 1342 fineis
1060 1283 1091 1326 ut
1116 1273 1256 1327 ulteriora
1280 1291 1335 1327 nos
1351 1286 1486 1344 prunn-

304 1383 393 1435 mittut
411 1383 513 1448 media,
532 1399 566 1436 ac
584 1381 674 1452 officia
692 1383 730 1434 ad
748 1390 931 1450 spontaneam
949 1383 1170 1450 resipnntioscm
1188 1383 1375 1435 obtmendoesa

257 1457 262 1470 ¹
376 1487 461 1542 Novis
486 1487 581 1558 itaque
601 1486 692 1541 literis
716 1489 752 1541 ab
773 1487 909 1556 Episcopo
927 1487 1034 1552 missis,
1052 1491 1184 1542 accurate
1208 1491 1359 1543 enarrabat
1382 1491 1487 1560 quibus

304 1593 401 1648 mediis
421 1612 485 1648 usus
503 1599 578 1650 esset
597 1599 628 1648 ut
646 1595 739 1648 Titius
751 1611 802 1648 sua
820 1599 919 1664 sponte
937 1595 1104 1648 beneficium
1124 1596 1289 1665 resignaret,
1301 1614 1374 1668 quae
1392 1598 1487 1652 denno

304 1700 331 1753 in
352 1701 461 1755 irritum
481 1705 632 1768 cesserunt,
652 1701 812 1772 addiditque
832 1701 906 1756 inter
924 1705 1047 1767 metere,
1067 1701 1249 1772 parochianos
1262 1703 1302 1755 ita
1314 1703 1410 1756 animo
1422 1721 1485 1758 esse

303 1811 410 1866 alienos
428 1811 547 1876 alitio,
566 1815 598 1864 ut
616 1809 809 1865 reconciliatio
827 1826 878 1863 suo
898 1810 1000 1864 iudicio
1018 1811 1173 1866 nullimode
1191 1812 1327 1880 speranda
1345 1814 1429 1866 soret

373 1921 486 1974 Interea
503 1919 567 1974 aliis
586 1919 677 1974 literis
695 1917 721 1972 S.
736 1918 765 1971 O.
785 1919 877 1972 missis
896 1918 988 1972 Titine
1006 1920 1155 1973 insistebat
1167 1937 1217 1988 pro
1231 1920 1393 1974 immediata
1407 1921 1483 1975 rein-

303 2029 462 2097 tegratione
480 2028 509 2080 iu
528 2025 679 2096 paroeciali
698 2025 863 2090 ministerio,
882 2025 984 2096 quibus
1002 2025 1028 2078 S.
1049 2026 1238 2096 congregatio
1257 2028 1415 2097 rescripsit:
1435 2047 1485 2083 re·

303 2136 402 2199 tntum,
421 2133 617 2204 mandavitque
637 2133 773 2201 Episcopo
792 2135 823 2185 ut
840 2141 898 2184 tam
916 2133 1077 2186 huiusmodi
1095 2135 1248 2201 densim
1260 2151 1344 2204 quum
1356 2136 1483 2189 altman

301 2244 359 2298 diei
377 2241 420 2294 26
439 2241 568 2295 ianuarii
587 2239 670 2294 1859
688 2239 814 2293 Parocho
833 2240 997 2308 notificaret,
1011 2243 1194 2338 mmqupe
1212 2252 1346 2306 moneret,
1359 2252 1390 2295 ut
1402 2245 1484 2297 doci-

304 2352 371 2406 liter
388 2367 418 2404 se
436 2351 609 2403 submitteret
626 2349 897 2418 praescriptionibus
916 2349 1121 2418 episcopalibus
1138 2367 1173 2402 ac
1193 2349 1219 2402 S.
1240 2349 1328 2403 Sedis.

373 2455 449 2516 Quae
469 2455 533 2508 inde
550 2455 699 2508 subsecuta
717 2455 831 2519 fuerint,
850 2454 924 2508 sicut
942 2471 976 2510 ea
995 2471 1067 2525 quae
1086 2455 1238 2525 Episcopus
1257 2461 1391 2524 gesserat,
1411 2473 1484 2510 con—

301 2565 427 2618 tinentur
446 2564 475 2616 iu
494 2561 621 2632 sequenti
641 2559 792 2630 episcopali
812 2560 925 2614 decreto
943 2560 997 2616 diei
1017 2561 1036 2616 5
1055 2561 1220 2616 Novembris
1241 2562 1316 2625 1861,
1336 2579 1392 2632 quo
1415 2562 1481 2616 lan-

300 2672 382 2726 datus
400 2671 553 2740 Episcopus
572 2685 688 2738 poenam
707 2668 897 2737 suspensionis
915 2685 932 2721 a
950 2669 1053 2722 divinis
1071 2672 1170 2722 contra
1188 2668 1374 2724 reluctantem
1388 2671 1480 2724 Paro·

301 2779 382 2833 chum
402 2777 516 2832 indixit:
535 2777 657 2832 «Titine
675 2777 814 2831 anteactis
832 2776 917 2830 etiam
937 2778 1111 2846 temporibus
1129 2776 1206 2846 (sunt
1219 2778 1305 2832 verba
1318 2778 1437 2847 decreti)
1451 2779 1481 2831 in

299 2900 317 2942 t
330 2885 571 2941 administratione
584 2883 729 2954 paroeciae
741 2883 792 2938 sibi
808 2884 972 2938 commissae
984 2884 1025 2937 ita
1037 2889 1165 2938 versatus
1177 2889 1228 2952 est,
1238 2889 1271 2938 ut
1282 2885 1341 2939 tere
1353 2887 1480 2939 omnium

300 2994 358 3048 sin
377 3009 407 3047 se
426 2993 556 3046 invidiam
582 2990 802 3046 concitaverit...
821 2990 868 3044 sed
888 3007 921 3044 eo
941 3007 1028 3060 usque
1053 2989 1218 3059 schismata,
1237 2995 1267 3046 et
1291 2990 1365 3045 mala
1383 2993 1481 3046 omnia

299 3114 316 3152 s
329 3099 357 3152 in
377 3099 505 3168 paroecia
524 3113 670 3167 progressa
689 3102 754 3150 sunt
774 3100 804 3150 ut
822 3095 912 3151 Neam
926 3097 1016 3150 coacti
1029 3096 1165 3151 fuerimus
1177 3098 1338 3152 eumdem...
1352 3098 1387 3150 ab
1401 3099 1479 3152 omni

298 3203 481 3275 «parochiali
500 3204 590 3258 officio
609 3203 642 3258 ad
663 3208 773 3274 tempus
793 3218 945 3258 removere.
964 3203 994 3256 ld
1012 3219 1079 3258 vero
1092 3203 1283 3272 praestitimus
1295 3205 1409 3259 decretu
1422 3205 1479 3260 diei

298 3313 363 3366 «26
382 3313 511 3366 Octobris
532 3311 614 3377 1857,
634 3326 688 3382 quo
707 3311 797 3365 eidem
816 3309 1011 3365 interdiximus
1036 3311 1064 3364 in
1083 3326 1134 3364 sua
1160 3312 1289 3380 paroecia
1313 3311 1480 3378 consistere,

297 3421 477 3490 «muniaque
496 3403 668 3489 parochialia
686 3423 744 3473 tum
764 3418 876 3488 publica
893 3424 953 3472 tum
966 3420 1077 3488 privata
1088 3419 1297 3490 quomodolibet
1309 3436 1478 3476 exercere...

297 3527 440 3581 ‹luterim
460 3526 547 3581 Nobis
565 3526 725 3580 nuntiatum
744 3530 788 3581 est
807 3528 963 3596 praefatum
982 3528 1179 3597 presbyterum
1197 3528 1302 3598 absque
1321 3527 1379 3581 ulla
1392 3529 1479 3583 venis

297 3635 437 3699 «Nostra,
456 3636 486 3688 et
504 3635 602 3686 contra
620 3631 762 3686 decretum
781 3630 817 3684 26
835 3631 895 3684 Oct.
918 3631 985 3684 1857
1005 3649 1099 3686 rursus
1125 3633 1154 3685 in
1172 3633 1329 3702 paroeciam
1349 3633 1478 3704 rediisse,

296 3743 366 3798 «ibi
385 3757 464 3796 sacra
482 3742 573 3795 iacere
592 3743 622 3794 et
634 3738 822 3809 poenitentiae
835 3743 1041 3793 sacramentum
1057 3739 1253 3793 accedentibus
1270 3740 1478 3798 administrare.

296 3846 404 3900 «Tunc
428 3859 477 3914 per
502 3849 627 3910 nostrum
654 3843 870 3897 Pro-vicarium
890 3842 1086 3912 generalem...
1106 3843 1232 3898 eumdem
1258 3843 1417 3898 monuimus
1442 3865 1477 3902 ne

295 3958 384 4009 «tam
405 3952 536 4022 flagranti
564 3951 753 4006 inobedientia
781 3967 893 4006 caumm
920 3968 999 4004 suam
1027 3951 1155 4006 redderet
1181 3951 1356 4007 deteriorem.
1384 3953 1475 4014 Quam

295 4061 435 4132 squidem
461 4061 678 4115 admonitionem
705 4076 768 4114 curn
789 4058 838 4114 ille
856 4059 1028 4130 despiceret,
1047 4076 1119 4114 novo
1143 4059 1256 4114 decreto
1279 4059 1333 4116 diei
1355 4061 1374 4116 9
1393 4062 1476 4118 Febr.

296 4168 464 4224 <sumentis
483 4169 549 4222 anni
569 4172 691 4223 mentem
711 4167 841 4222 Nostram
860 4167 1020 4237 aperuimus
1038 4167 1127 4222 eidem
1147 4166 1323 4222 declarantes
1344 4171 1424 4238 gravi
1444 4187 1475 4226 se

294 4274 449 4330 «facinore
468 4273 618 4344 inquinari,
636 4273 684 4343 qui
703 4278 801 4327 contra
819 4272 976 4342 episcopale
1001 4271 1162 4326 mandatnm
1181 4270 1271 4326 adhuc
1295 4273 1322 4326 in
1343 4275 1475 4343 paroecia

189 4403 194 4416 ·
296 4381 483 4448 «immorari,
510 4385 540 4436 et
567 4381 642 4434 omnl
671 4380 861 4435 iurisdictione
890 4379 1014 4449 privatus
1042 4379 1232 4450 poenitentiae
1259 4379 1473 4438 Sacramentum
