3266 5102
323 300 388 369 164
843 318 926 364 rans
950 317 973 363 1.

322 465 402 512 vere
425 464 491 508 non
520 443 617 511 valet.
654 442 702 508 cf.
726 461 754 508 c.
771 462 799 508 c.
824 441 875 508 De
896 441 965 526 for.
989 459 1098 525 comp.
1123 441 1159 504 X
1179 439 1234 523 (ΙΙ,
1252 440 1298 523 2).
1324 443 1357 506 et
1378 438 1429 503 29
1450 437 1499 503 De

322 571 405 634 sent.
423 585 477 632 eoo.
495 566 529 630 X
543 563 598 650 (V,
616 563 683 652 39);
708 568 741 628 et
765 564 899 649 Satyrus,
926 561 987 628 Lib
1003 563 1051 638 ΙΙ,
1076 583 1102 628 e.
1120 562 1181 642 20,
1205 582 1239 626 n.
1258 560 1289 624 4.
1314 596 1327 608 -
1357 559 1429 624 Hae
1454 579 1500 623 re·

322 694 418 779 gulae
449 693 656 757 continentur
687 693 721 756 in
745 691 798 756 cil.
823 709 898 774 cap.
923 689 984 771 29,
1009 689 1059 755 De
1081 694 1164 756 sent.
1190 706 1344 770 aarum.;
1374 688 1408 750 in
1439 706 1499 770 quo

322 820 430 904 agitur
453 819 494 884 de
516 818 653 902 quodam
675 817 955 883 excommunicato
972 815 1025 900 qui
1043 816 1408 881 excommunicationem
1426 834 1499 879 con-

323 947 474 1010 traxerat
502 943 785 1010 communicando
813 943 850 1006 in
881 942 1025 1009 mimine
1048 941 1230 1007 criminoso
1259 959 1337 1006 carn
1365 957 1500 1006 eneam-

324 1068 519 1150 municoto;
554 1087 611 1132 seu
646 1065 749 1130 eidem
785 1065 980 1152 praestando
1014 1085 1124 1152 opem,
1161 1063 1317 1128 auxilium
1348 1061 1389 1127 ad
1424 1060 1502 1126 illud

325 1191 570 1279 perficiendum,
588 1190 672 1258 unde
689 1193 748 1256 iste
765 1192 873 1258 luerat
888 1192 1193 1257 excommunicatus.
1212 1189 1355 1254 Proinde
1379 1189 1502 1253 crimen

329 1318 425 1384 edicit
459 1315 636 1383 Pontifex:
663 1337 681 1380 a
710 1313 795 1382 Cum
832 1317 908 1382 latis
943 1287 1165 1383 communicet
1188 1313 1324 1381 crimini
1358 1317 1391 1378 el
1420 1331 1503 1395 par-

255 1492 259 1500 .
329 1441 440 1522 licipel
473 1440 655 1508 mimicoso
687 1461 728 1506 ac
753 1460 819 1524 per
850 1440 912 1507 hoc
933 1440 1067 1532 ratione
1094 1439 1250 1505 damnali
1280 1436 1434 1502 miminis
1456 1436 1503 1500 vi-

328 1565 452 1632 denlur
474 1565 511 1631 ia
534 1586 612 1632 eum
636 1565 834 1651 delinquere
858 1567 917 1652 qui
940 1567 1126 1641 damnabit,
1152 1566 1195 1633 ab
1218 1585 1256 1632 eo
1279 1565 1329 1630 cel
1353 1563 1427 1629 eius
1449 1583 1501 1628 su-

322 1687 465 1771 periore
493 1688 613 1754 merilo
638 1688 751 1754 delicti
774 1688 863 1754 bunc
886 1689 950 1754 erit
977 1687 1141 1754 absolutio
1171 1686 1404 1771 requirenda5
1428 1705 1503 1752 esim

327 1812 507 1896 facientem
531 1817 561 1876 et
580 1813 931 1895 consentientemque
958 1831 1073 1895 poeno
1096 1812 1308 1896 constrinqot
1331 1832 1362 1874 i.
1388 1811 1503 1885 Quam-

328 1935 449 2008 obrem,
466 1935 529 2000 hac
545 1936 684 2000 maxime
700 1934 740 1999 de
756 1955 862 2015 causa,
880 1933 1038 2002 absolutio
1054 1934 1192 2021 petenda
1207 1939 1256 2000 est
1271 1954 1291 1999 a
1306 1933 1411 1998 iudice
1427 1933 1505 1998 irro-

329 2065 425 2146 gante
449 2078 619 2124 censuram
644 2060 718 2142 quia
742 2075 901 2124 censurae
925 2059 1024 2124 illatio
1049 2057 1196 2124 subaudit
1219 2059 1405 2122 necessario
1429 2075 1503 2122 coa·

331 2184 525 2258 talaucium,
550 2203 608 2248 seu
635 2189 777 2268 spretum
802 2185 835 2247 in
858 2185 1083 2249 auctoritatem
1108 2181 1237 2258 iudicis;
1261 2186 1294 2246 et
1317 2185 1506 2246 censuratus

330 2327 395 2372 non
419 2305 557 2372 habetur
579 2305 780 2372 absolutione
804 2307 919 2393 dignus
942 2309 1003 2373 uisi
1027 2309 1120 2372 islam
1136 2313 1225 2393 petat
1239 2305 1279 2370 ab
1300 2325 1338 2371 eo
1354 2306 1392 2370 in
1408 2323 1505 2389 quenz

332 2433 545 2500 contumacia
568 2433 711 2518 deliquit
734 2433 832 2518 eique
855 2433 1053 2516 satisfaciat.
1079 2470 1093 2481 -
1119 2433 1190 2499 Hoc
1214 2433 1358 2519 apprime
1382 2430 1506 2497 adverti

332 2555 442 2627 debet.
467 2559 583 2643 quippe
606 2559 749 2622 intimam
781 2557 886 2622 reddit
916 2559 1075 2625 rationem
1106 2559 1337 2624 reservationis
1368 2557 1507 2621 omnium

332 2699 545 2747 censurarum
569 2680 611 2747 ab
636 2681 780 2748 bomine.

422 2804 602 2868 Praeterea
616 2802 691 2868 iude
707 2803 804 2868 facile
821 2804 1021 2888 intelligitur,
1039 2823 1140 2887 quare
1157 2804 1243 2888 ipsae
1267 2823 1427 2869 censurae
1444 2805 1466 2869 l.
1482 2823 1506 2868 s.

332 2929 453 2992 nemini
477 2933 663 2992 reservatae
686 2926 807 2992 absolvi
832 2899 965 3013 possunt
980 2927 1017 2995 in
1038 2928 1117 3011 foro
1135 2947 1269 3013 quoque
1283 2929 1429 3000 interno,
1446 2931 1507 2993 sci-

331 3051 409 3117 licet
439 3070 458 3114 a
493 3069 692 3134 quocumque
716 3050 892 3136 approbato
917 3051 1132 3134 confessario,
1158 3071 1323 3136 quousque
1356 3051 1508 3116 reductae

332 3193 398 3238 non
421 3175 485 3239 sint
508 3173 554 3238 od
577 3173 695 3254 forum
719 3175 973 3241 contentiosum.
999 3174 1049 3240 Ad
1074 3194 1154 3248 rem,
1180 3174 1242 3240 hoo
1265 3173 1365 3239 tradit
1388 3175 1508 3260 princi·

333 3297 420 3382 pium
445 3294 661 3362 D’Annibale:
685 3299 726 3376 (l,
744 3298 821 3382 335)
849 3299 925 3364 «nt
948 3300 1094 3382 quamvis
1117 3317 1277 3363 censurae
1299 3297 1364 3364 sint
1387 3317 1509 3382 poenae

334 3422 397 3486 lori
414 3423 596 3504 exterioris,
613 3423 820 3489 nihilominus
838 3423 995 3489 absolutio
1012 3426 1045 3489 in
1062 3425 1133 3490 foro
1148 3443 1274 3509 quoque
1295 3424 1510 3489 conscientiae

335 3546 405 3612 dari
435 3553 557 3632 potest,
582 3548 748 3632 quamdiu
772 3550 819 3614 ad
842 3555 1022 3616 ecclesalam
1053 3550 1217 3616 deductae
1240 3569 1310 3616 non
1332 3547 1465 3631 fuerint
1481 3570 1509 3628 a,

335 3689 409 3757 arq.
435 3669 488 3736 cit.
513 3689 588 3753 cap.
612 3670 672 3746 29,
697 3669 750 3735 De
773 3677 856 3738 sent.
880 3691 1033 3755 eoeeom.;
1060 3673 1102 3738 ol.
1128 3672 1321 3738 Benedictus
1344 3673 1438 3746 XIV,
1464 3671 1512 3737 De

336 3795 417 3880 Syn.
442 3795 601 3876 Dinaeae,
627 3793 681 3861 lib.
703 3796 762 3868 IX,
787 3795 819 3868 l,
845 3795 897 3860 ubi
922 3796 1059 3861 dilucide
1084 3795 1225 3882 explicat
1248 3797 1331 3862 haec
1354 3797 1513 3884 principia

337 3922 500 3988 disserens
523 3921 562 3986 de
586 3920 784 3987 absolutione
808 3922 847 3986 ab
870 3921 1010 3989 haeresi.

427 4045 460 4124 2)
489 4045 654 4110 Sententia
677 4065 756 4110 vero
780 4046 929 4130 proprius
952 4045 995 4111 ab
1019 4045 1154 4111 bomine
1175 4045 1303 4146 diQ
1315 4065 1426 4132 ‚quum
1451 4065 1512 4109 non

340 4177 389 4262 est
411 4189 433 4234 a
455 4137 685 4251 iura-sermo.
708 4189 758 4253 s.‚·
781 4175 830 4234 ast
844 4190 864 4234 a
880 4169 983 4236 iudice
1006 4171 1085 4254 ipso,
1109 4149 1168 4235 sua
1188 4171 1390 4250 auctoritate,
1410 4171 1513 4236 editur

341 4297 499 4360 sententia
523 4295 727 4380 particularis
743 4281 901 4360 censurae
917 4293 971 4359 vel
987 4300 1196 4381 praeceptum
1213 4297 1264 4361 cui
1280 4297 1405 4362 sanctio
1422 4296 1514 4361 adne·

340 4421 438 4485 ctitur
464 4439 631 4485 censurae.
663 4421 754 4485 Tunc
778 4439 800 4485 a
821 4418 960 4502 fortiori
982 4419 1065 4487 haec
1088 4441 1154 4486 non
1178 4421 1355 4488 absolvitur
1386 4421 1448 4487 nisi
1475 4419 1513 4484 ab
