3266 5102
496 315 540 362 na
563 317 718 368 nenrcrrs
745 319 788 368 nr
811 319 931 366 rouxrs
1243 297 1303 362 127

117 440 152 499 et
174 437 356 500 communio
379 436 462 502 laica
485 438 560 502 olim
585 439 841 526 distinguebatur
865 442 898 505 in
913 446 961 507 tot
976 441 1100 526 species
1119 446 1196 523 quot
1212 443 1307 504 erant

114 559 274 625 stationes
297 560 453 626 laicorum
477 563 510 627 iu
534 564 691 638 Ecclesia,
714 563 797 630 idest
828 565 1048 648 coaptatornnz
1072 569 1104 628 et
1122 564 1304 648 poeniten-

115 683 216 763 tium,
242 683 296 766 qui
319 685 435 748 iterum
459 684 686 751 dividebantur
709 688 742 751 iu
766 689 990 762 consistentes,
1021 687 1216 760 substratos,
1242 705 1303 750 on-

115 809 259 885 clientcs,
276 829 315 874 ac
329 810 446 894 flentes
460 813 529 876 sive
545 812 710 898 tepentes.
729 814 810 878 Item
829 819 862 878 et
878 820 952 878 sunt
974 819 1007 878 et
1031 819 1124 878 erant
1148 811 1306 896 quaedam

113 931 202 996 bona
219 935 380 998 universis
404 936 596 1008 communia,
614 936 660 999 uti
683 956 810 1020 preces,
831 943 1109 1004 sacramentorum
1133 937 1303 1022 susceptio,

116 1061 305 1144 praeseutia
326 1059 367 1124 ad
391 1058 600 1142 Sacrificium,
633 1065 824 1137 conventus,
858 1063 1046 1147 sepulture:
1078 1061 1142 1125 alia
1174 1066 1207 1126 et
1231 1065 1305 1126 sunt

115 1190 151 1248 et
174 1189 272 1248 erant
293 1183 472 1270 singularia
495 1185 707 1270 Episcopis....
733 1185 934 1269 Quicumque
958 1187 1057 1270 igitur
1074 1183 1158 1270 apud
1175 1190 1305 1251 veteres

114 1311 174 1370 aut
195 1306 237 1370 ab
261 1307 409 1372 omuibus
435 1307 525 1374 hisce
556 1308 690 1382 iuribus,
715 1314 771 1374 aut
793 1307 834 1372 ab
858 1329 922 1373 uuo
946 1314 1079 1380 tantum,
1110 1309 1163 1372 rel
1188 1328 1208 1372 a
1236 1309 1304 1394 plu·

117 1433 210 1497 ribus
222 1433 450 1518 repellebatur,
463 1434 608 1519 generali
622 1434 779 1499 vocabulo
794 1435 1110 1501 corcornntnnicotus
1123 1433 1301 1500 dicebatur.

116 1560 212 1642 quasi
234 1561 355 1644 positus
378 1564 473 1624 extra
496 1560 583 1624 illam
608 1562 863 1625 communionem
888 1578 970 1643 quae
994 1580 1052 1624 suo
1081 1559 1195 1644 gradui
1219 1579 1303 1624 com·

117 1681 259 1766 petebat,
291 1685 359 1748 sire
381 1685 540 1768 integram
564 1685 735 1758 amisisset,
760 1685 829 1750 sive
856 1691 981 1749 tantum
1012 1688 1136 1770 partem
1168 1684 1254 1748 illius
1271 1704 1321 1748 a.-

118 1807 200 1872 lnde
234 1813 341 1894 patet,
369 1811 557 1894 praesertim
591 1811 626 1873 in
660 1808 827 1875 veteribus
857 1809 1056 1874 documentis
1087 1811 1303 1873 excommuni-

117 1935 281 2000 cationem
305 1939 338 1999 et
360 1935 425 1999 alia
454 1933 612 1999 vocabula
634 1933 685 2000 his
713 1934 838 2006 similia,
863 1955 927 1998 non
956 1953 1086 2018 semper
1117 1933 1302 2016 exprimere

115 2079 293 2124 censuram
311 2065 344 2124 et
359 2064 482 2124 certam
506 2061 646 2145 speciem
671 2079 829 2125 censurae
846 2060 901 2124 sed
917 2058 1088 2143 aliquando
1108 2077 1300 2132 censuram,

115 2181 293 2264 aliquando
312 2200 473 2264 poenam,
498 2187 531 2247 et
553 2203 619 2247 non
645 2184 745 2248 semel
765 2183 1025 2268 poenitentium.

209 2305 263 2370 83.
279 2305 371 2370 Nunc
383 2307 688 2373 eccommnntcotto
701 2307 908 2392 distinguitur
931 2325 996 2369 non
1021 2303 1113 2370 modo
1138 2326 1158 2369 a
1178 2305 1300 2389 poenis

116 2431 251 2513 proprie
267 2427 360 2493 dictis
372 2428 428 2494 sed
441 2430 535 2494 etiarn
552 2449 572 2493 a
588 2429 712 2494 duabus
728 2431 800 2496 aliis
817 2449 975 2494 censurae
992 2428 1167 2514 speciebus,
1186 2449 1301 2515 nempe

115 2573 137 2617 a
159 2555 382 2636 suspensione
405 2559 437 2618 et
460 2555 649 2621 interdicto.
675 2552 839 2639 Siquidem
863 2555 1154 2620 excommunicatio
1170 2553 1302 2639 proprie

113 2678 204 2742 dicta
228 2680 304 2743 eicit
327 2678 414 2743 foras
437 2699 457 2742 a
480 2681 705 2744 communione
732 2678 890 2751 fidelium,
921 2685 1078 2763 quatenus
1106 2679 1137 2742 hi
1166 2679 1302 2742 societa-

115 2809 182 2866 tem
206 2805 404 2868 constituunt
427 2803 485 2868 sub
509 2804 677 2868 Ecclesiae
701 2809 868 2889 potestate,
887 2809 918 2868 et
935 2804 1013 2868 hinc
1030 2821 1303 2888 perconsequens

115 2925 269 3010 prohibet
291 2926 331 2991 ab
354 2927 500 2993 omnibus
523 2927 614 2992 bonis
638 2928 883 3015 dispensationis
903 2930 1059 2993 internae
1083 2933 1116 2993 et
1139 2936 1303 2993 aeternae

117 3049 287 3115 Ecclesiae
304 3051 473 3123 concessis,
498 3071 556 3116 seu
578 3071 645 3115 nou
661 3052 764 3116 solum
780 3057 872 3116 arcet
887 3050 926 3114 ab
940 3072 998 3115 usu
1011 3055 1300 3124 sacramentorum,

115 3173 409 3254 sacramentalium,
427 3177 460 3236 et
471 3171 621 3258 prohibet
637 3173 677 3238 ab
694 3175 851 3238 exercitio
870 3173 1161 3238 ecclesiasticorum
1178 3169 1301 3236 officio·

116 3318 199 3379 rum,
217 3319 238 3361 a
251 3299 505 3383 partecipatione
521 3300 720 3366 functionum
734 3319 902 3364 sacrarum
919 3300 1118 3382 aliorumque
1135 3301 1253 3365 iurium
1269 3303 1303 3363 et

115 3423 372 3507 privilegiorum,
389 3423 594 3508 quamobrem
618 3424 915 3489 excommunicatus
938 3428 987 3488 est
1012 3423 1162 3487 inhabilis
1186 3424 1301 3508 gratiis

117 3542 297 3610 Pontificiis
321 3545 503 3611 obtinendis
530 3547 699 3630 (quocirca
725 3549 758 3611 in
775 3548 941 3631 rescriptis
957 3545 1028 3610 addi
1045 3546 1127 3610 solet
1143 3545 1301 3611 absolutio

113 3690 133 3734 a
158 3668 329 3756 censuris);
354 3670 529 3736 sedetiam
553 3672 683 3756 repellit
705 3670 744 3736 ab
768 3672 1145 3736 enternocommunione
1162 3669 1300 3737 Sancto·

114 3813 196 3858 rum
213 3813 271 3858 seu
294 3814 315 3858 a
337 3796 582 3880 participatione
599 3795 775 3876 fructuum,
792 3800 824 3859 et
840 3797 1057 3880 expiationum
1075 3816 1117 3860 ex
1134 3793 1301 3862 Sacrificio

115 3917 246 3990 Missae,
272 3937 315 3982 ex
342 3917 477 4002 publicis
508 3918 675 3984 Ecclesiae
703 3919 865 4004 precibus,
891 3939 934 3982 ex
959 3919 1190 4005 Indulgentiis;
1219 3919 1302 3986 haec
1401 3977 1403 3984 .

114 4043 203 4106 enim
227 4043 336 4106 omnia
358 4063 379 4106 a
402 4043 459 4108 (lh.
476 4043 512 4107 D.
529 4063 684 4108 concessa
709 4049 784 4107 sunt
807 4043 975 4108 Ecclesiae
995 4043 1299 4109 admninistrationi.

115 4199 134 4210 -
147 4163 277 4228 Verum
300 4165 588 4230 excommunicatio
612 4184 676 4228 non
700 4169 804 4249 potest
829 4185 886 4229 nos
903 4167 1034 4250 privare
1056 4165 1195 4231 intcrno
1212 4185 1300 4231 com-

115 4288 269 4351 munione
293 4287 498 4354 Sxxcronuu
522 4288 634 4352 innixa
658 4289 845 4373 Baptismati
871 4308 933 4373 quo
956 4290 1035 4354 facti
1059 4309 1168 4354 sumus
1199 4309 1299 4353 mern·

114 4409 173 4476 bra
196 4411 313 4496 capitis
337 4409 469 4484 Christi,
494 4411 579 4476 unde
603 4412 830 4478 characterem
861 4415 1004 4498 gerimus
1037 4411 1241 4476 indelebilem
1268 4418 1301 4476 et
