3226 5106
496 333 539 380 us
564 333 715 381 uulneris
740 335 783 380 ur
806 333 926 380 rossus
1236 311 1300 379 147

116 475 231 521 suram
254 456 376 528 valere,
401 455 483 541 quia
506 461 624 522 coacta
653 459 811 524 uoluntas
834 461 883 524 est
911 476 1044 540 semper
1071 458 1243 531 uoluntas,
1269 461 1303 522 st

117 581 210 645 nulla
229 583 366 666 positiva
384 581 456 668 lege
475 589 619 656 caretur,
637 583 812 647 sententias
828 579 1008 646 huiusmodi
1027 581 1170 648 evadere
1189 581 1302 648 irritas

116 704 250 790 quando
274 707 403 772 aliunde
428 727 473 774 em
500 707 649 776 subiecta
671 709 817 774 materia
848 727 1005 774 censurae
1029 709 1188 772 sententia
1210 709 1301 774 susti·

117 835 248 898 neatur.
273 832 402 905 Suessa,
428 833 455 897 1.
480 831 514 914 3,
539 833 571 898 6.
597 833 722 898 Verum
738 833 783 896 uti
804 837 895 898 actus
917 833 973 898 teli
998 838 1084 898 metu
1110 832 1204 920 positi
1227 837 1303 898 sunt

118 955 219 1022 validi
243 954 299 1022 sed
323 957 454 1024 actione
476 961 585 1022 metus
604 955 843 1028 rescinduntur,
860 957 905 1022 ita
921 959 1003 1022 ratio
1020 965 1116 1042 urget
1132 957 1302 1022 relaxandi

117 1081 357 1167 quamprimum
388 1101 447 1166 per
476 1081 709 1146 absolutionem
740 1081 902 1146 vinculum
934 1100 1091 1146 censurae
1119 1081 1182 1146 hac
1205 1101 1300 1167 prae-

57 1251 59 1256 ·
118 1211 252 1293 postera
274 1207 401 1271 ratione
424 1203 573 1271 inflictae.
590 1207 674 1270 -Ex
697 1183 836 1270 adverso
859 1204 1015 1270 absolutio
1030 1206 1088 1272 sub
1104 1211 1191 1270 metu
1208 1207 1301 1292 gravi

118 1331 238 1396 iniusto
262 1331 425 1416 impertita
447 1330 537 1395 nulla
560 1335 619 1402 est,
639 1331 746 1415 prouti
762 1330 850 1395 iubet
869 1349 1023 1416 expresse
1046 1331 1102 1396 lex
1116 1349 1192 1416 ,cup
1209 1331 1299 1398 unic.

119 1455 175 1520 De
197 1453 250 1519 tu‘s
273 1473 362 1538 quae
385 1455 418 1519 oi
440 1458 517 1520 met.
540 1453 631 1534 1116,
656 1450 693 1537 (Ι.
710 1451 777 1538 21).
802 1454 869 1519 Nec
892 1454 1009 1518 mirum
1026 1457 1083 1526 est,
1100 1454 1205 1540 legem
1223 1475 1299 1520 con-

117 1580 258 1644 suluisse
290 1581 378 1644 casui
409 1579 617 1645 absolutionis
644 1584 732 1643 metu
762 1583 920 1652 extortae,
945 1579 1075 1643 minime
1101 1599 1181 1644 vero
1213 1581 1300 1646 casui

118 1724 280 1768 censurae
311 1701 470 1780 inflictae3
500 1703 557 1768 lex
580 1703 665 1768 enim
689 1707 782 1768 cavet
805 1723 887 1789 quae
909 1703 1006 1769 facile
1029 1706 1163 1769 evenire
1185 1705 1299 1780 solent,

119 1847 267 1912 quaeque
290 1828 393 1914 magis
416 1826 560 1893 timenda
583 1830 667 1892 sunt.

341 2113 363 2195 ἓ
385 2111 417 2178 2.
442 2111 496 2178 De
518 2110 664 2178 motem
683 2111 822 2195 passivo
846 2129 1080 2178 censurarum.

112 2360 338 2416 Summanum.
356 2387 390 2400 ·-
408 2357 452 2412 98.
472 2357 595 2412 Censura
613 2358 703 2411 fertur
720 2355 749 2410 in
768 2355 864 2410 fideles
886 2355 1049 2428 baptizatos.
1067 2357 1198 2414 infideles
1213 2357 1301 2414 veluti

208 2465 303 2521 Iudaei
323 2463 508 2520 excluduntur
520 2482 537 2518 a
550 2464 743 2518 communione
761 2463 846 2517 ciuili.
860 2463 889 2516 ln
903 2467 1027 2518 mortuos
1046 2465 1173 2519 feruntur
1192 2483 1302 2520 excom·

208 2573 420 2637 manicationes,
433 2570 592 2640 improprie,
606 2587 654 2624 seu
667 2569 702 2622 ad
716 2569 947 2623 restaurationem
961 2568 1066 2639 publici
1079 2570 1192 2624 ordinis.
1211 2571 1301 2632 Quare

207 2677 399 2732 absolvantur.
419 2705 453 2718 -
471 2677 515 2732 99.
535 2677 674 2730 Cessurae
693 2695 710 2730 a
728 2676 791 2730 iure
810 2674 885 2729 letae
903 2675 957 2730 nisi
976 2692 1106 2745 expresse
1124 2677 1226 2744 dicant,
1246 2695 1301 2732 non

208 2784 448 2854 comprehendunt
467 2785 626 2854 impuberes
639 2787 668 2838 et
687 2782 828 2837 sententia
846 2787 1035 2853 suspensionis
1049 2789 1077 2839 et
1089 2785 1229 2840 interdicti
1241 2789 1302 2856 (seu

208 2897 327 2964 excepta
346 2891 644 2960 excommunicatione)
663 2907 718 2944 non
737 2889 1010 2960 comprehenduntur
1030 2891 1159 2962 Episcopi
1180 2893 1234 2946 nisi
1256 2911 1303 2948 ex·

208 3017 302 3072 presse
316 3001 490 3056 edicatur-
504 2999 562 3053 100.
576 3003 619 3053 An
632 2999 757 3052 incurrat
770 3013 900 3051 censuras
910 2998 957 3068 qui
973 3000 1049 3052 metu
1063 2997 1221 3067 compulsus
1234 2998 1303 3053 deli·

209 3110 281 3181 quit.
292 3137 330 3150 -
344 3108 401 3162 101.
416 3107 476 3168 Qua
489 3107 597 3160 ratione
610 3121 744 3160 censurae
756 3104 887 3159 ferendas
904 3107 969 3157 sunt
983 3104 1010 3157 in
1022 3122 1173 3175 personum
1186 3115 1301 3160 certam,

209 3246 245 3260 -
257 3216 316 3271 102.
327 3214 453 3270 Possitne
464 3214 526 3285 quis
536 3213 662 3284 pluribus
674 3211 807 3278 censuris,
817 3212 902 3266 etism
916 3211 1039 3266 eiusdem
1053 3213 1153 3282 specei,
1164 3212 1300 3268 innodari.

210 3449 442 3516 assenseris
473 3452 630 3532 quatenus
658 3451 734 3513 sunt
766 3465 889 3533 poenae
920 3445 1132 3530 spirituales,
1164 3443 1298 3515 subiecti

109 3595 190 3644 esse
212 3579 357 3661 possunt,
634 3645 636 3648 Ι

211 3700 243 3789 1)
268 3700 371 3766 solum
396 3699 515 3765 Christi
539 3695 650 3762 fideles
674 3717 730 3762 seu
760 3695 843 3762 iurib
944 3697 981 3711 '·
1054 3698 1061 3711 ·

111 3822 204 3892 unde
237 3823 271 3886 in
302 3841 330 3888 c.
354 3841 381 3886 c.
406 3819 449 3886 13
473 3825 503 3886 et
526 3817 577 3884 11.
609 3817 664 3884 De
687 3817 826 3884 Iudaeis
848 3817 894 3892 X,
928 3817 982 3902 (V,
1007 3817 1040 3904 6)
1068 3823 1099 3884 et
1121 3819 1166 3884 12
1195 3823 1228 3885 et
1249 3818 1301 3884 18.

114 3949 169 4015 De
198 3945 318 4012 usuris
339 3945 380 4017 X,
406 3943 461 4030 (V,
490 3943 542 4031 19)
568 3948 682 4008 contra
713 3941 849 4008 ludaeos
878 3961 943 4008 non
973 3939 1131 4028 infligitur
1161 3961 1303 4007 censura
1363 4003 1370 4024 ,

112 4073 318 4160 spiritualis,
331 4039 400 4137 sed
429 4070 544 4143 ciuilis
569 4068 697 4134 eosdem
722 4067 897 4134 excludens
920 4066 1055 4134 abonis
1086 4068 1191 4134 civilis
1218 4037 1331 4135 com-⁹

115 4199 297 4276 munionis;

207 4321 242 4410 2)
265 4341 330 4420 qua
352 4326 426 4387 sunt
445 4339 595 4405 poenae,
613 4317 1182 4418 Ρ11911,1111111111111111111111111111101
1209 4322 1241 4387 et
1266 4319 1302 4386 in

114 4452 295 4534 exemptos.
310 4483 324 4496 -
341 4447 385 4512 At
401 4447 434 4511 in
457 4445 676 4512 criminalibus
692 4445 818 4511 ratione
832 4443 945 4512 delicti
960 4444 1030 4528 quis
1052 4444 1147 4508 etiam
1164 4445 1299 4510 sortitur

100 4558 219 4576 Ἢ
