3296 5108
524 309 567 357 DE
591 310 745 359 DELlC'l'lS
770 311 812 358 ET
835 311 953 358 Pontus

290 609 312 691 5
339 609 367 673 l.
393 608 553 678 Nationes
572 612 736 696 praeviae
758 611 795 677 in
820 611 960 678 Decreta
988 612 1180 679 Gereeratia.

150 819 418 876 summarium·
436 821 496 875 339.
512 821 629 877 Decreta
642 822 862 892 aliarespiciunt
873 825 1096 894 prohibitionem,
1110 824 1166 878 alia
1179 841 1327 880 censuram

242 930 383 984 librorum.
403 929 525 984 Intentio
545 928 747 999 prohibitionis.
764 958 799 972 -
818 929 879 986 340.
899 933 942 986 An
962 932 996 984 ad
1021 932 1231 1001 interpretanda
1255 949 1327 986 nova

241 1037 353 1092 decreta
372 1037 494 1091 invocari
514 1037 620 1106 possint
638 1043 735 1091 vetera
752 1038 867 1094 abolita.
879 1067 915 1079 -
934 1037 995 1092 341.
1009 1038 1050 1091 Ad
1065 1056 1201 1110 quaenam
1216 1057 1245 1094 ss
1267 1055 1329 1110 pro-

243 1145 339 1198 tendat
357 1144 498 1200 decretum
516 1145 715 1214 prohibitionis.
735 1175 771 1187 -
789 1145 850 1200 342.
867 1146 905 1200 De
925 1145 1111 1216 prohibitione
1131 1145 1259 1200 absoluta
1278 1151 1329 1201 aul

243 1250 369 1306 relativa.
390 1281 422 1294 -
442 1251 503 1306 343.
524 1253 562 1306 De
582 1252 769 1322 prohibitione
789 1255 814 1306 vi
834 1255 903 1308 iuris
922 1259 970 1308 aut
990 1253 1127 1308 naturalis
1146 1260 1195 1308 aut
1215 1256 1327 1324 positivi

243 1356 364 1411 humani.
385 1385 418 1398 —
437 1356 498 1410 344.
518 1355 588 1418 Quid
607 1356 677 1411 liber
696 1356 818 1424 libellus,
836 1359 978 1428 scriptum.

242 1554 317 1620 339.
342 1555 481 1621 Decreta
505 1555 678 1622 Generalia
700 1556 925 1642 dispescuntur
949 1559 982 1622 in
1006 1558 1090 1624 anos
1114 1559 1234 1639 titulae,
1253 1577 1329 1642 quo-

154 1701 226 1746 rum
256 1681 342 1746 alter
371 1683 439 1766 agit
469 1681 509 1746 de
529 1681 765 1764 prohibitione,
790 1682 874 1748 alter
905 1683 944 1746 de
968 1701 1123 1750 censtcra.
1157 1684 1328 1748 Decretum

156 1807 241 1870 enim
260 1804 501 1887 prohibitionis
516 1804 689 1872 absolutae
712 1805 764 1870 vel
780 1806 943 1872 relatiuae
966 1807 1096 1891 attingit
1111 1807 1234 1872 directe
1250 1826 1329 1871 non-

154 1932 260 1996 nullos
275 1929 375 1995 libros
388 1929 427 1995 ob
441 1931 595 1995 materiae
609 1932 765 1995 rationem
776 1952 784 2010 3
797 1931 878 1995 alios
889 1941 997 1996 autem
1012 1930 1112 1996 libros
1128 1951 1192 1996 non
1205 1931 1329 1996 directe

154 2056 284 2140 attingit
296 2052 352 2120 sed
364 2053 533 2118 dumtaxat
544 2053 698 2119 submittit
705 2054 872 2136 praeciae
882 2074 1057 2121 censurae.
1071 2055 1180 2130 Quare
1191 2056 1332 2137 primnis

152 2179 264 2246 titulus
287 2177 434 2244 decernit
450 2179 578 2262 quinam
594 2177 667 2243 libri
691 2178 941 2264 prohibeantur;
959 2180 1046 2246 atter
1068 2179 1228 2266 significat
1250 2199 1329 2264 qua·

154 2325 229 2369 nam
242 2305 367 2369 ratione
383 2303 580 2388 procedatur
595 2302 634 2368 ad
651 2303 751 2368 libros
766 2305 1042 2390 recognoscendus
1055 2311 1087 2370 et
1103 2305 1327 2390 prohibendos

244 2429 307 2496 Sed
323 2427 483 2514 prohibito
499 2428 591 2500 libro,
609 2428 800 2514 intelligitur
815 2428 977 2514 prohibita
989 2429 1137 2494 doctrina
1152 2431 1184 2493 iu
1201 2431 1331 2515 scriptis

154 2557 291 2617 exarata
312 2551 420 2635 prouti
438 2551 532 2624 iacet,
549 2549 606 2629 sed
629 2571 688 2636 per
711 2569 746 2616 se
765 2571 830 2616 non
855 2551 1089 2616 condemnatur
1111 2552 1249 2618 animas
1272 2572 1330 2632 seu

154 2677 293 2743 intentio
317 2677 468 2740 auctoris·
492 2675 706 2740 Nihilominus
723 2675 842 2740 Bened.
864 2677 948 2742 XlV
965 2675 1064 2744 Const
1089 2677 1276 2742 «Sollicita
1301 2682 1331 2742 et

150 2799 334 2884 prouida»
361 2800 447 2866 cavit
469 2797 509 2864 de
532 2797 625 2863 modo
641 2818 704 2882 quo
719 2819 754 2863 se
777 2799 955 2864 defendere
978 2801 1077 2884 possit
1100 2805 1215 2864 auctor
1237 2801 1295 2884 (1).

246 3044 285 3114 (l)
305 3045 392 3098 Porro
407 3043 506 3100 Beued.
521 3042 586 3097 xlv
606 3045 635 3097 in
648 3043 694 3096 cit.
708 3042 800 3096 Const.
814 3045 827 3110 t
843 3021 875 3096 10
894 3043 1001 3097 statuit.
1014 3056 1032 3098 a
1045 3043 1217 3112 Conquestos
1230 3044 1333 3098 scimus

155 3150 305 3222 aliquando
331 3149 487 3214 nonnullos,
511 3148 583 3219 quod
609 3148 744 3202 librorum
770 3147 873 3202 iudicia
898 3153 926 3203 et
951 3150 1174 3218 proscriptiones,
1200 3151 1334 3204 inauditis

156 3257 325 3321 auctoribus,
344 3257 422 3319 fiant,
442 3253 520 3309 nullo
538 3255 606 3324 ipsis
631 3255 692 3308 loco
716 3255 750 3309 ad
774 3254 961 3310 defensionem
987 3271 1128 3332 concesso.
1146 3256 1216 3310 Huic
1238 3263 1332 3314 atatem

156 3363 305 3434 quaerelae
324 3379 487 3432 responsum
505 3364 590 3418 fuisse
603 3363 738 3428 novimus,
752 3362 823 3417 nihil
842 3378 911 3432 opus
924 3379 984 3418 esse
996 3364 1134 3418 hirctores
1153 3366 1181 3418 in
1200 3365 1332 3422 iudicium

157 3486 266 3536 vocare,
285 3471 332 3523 ubi
352 3485 406 3522 non
425 3469 535 3539 qnidam
561 3469 594 3522 de
619 3473 715 3523 eorum
740 3469 864 3538 personis
889 3468 1026 3534 notandis,
1046 3475 1095 3523 aut
1117 3471 1333 3526 condemnandis

156 3580 258 3650 agitur,
278 3577 326 3632 sed
344 3576 377 3631 de
397 3576 565 3632 consulendo
583 3575 706 3631 fidelium
729 3575 914 3641 indemnitati,
933 3581 1017 3646 atque
1041 3576 1193 3632 avertendo
1211 3577 1246 3631 ab
1266 3578 1335 3647 ipsis

157 3685 281 3756 periculo
300 3684 371 3756 quod
391 3701 480 3738 nocua
498 3683 633 3738 librorum
652 3682 773 3738 lectione
785 3682 869 3738 facile
888 3683 1054 3750 incurritur,
1066 3683 1088 3736 si
1103 3699 1158 3752 qua
1177 3700 1242 3738 vero
1255 3685 1334 3753 igno·

157 3791 259 3845 minias
277 3790 341 3845 labe
360 3791 483 3844 auctoris
502 3805 601 3843 nomen
621 3807 655 3844 ex
674 3806 707 3844 eo
726 3789 836 3859 aspergi
856 3790 1002 3859 contingat
1027 3789 1054 3842 id
1079 3806 1133 3844 non
1158 3790 1263 3845 directe
1286 3792 1334 3847 sed

156 3893 270 3967 dblique
289 3914 323 3951 ex
342 3895 407 3950 libri
427 3897 604 3951 damnatione
630 3897 771 3967 consequi.
791 3896 852 3956 Qua
876 3897 1071 3951 saneerations
1096 3897 1210 3950 minime
1228 3898 1334 3967 impro-

157 4003 262 4058 bandos
286 4019 430 4058 censemus
455 4002 612 4058 huiusmodi
636 4003 771 4058 librorum
797 4003 990 4057 damnationes
1015 4003 1150 4058 inauditis
1173 4004 1334 4058 auctoribus

156 4114 262 4178 iactas,
286 4129 371 4182 quum
396 4113 560 4182 praesertim
586 4112 751 4168 credendum
777 4112 822 4178 sit,
847 4110 978 4182 quidquid
1005 4127 1054 4180 pro
1079 4128 1108 4166 so
1134 4113 1195 4180 ipso
1217 4117 1266 4167 aut
1286 4129 1337 4182 pro

156 4219 302 4275 doctrinae
319 4235 386 4273 suae
405 4219 564 4274 defensione
583 4221 719 4289 potuisset
731 4223 828 4274 auctor
840 4220 941 4274 afferre
954 4218 981 4272 id
1001 4219 1115 4274 minime
1133 4237 1150 4273 a
1167 4219 1335 4274 censoribus

157 4329 243 4396 atque
261 4326 401 4380 lodicibus
418 4327 578 4396 ignoratum
599 4327 793 4396 neglectumve
811 4327 904 4381 fuisse.
925 4325 1020 4381 Nihilo
1039 4331 1133 4381 tamen
1152 4327 1243 4381 minus
1262 4329 1334 4398 quod

157 4450 242 4503 saepe
262 4435 340 4502 alias,
360 4451 468 4488 summa
486 4434 637 4505 aequitatis
656 4439 684 4490 et
703 4434 866 4504 prudentiae
885 4433 993 4488 ratione
1007 4435 1041 4487 ab
1060 4433 1156 4488 eadem
1176 4433 1338 4504 congregas
