3306 5102
7 13 477 179 *Π

538 308 581 354 nu
605 307 759 355 narreris
783 309 825 354 nr
849 309 969 355 roams
1275 289 1342 354 349

163 451 209 500 ear
232 430 365 515 defectu
387 430 504 513 samue
527 431 580 496 vel
603 451 648 498 erc
670 433 743 514 ipso
767 433 887 498 delicto
911 431 1058 496 haeresis
1074 431 1157 514 quod
1180 433 1343 518 propriam

165 556 284 623 habeat
306 557 465 622 adnexam
490 558 776 643 irregularitatem,
793 576 858 623 noo
874 577 968 622 secus
991 576 1030 622 ac
1054 557 1278 624 homicidium:
1302 557 1345 622 ci.

164 677 366 748 D'Annibale
389 679 428 762 (I,
453 681 542 767 431).
561 716 579 730 -
598 682 643 746 lle
666 682 729 746 hac
752 683 938 767 quaestione
962 683 1050 746 inira
1073 703 1215 768 agemus.

257 806 333 872 259.
361 807 539 872 Praeterea
563 813 723 891 quaerunt
746 808 800 872 sed
818 827 882 871 non
899 810 1096 873 conveniunt
1116 810 1281 878 Doctores,
1307 827 1349 872 an

165 931 318 996 infamiae
334 931 561 1016 irregularitas
583 933 625 996 sit
647 951 692 998 era
715 932 834 998 delicto
857 933 910 996 vel
935 951 980 998 ear
1000 932 1154 1015 deleam
1178 951 1275 1016 quum
1298 952 1345 996 as·

165 1058 319 1121 severant
334 1055 489 1126 nonnulli,
507 1075 635 1140 semper
650 1075 720 1120 esse
741 1074 785 1120 eor
801 1053 933 1136 desecta
949 1075 1064 1140 nempe
1087 1075 1134 1122 ex
1156 1059 1275 1136 famae
1290 1073 1348 1121 seu

166 1179 270 1244 bonae
287 1182 532 1246 existimationis
548 1179 690 1264 defectu,
707 1181 901 1264 praesertim
917 1182 992 1265 quia
1008 1181 1139 1245 infamia
1163 1200 1209 1246 eae
1227 1180 1347 1248 delicto

167 1307 295 1372 corallo
312 1306 391 1369 oriri
414 1325 509 1392 posse
533 1325 597 1370 non
612 1305 750 1376 videtur,
769 1307 921 1389 quocirca
937 1305 1150 1371 attendendus
1174 1311 1222 1370 est
1243 1307 1346 1390 primo

167 1434 200 1494 et
231 1429 453 1514 principaliter
483 1428 589 1494 famae
619 1428 763 1493 deiectus
794 1427 877 1513 apud
908 1428 1056 1492 homines
1087 1427 1213 1515 probos.
1240 1463 1259 1477 ·
1284 1427 1347 1494 Sed

167 1559 317 1618 econtra
332 1552 528 1638 probabilius
543 1557 601 1624 est,
619 1553 714 1617 etiam
738 1570 783 1617 ecc
806 1552 925 1618 delicto
942 1553 1069 1618 occulto
1086 1552 1250 1616 infamiam
1267 1552 1347 1616 iuris

167 1677 260 1746 oriri,
277 1678 321 1740 uti
339 1675 514 1741 docuimus.
533 1674 581 1740 Cf.
598 1693 697 1760 supra
712 1695 744 1738 n.
762 1673 815 1738 20.
834 1673 1061 1754 Quamobrem,
1079 1675 1142 1738 hac
1157 1675 1348 1758 praesertim

169 1801 297 1864 ratione
328 1801 416 1879 moti,
445 1799 499 1863 atii
529 1799 594 1863 DI).
619 1803 796 1870 autumant„
828 1799 1103 1884 irregularitatem
1131 1817 1176 1864 ear
1201 1797 1349 1881 tafamr’a

168 1943 242 1989 esse
265 1941 310 1990 ecc
333 1923 462 1990 delicto.
488 1924 537 1989 Cf.
554 1923 683 2004 suarez,
708 1923 769 1988 XL
780 1923 872 1995 VIII,
896 1921 992 2004 1,13
1015 1927 1047 1988 et
1071 1923 1226 2009 Philipps,
1250 1923 1348 2006 553.

261 2047 474 2112 Nihilominus
503 2045 822 2112 animadvertendum
855 2052 917 2128 est,
948 2066 1061 2112 omnes
1091 2047 1349 2132 irregularitates

105 2158 108 2162 ⁵
170 2172 263 2237 inniti
280 2173 312 2236 in
328 2172 437 2255 aliqua
459 2173 695 2239 mota-macula
711 2192 767 2236 seu
784 2172 883 2256 quasi
907 2171 1125 2246 inhabilitate,
1141 2179 1250 2238 tamen
1274 2173 1350 2239 divi·

170 2316 223 2362 sas
239 2296 338 2362 fuisse
355 2299 386 2361 in
404 2299 632 2380 provenientes
647 2315 692 2362 eac
707 2297 826 2362 delicto
844 2302 877 2363 et
891 2315 936 2362 eac
951 2297 1084 2380 defecta
1099 2303 1223 2364 attenta
1239 2317 1350 2365 earum

171 2439 277 2487 cama
291 2421 456 2504 proxima
474 2419 625 2502 formati.
643 2422 742 2504 Atqui
759 2423 861 2506 ipsum
877 2421 1028 2486 delictum
1048 2422 1286 2488 consideratum
1302 2427 1352 2488 est

170 2544 342 2630 aliquando
374 2529 490 2631 parere
520 2546 795 2632 irregularitatem
827 2544 867 2610 ob
902 2553 1151 2630 consequentem
1182 2546 1351 2631 defectum

171 2670 281 2737 boare
303 2669 429 2752 famae.
447 2671 497 2736 Ita
512 2669 568 2736 filii
593 2672 834 2738 haereticorum
858 2678 890 2738 et
913 2673 1070 2738 haeretici
1094 2673 1152 2756 ipsi
1177 2691 1352 2756 eorumque

172 2796 325 2867 fautores,
351 2815 462 2860 omnes
486 2801 598 2880 utputa
621 2795 767 2870 infames,
792 2798 898 2882 prouti
927 2797 1013 2861 infra
1040 2794 1253 2881 probabimus,
1278 2797 1352 2880 ipso

172 2921 249 2985 iare
271 2918 469 3004 irregulares
493 2917 676 2984 denunciari
701 2927 784 2984 sunt.
804 2921 953 2984 Iamvero
976 2939 1074 2986 causa
1097 2921 1245 3004 proxima
1268 2919 1354 2984 defe·

174 3050 244 3110 ctus
261 3043 366 3108 famae
382 3064 440 3110 seu
456 3044 707 3129 irregularitatis
730 3047 763 3108 in
779 3044 954 3109 haereticis
969 3051 1019 3110 est
1038 3046 1162 3109 crimen
1182 3044 1354 3130 personale

174 3165 331 3236 haeresis,
348 3171 496 3232 econtra
513 3168 545 3230 in
563 3164 636 3231 liliis
648 3167 888 3233 haereticorum
902 3168 1153 3253 irregularitatis
1165 3186 1263 3244 causa
1274 3186 1353 3250 pro·

173 3289 273 3356 aima
303 3291 449 3376 efficiens
472 3299 521 3358 est
541 3291 659 3372 famae
689 3291 838 3376 defectas
860 3292 917 3358 sed
942 3313 984 3358 ex
1008 3294 1144 3358 crimine
1171 3298 1351 3378 parentum.

176 3414 285 3488 Quare
309 3415 378 3500 ipse
401 3415 506 3480 famae
530 3414 675 3480 defectus
699 3416 837 3482 hahetur
860 3418 906 3483 uti
930 3437 1028 3482 causa
1043 3417 1189 3482 formalis
1211 3417 1252 3482 ad
1275 3437 1354 3481 cou-

176 3539 369 3606 stitueudam
382 3540 673 3625 irregularitatem;
690 3541 835 3623 quamvis
853 3540 940 3606 hunc
955 3540 1115 3607 defectum
1129 3542 1198 3624 quis
1214 3541 1356 3625 patiatur

175 3663 348 3749 aliquando
371 3682 414 3728 ex
438 3663 574 3729 crimine
598 3665 739 3748 proprio,
756 3663 927 3749 aliquando
952 3685 994 3729 ex
1017 3666 1152 3729 crimine
1175 3664 1281 3728 alieno
1297 3661 1353 3750 (1).

266 3894 305 3963 (l)
326 3894 386 3963 Ipse
405 3899 555 3963 conceptus
574 3897 709 3965 infamiae
728 3911 811 3964 supra
830 3894 986 3963 explicatus
1004 3899 1100 3963 aperte
1119 3895 1207 3960 docet,
1220 3893 1357 3964 Irregula-

177 3999 291 4052 ritatem
305 4015 340 4050 eo
352 3999 471 4067 infamia
485 4013 539 4051 non
553 4013 632 4068 posse
644 3997 753 4052 fundari
769 3999 821 4052 nisi
836 4002 864 4052 r'a
876 4003 996 4070 defectu.
1012 3999 1081 4052 Nam
1095 3999 1210 4052 iufamia
1229 3997 1358 4055 consistit

177 4109 207 4159 ἐκ
224 4105 383 4174 privatione
402 4105 699 4176 aestimationisque
717 4107 845 4160 honestos
863 4108 995 4160 homines.
1011 4105 1092 4160 Unde
1111 4106 1229 4159 infames
1244 4103 1355 4159 arcendi

175 4215 242 4264 sunt
267 4211 302 4264 ab
326 4210 478 4276 ordinibus,
496 4212 562 4281 quia
586 4227 640 4266 non
667 4211 771 4266 habent
796 4214 897 4266 bonam
922 4214 1119 4276 testimonium,
1141 4211 1214 4280 quod
1239 4210 1357 4280 requirit

178 4315 264 4370 Divus
283 4315 388 4368 Paulus
406 4315 440 4368 ad
458 4315 588 4382 Timoth.‚
608 4316 631 4380 1,
650 4318 679 4382 3,
698 4317 723 4369 7.
744 4317 891 4388 «Oportet
910 4327 1004 4371 autem
1018 4317 1102 4370 Illum
1120 4315 1310 4386 (Episcopum)
1330 4326 1358 4370 et

177 4421 366 4475 testimonium
389 4421 491 4476 babere
518 4423 618 4476 bonam
637 4424 671 4477 ab
689 4424 723 4476 iis
742 4425 789 4493 qui
806 4425 878 4494 soris
903 4431 976 4490 sunt,
996 4433 1026 4476 ut
1050 4438 1105 4475 non
1126 4423 1156 4476 in
1175 4423 1357 4494 opprobrium
