3306 5102
337 299 403 364 294
866 311 951 358 raas
974 311 997 356 1.

426 441 501 506 200.
535 439 798 523 lrregnlaritatcs
828 455 908 500 rere
939 437 971 498 in
1001 434 1103 500 dubio
1137 434 1224 498 iaris
1258 452 1322 497 non
1357 433 1507 497 contrahi

337 565 477 649 itemque
491 565 524 628 in
541 561 643 628 dubio
659 561 752 644 (acti,
771 560 857 624 inira
880 559 1094 644 probabimus.
1119 561 1157 625 In
1173 563 1374 624 antecessum
1397 559 1509 642 paucis

336 689 543 775 expediemus
558 688 787 772 quaestionem.
810 705 853 748 an
876 689 1011 748 excuset
1034 685 1217 768 ignorantia
1238 682 1279 746 ab
1302 680 1509 747 incurrendis

336 812 629 900 irregularitatibus
651 830 697 877 err
719 810 848 876 delicto.
869 809 1053 874 Recolimus
1075 815 1108 872 et
1129 809 1328 893 applicamus
1350 807 1512 891 principia

335 940 498 1024 explicata
521 957 553 1001 n.
578 937 631 1002 32.
1452 999 1460 1016 ,

470 1061 502 1144 l)
526 1059 730 1146 lpaoraatia
759 1058 844 1141 facti
870 1063 1013 1124 mamni
1034 1058 1078 1124 ab
1100 1057 1319 1124 incurrendis
1341 1055 1512 1141 trepita-

335 1185 492 1252 ritatibus
518 1205 564 1252 eor
585 1184 724 1264 delicto,
748 1184 934 1250 dammodo
967 1203 1038 1250 aaa
1067 1183 1109 1248 sit
1131 1183 1329 1270 ignorantia
1358 1182 1512 1268 praviter

335 1311 523 1395 culpabitis.
555 1311 601 1374 At
621 1309 821 1395 inmerentia
850 1309 936 1393 sacti
967 1308 1084 1374 leviter
1114 1309 1293 1391 critpubitir
1322 1305 1511 1390 aliquando

334 1455 405 1503 nou
427 1439 578 1508 manat,
594 1434 697 1500 celati
720 1434 757 1498 in
774 1433 965 1500 homicidio.
984 1469 1002 1481 -
1022 1435 1155 1517 inquam
1170 1433 1218 1499 ab.
1228 1431 1450 1498 iacarrerudr's
1464 1431 1510 1494 ir-

333 1557 612 1647 reputationem
626 1579 672 1624 em
687 1559 822 1641 delicto;
846 1579 920 1624 nam
944 1558 1203 1644 irregularitates
1222 1575 1268 1622 ea
1282 1555 1418 1638 desecta
1434 1573 1509 1619 oon-

335 1685 508 1750 trahuntur
534 1681 625 1747 nobis
649 1683 757 1748 insciis
784 1687 817 1746 et
844 1683 963 1746 invitis.
994 1682 1039 1747 At
1063 1699 1126 1744 non
1159 1683 1297 1746 excusat
1325 1679 1508 1764 ignorantia

333 1807 486 1894 praviter
507 1806 685 1890 capabilis
708 1827 765 1872 seu
789 1824 907 1872 crassa
931 1811 963 1870 et
985 1805 1133 1888 sapiaa3
1155 1823 1239 1888 quae
1263 1809 1400 1868 excusat
1423 1803 1508 1866 dnm·

335 1938 425 1998 taxat
440 1932 567 2017 quando
582 1931 809 2018 irregularitas
824 1931 891 1996 iata
907 1936 955 1996 est
971 1933 1003 1995 in
1019 1931 1193 2011 audeatur,
1207 1932 1239 1992 in
1251 1933 1510 2012 praesumenter

334 2057 452 2140 aliquid
484 2057 610 2130 facere,
635 2056 716 2122 adeo
739 2063 775 2121 ut
798 2060 934 2122 excuset
959 2055 1055 2120 eiiam
1083 2057 1240 2138 affectata
1262 2056 1288 2116 si
1313 2051 1511 2118 incurrenda

334 2181 521 2246 decernitur
535 2182 759 2268 irregularitas
775 2202 794 2246 a
809 2182 952 2248 amenter
963 2181 1084 2264 aliquid
1099 2179 1370 2265 perpetrantibus.
1387 2179 1511 2262 -Igne

335 2305 440 2370 rantia
463 2305 579 2370 leniter
602 2305 769 2390 culpabilis
785 2325 849 2370 non
866 2309 1000 2370 excusat
1015 2323 1057 2370 ex
1073 2305 1310 2388 quasi-delicto
1333 2301 1508 2380 homicidii,

333 2434 368 2493 ut
391 2449 489 2513 supra
512 2431 726 2514 exposuimus,
752 2436 785 2497 et
809 2431 855 2495 uti
877 2431 1039 2495 innuimus
1063 2450 1093 2493 n.
1112 2428 1168 2510 32,
1188 2429 1257 2511 52.

467 2553 500 2636 2)
527 2555 731 2639 Ignorantia
762 2555 846 2640 lepis
874 2555 945 2619 siue
975 2553 1112 2619 divinae
1140 2555 1211 2620 sive
1239 2553 1411 2620 naturalis
1441 2552 1511 2616 sive

333 2675 574 2742 ecclesiasticae
588 2677 730 2743 vetantis
751 2677 882 2760 factum
899 2679 954 2773 cpi
968 2679 1108 2744 amesa
1131 2683 1180 2744 esi
1202 2678 1444 2763 irregularitas
1466 2694 1511 2741 aa

333 2801 452 2866 delicto
474 2821 545 2866 aaa
560 2808 709 2868 eamear.
728 2803 796 2869 Sed
820 2804 903 2870 haec
925 2809 973 2868 est
994 2804 1143 2885 simplem
1161 2803 1400 2885 praesumptio
1421 2819 1510 2886 qim

332 2924 419 2990 aedit
442 2926 574 2990 verimi
596 2945 655 2992 sea
679 2929 873 2994 contrariae
893 2927 1099 3010 probationi.
1121 2929 1248 2992 -Hanc
1271 2928 1417 3012 reguiam
1447 2929 1508 2991 iam

334 3048 566 3134 explicavimus
580 3050 642 3116 sab
657 3053 679 3135 S
695 3051 719 3118 3
734 3073 828 3118 num.
842 3051 901 3118 32.
916 3053 1052 3135 Inquam
1068 3051 1149 3137 legis
1168 3087 1184 3100 ·
1203 3053 1271 3116 sive
1286 3051 1425 3117 diuinae
1440 3054 1509 3116 sive

332 3181 502 3245 naturalis
525 3181 594 3244 sire
616 3180 859 3247 ecclesiasticae
876 3215 894 3227 -
911 3181 985 3264 quia
1003 3179 1152 3244 nonnulli
1169 3179 1244 3252 Do„
1261 3180 1307 3244 uti
1323 3177 1438 3244 ridere
1461 3184 1509 3243 cst

332 3321 431 3386 penes
444 3302 474 3367 S.
489 3302 688 3387 Alphonsum
709 3303 781 3376 VII,
795 3323 828 3368 a.
843 3302 926 3380 350,
940 3308 1106 3368 autumant
1120 3321 1281 3368 excusare
1293 3303 1508 3388 ignorantiam

331 3427 412 3513 legis
428 3429 668 3495 ecclesiasticae
690 3428 892 3514 prohibentis
911 3429 1038 3513 aliquod
1058 3430 1178 3494 factum
1202 3429 1348 3512 quamvis
1370 3428 1436 3492 hoc
1455 3448 1508 3492 oo·

331 3560 506 3638 gnoscatur
531 3555 725 3640 prohibitum
754 3555 827 3641 lege
851 3555 959 3620 divina
981 3561 1039 3620 aut
1062 3556 1212 3620 naturali.
1237 3554 1300 3620 Sed
1327 3554 1411 3620 haec
1434 3575 1510 3621 sen-

330 3682 432 3746 tentia
454 3687 502 3746 est
524 3681 631 3746 aliena
654 3683 889 3764 quammaximo
905 3701 925 3746 a
940 3683 1080 3767 genuino
1103 3685 1261 3765 conceptu
1284 3682 1431 3746 criminis
1455 3702 1509 3746 ec·

331 3807 518 3871 olesiastici:
551 3807 592 3871 ri.
626 3827 724 3892 supra
755 3827 785 3871 n.
817 3806 874 3882 16;
905 3812 939 3872 et
968 3808 1066 3892 ipsius
1091 3806 1353 3892 irregularitatis.
1382 3805 1508 3874 Verum

331 3951 500 3996 versamur
522 3932 559 3996 in
575 3931 677 4000 dubio
700 3931 805 4014 iuris;
822 3933 884 3995 imo
907 3931 1000 3996 istam
1016 3932 1206 3997 sententiam
1230 3953 1349 4018 graves
1368 3952 1507 4017 sequun-

329 4057 384 4118 tur
408 4052 482 4127 DD„
507 4054 606 4120 veluti
630 4054 810 4140 Schmalzg.
835 4055 855 4118 l.
879 4073 905 4119 c.
930 4075 963 4118 a.
980 4054 1057 4119 105.

464 4173 497 4260 3)
514 4176 718 4261 Ignorantia
740 4175 1006 4262 irregularitatis
1020 4193 1080 4240 sca
1097 4175 1197 4240 huius
1207 4192 1342 4256 poenae
1358 4175 1430 4260 lege
1454 4193 1507 4239 ec·

330 4297 514 4364 clesiastica
531 4301 690 4366 aduenae
706 4301 842 4366 cuidam
858 4301 977 4367 delicto
992 4320 1062 4366 aon
1083 4305 1233 4365 emanat.
1252 4333 1269 4347 ·
1289 4300 1383 4364 Hanc
1407 4319 1506 4384 regu-

328 4423 392 4487 lam
417 4423 650 4508 explicavimus
674 4425 731 4490 sub
754 4428 776 4508 5
799 4427 815 4489 1
839 4446 871 4490 a.
897 4423 956 4490 32.
987 4427 1024 4488 ln
1048 4425 1245 4509 propositum
1278 4422 1360 4488 haec
1390 4425 1507 4509 regula
