3266 5102
500 285 544 332 nn
568 285 721 334 uuurcrrs
745 285 788 332 nu
812 285 931 332 roarus
1244 263 1306 330 145

122 410 264 476 homine
280 411 368 494 ests.
386 431 428 492 s.;
450 412 550 496 etqui
574 411 734 497 pendente
758 411 809 477 die
828 415 884 476 aut
899 411 1081 477 conditione
1097 411 1213 476 desinit
1235 430 1308 476 esse

120 533 283 608 subditus,
297 532 409 621 effugit
423 537 487 599 vim
503 538 679 622 praecepti.
692 537 821 602 Snarez.
837 536 903 601 III.
917 536 951 609 5,
964 535 990 600 2
1001 555 1049 620 sq.
1064 535 1096 600 Si
1113 555 1192 600 vero
1208 534 1306 601 iudex

121 657 293 734 decernat
306 659 367 724 uisi
380 659 442 724 hoc
453 658 563 740 facias,
577 660 643 724 eris
658 660 953 724 excommunicatus
965 679 1022 724 seu
1034 679 1217 744 suspensus,
1230 661 1306 742 quia

121 784 289 850 sententia
312 783 374 846 iam
391 784 461 847 luta
476 789 533 858 est,
551 783 698 867 quamvis
712 803 869 869 suspensa
885 785 919 846 in
934 803 992 847 sua
1011 784 1212 862 executione,
1229 803 1305 867 pen-

122 907 223 972 dente
247 905 439 979 conditione,
463 912 553 973 tenet
573 913 861 994 transgressorem,
878 911 938 973 etsi
960 909 1076 992 quoad
1099 913 1210 973 cetera
1233 907 1307 972 sub·

124 1031 213 1098 ditus
228 1052 299 1097 esse
321 1032 465 1098 desierit.
493 1034 569 1098 Nam
594 1033 680 1098 hanc
703 1033 895 1120 sententiam
919 1032 1002 1117 quod
1026 1036 1159 1117 spectat,
1175 1033 1202 1096 is
1226 1029 1306 1097 effu-

124 1176 208 1241 gere
223 1175 289 1220 non
304 1157 391 1222 valet
406 1156 519 1222 iudicis
533 1159 778 1232 auctoritatem
794 1177 911 1242 nempe
929 1177 965 1221 re
980 1177 1044 1220 non
1058 1159 1194 1242 integra,
1207 1157 1306 1240 siqui·

125 1281 201 1346 dem
226 1279 280 1345 ubi
296 1283 477 1366 incoeptum
494 1289 543 1348 est
557 1281 710 1348 iudicium
727 1282 770 1347 ibi
786 1278 869 1345 finiri
887 1281 991 1347 debet.
1009 1283 1207 1368 Intelligitur
1224 1281 1308 1346 iudi-

126 1407 214 1471 cium
231 1407 294 1470 iam
311 1407 492 1492 incoeptum
510 1412 541 1473 et
556 1427 657 1492 prope
673 1403 796 1472 finitum
813 1427 909 1490 quum
925 1407 1022 1472 iudex
1034 1409 1224 1472 sententiam
1241 1409 1305 1472 iam

126 1531 240 1596 tulerit
271 1551 443 1604 censurae,
466 1533 527 1596 etsi
551 1531 658 1616 aliqua
688 1531 870 1598 conditione
896 1552 1100 1616 suspensam3
1124 1531 1307 1597 huiusmodi

127 1655 214 1719 enim
230 1656 410 1720 sententiae
425 1656 643 1741 praemittitur
658 1657 798 1740 cognitio
813 1655 970 1720 iudicialis
993 1655 1033 1720 ad
1053 1643 1199 1721 tramites
1215 1675 1309 1741 appo·

127 1779 180 1842 siti
205 1799 385 1864 processus.
411 1779 459 1846 ol.
484 1779 613 1852 Suarez,
641 1782 661 1845 l.
688 1801 730 1863 c.;
754 1778 963 1861 D'Annibale,
988 1781 1016 1856 I,
1043 1780 1126 1847 333.
1150 1807 1153 1812 ·

220 1902 385 1967 Censurae
408 1909 513 1968 autem
530 1924 552 1968 a
567 1904 651 1976 iure,
669 1905 784 1990 quippe
801 1907 904 1969 instar
919 1905 1000 1990 legis
1015 1911 1098 1978 sunt,
1116 1925 1180 1969 non
1196 1909 1312 1970 tenent

129 2026 293 2111 singulum
321 2025 479 2092 subditum
506 2047 670 2113 quousque
699 2030 823 2093 crimen
852 2027 952 2092 fuerit
978 2034 1249 2110 consummatum,
1274 2035 1310 2094 ut

128 2156 206 2237 puta
227 2170 390 2234 quousque
407 2153 546 2220 conditio
562 2155 693 2238 impleta
714 2153 823 2226 fuerit,
848 2155 873 2218 si
897 2174 1002 2239 poena
1024 2154 1081 2218 sub
1105 2155 1216 2239 aliqua
1238 2174 1313 2219 con-

128 2274 252 2340 ditione
275 2273 342 2338 lata
364 2273 471 2346 fuerit.
499 2275 609 2350 Quare
624 2277 651 2340 si
667 2277 738 2360 quis
753 2281 827 2340 ante
844 2277 967 2340 crimen
992 2276 1137 2362 perfecte
1161 2296 1311 2342 consum-

129 2402 251 2463 matum
268 2403 369 2464 mutet
385 2398 591 2473 domicilium,
609 2421 779 2466 censuram
798 2398 936 2486 effugiet.
952 2401 998 2467 Cf.
1013 2402 1132 2467 Suarez
1150 2403 1171 2467 l.
1184 2423 1212 2468 c.
1228 2422 1262 2468 a.
1276 2401 1311 2467 3.

220 2524 274 2588 94.
301 2523 407 2598 Quum
429 2545 509 2589 vero
533 2526 693 2591 sententia
716 2529 940 2592 executionem
964 2526 1105 2592 nondum
1133 2532 1182 2591 est
1204 2531 1312 2599 nacta,

129 2648 347 2734 appellatione
378 2651 516 2734 impetiri
540 2651 643 2724 valet,
668 2657 701 2716 et
724 2651 800 2716 hinc
827 2651 996 2737 suspendi,
1021 2671 1183 2736 quousque
1215 2651 1313 2716 iudex

129 2774 356 2858 appellationis
375 2775 512 2840 ediderit
534 2775 641 2842 iudicii
659 2775 913 2842 definitionem·
935 2778 1059 2857 Utrum,
1086 2777 1212 2861 quando
1237 2797 1314 2842 cen-

130 2919 211 2964 sura
233 2903 283 2964 est
298 2899 337 2963 ab
353 2901 488 2966 lamiae
505 2900 560 2966 sed
574 2899 602 2984 f.
619 2921 656 2982 a,
676 2901 892 2988 suspendatur
906 2902 1120 2986 appellatione
1136 2902 1313 2966 iurisdictio

130 3023 247 3088 iudicis
270 3025 322 3108 qui
346 3024 482 3110 amplius
506 3028 625 3110 exequi
654 3048 717 3092 non
744 3029 856 3093 valeat
885 3028 1109 3092 comminatam
1133 3047 1313 3102 censuram,

131 3148 211 3213 cide
233 3149 339 3230 infra,
364 3169 398 3214 a.
423 3151 502 3216 122.

224 3272 493 3358 Quotiescumque
514 3275 612 3340 iudex
636 3297 806 3341 censuram
831 3276 917 3342 serat
931 3278 1143 3342 inhominem
1164 3297 1229 3341 non
1253 3276 1313 3342 sibi

131 3395 293 3464 subditum
324 3393 484 3464 sententia
517 3407 607 3465 certe
634 3402 753 3466 nullius
777 3406 825 3468 est
847 3403 977 3477 valoris
1002 3402 1057 3466 sed
1081 3403 1247 3485 quaeritur
1270 3421 1312 3465 an

132 3523 235 3588 iudex
258 3527 408 3610 proprius
429 3525 537 3591 valeat
564 3527 791 3592 ratihabitione
822 3547 939 3593 sanare
968 3527 1129 3592 delectum
1153 3533 1185 3592 et
1208 3532 1312 3590 ratam

133 3646 266 3714 efficere
282 3654 317 3715 et
331 3648 456 3714 firmam
480 3651 675 3716 sententiam
695 3658 791 3718 antea
813 3652 945 3717 nullam.
971 3652 1095 3717 Verum
1119 3653 1193 3735 quia
1216 3651 1314 3716 iudex

133 3775 203 3839 sive
220 3775 429 3851 ordinamus,
447 3777 515 3842 sive
531 3777 708 3863 delepaius
724 3797 789 3842 non
805 3781 909 3862 potest
931 3780 1060 3842 nomine
1083 3778 1217 3842 alterius
1241 3797 1314 3842 cen·

132 3919 245 3964 suram
268 3899 360 3965 ferre
382 3901 445 3965 nisi
467 3901 496 3966 ei
515 3901 660 3986 legitime
675 3903 842 3968 mandata
857 3902 957 3968 fuerit
972 3903 1159 3978 iurisdictio,
1178 3923 1315 3988 pronum

132 4030 183 4090 est
204 4024 341 4098 inferre,
373 4025 514 4091 alterum
544 4046 609 4090 non
631 4027 742 4092 valere
773 4027 953 4093 huiusmodi
984 4029 1176 4092 sententiam
1207 4031 1311 4092 ratam

132 4147 275 4214 habere:
300 4148 380 4213 illud
402 4149 487 4213 enim
506 4149 735 4216 ratihabitione
756 4148 888 4216 firmare
912 4170 1078 4235 possumus
1102 4152 1185 4236 quod
1201 4156 1310 4217 nostro

135 4275 269 4338 nomine
292 4278 417 4360 gestum
441 4279 498 4340 est.
524 4275 655 4360 Scyrus,
680 4293 734 4358 op.
759 4275 812 4342 cit.
835 4277 864 4347 Ι,
888 4275 922 4350 5,
947 4276 1008 4350 20,
1032 4276 1085 4340 21.

226 4397 281 4464 95.
307 4398 604 4485 Moduslegitimus
627 4420 689 4484 quo
712 4400 825 4467 iudicis
848 4401 1054 4486 suspenditur
1078 4401 1252 4468 iurisdictio
1269 4407 1320 4466 est

284 4519 345 4574 Suc.
366 4521 444 4592 Lapa
934 4549 936 4554 v
1143 4525 1175 4580 10
