<?xml version="1.0" encoding="UTF-8"?>
<!DOCTYPE html PUBLIC "-//W3C//DTD XHTML 1.0 Transitional//EN"
    "http://www.w3.org/TR/xhtml1/DTD/xhtml1-transitional.dtd">
<html xmlns="http://www.w3.org/1999/xhtml" xml:lang="en" lang="en">
 <head>
  <title>
</title>
<meta http-equiv="Content-Type" content="text/html;charset=utf-8" />
  <meta name='ocr-system' content='tesseract 3.04.00' />
  <meta name='ocr-capabilities' content='ocr_page ocr_carea ocr_par ocr_line ocrx_word'/>
</head>
<body>
  <div class='ocr_page' id='page_1' title='image "./praelectionesin02legagoog_0612.png"; bbox 0 0 3302 5100; ppageno 0'>
   <div class='ocr_carea' id='block_1_1' title="bbox 625 325 960 375">
    <p class='ocr_par' dir='ltr' id='par_1_1' title="bbox 625 325 960 375">
     <span class='ocr_line' id='line_1_1' title="bbox 625 325 960 375; baseline -0.009 0"><span class='ocrx_word' id='word_1_1' title='bbox 625 328 732 375; x_wconf 81' lang='lat' dir='ltr'><strong>INDEX</strong></span> <span class='ocrx_word' id='word_1_2' title='bbox 755 325 960 374; x_wconf 72' lang='lat' dir='ltr'><strong>sinorrlcus</strong></span> 
     </span>
    </p>
   </div>
   <div class='ocr_carea' id='block_1_2' title="bbox 651 575 934 636">
    <p class='ocr_par' dir='ltr' id='par_1_2' title="bbox 651 575 934 636">
     <span class='ocr_line' id='line_1_2' title="bbox 651 575 934 636; baseline 0 0"><span class='ocrx_word' id='word_1_3' title='bbox 651 576 827 636; x_wconf 76' lang='lat' dir='ltr'><strong>&#39;I&#39;ITULUS</strong></span> <span class='ocrx_word' id='word_1_4' title='bbox 850 575 934 636; x_wconf 85' lang='lat' dir='ltr'><strong>VIII.</strong></span> 
     </span>
    </p>
   </div>
   <div class='ocr_carea' id='block_1_3' title="bbox 592 751 996 796">
    <p class='ocr_par' dir='ltr' id='par_1_3' title="bbox 592 751 996 796">
     <span class='ocr_line' id='line_1_3' title="bbox 592 751 996 796; baseline 0.002 -2"><span class='ocrx_word' id='word_1_5' title='bbox 592 754 632 795; x_wconf 80' lang='lat' dir='ltr'><strong>DE</strong></span> <span class='ocrx_word' id='word_1_6' title='bbox 653 751 996 796; x_wconf 75' lang='lat' dir='ltr'><strong>IRREGULARI&#39;I&#39;A&#39;I&#39;IBUS.</strong></span> 
     </span>
    </p>
   </div>
   <div class='ocr_carea' id='block_1_4' title="bbox 204 903 1386 3221">
    <p class='ocr_par' dir='ltr' id='par_1_4' title="bbox 206 903 1385 1090">
     <span class='ocr_line' id='line_1_4' title="bbox 206 903 1385 982; baseline -0.003 -16"><span class='ocrx_word' id='word_1_7' title='bbox 206 907 272 970; x_wconf 86' lang='lat'>185.</span> <span class='ocrx_word' id='word_1_8' title='bbox 293 908 338 966; x_wconf 87' lang='lat' dir='ltr'><strong>De</strong></span> <span class='ocrx_word' id='word_1_9' title='bbox 358 907 481 967; x_wconf 91' lang='lat' dir='ltr'><strong>notione</strong></span> <span class='ocrx_word' id='word_1_10' title='bbox 502 909 533 964; x_wconf 90' lang='lat' dir='ltr'><strong>et</strong></span> <span class='ocrx_word' id='word_1_11' title='bbox 554 905 728 964; x_wconf 83' lang='lat' dir='ltr'><strong>definitione</strong></span> <span class='ocrx_word' id='word_1_12' title='bbox 749 903 996 982; x_wconf 86' lang='lat' dir='ltr'><strong>irregularitatis</strong></span> <span class='ocrx_word' id='word_1_13' title='bbox 1028 951 1035 965; x_wconf 92' lang='lat'>.</span> <span class='ocrx_word' id='word_1_14' title='bbox 1080 950 1086 964; x_wconf 91' lang='lat'><em>.</em></span> <span class='ocrx_word' id='word_1_15' title='bbox 1129 951 1136 966; x_wconf 92' lang='lat'><strong>.</strong></span> <span class='ocrx_word' id='word_1_16' title='bbox 1180 951 1187 966; x_wconf 92' lang='lat'><strong>.</strong></span> <span class='ocrx_word' id='word_1_17' title='bbox 1224 923 1302 982; x_wconf 75' lang='lat' dir='ltr'><strong>pop.</strong></span> <span class='ocrx_word' id='word_1_18' title='bbox 1324 903 1385 962; x_wconf 85' lang='lat'><strong>275</strong></span> 
     </span>
     <span class='ocr_line' id='line_1_5' title="bbox 206 1012 1276 1090; baseline -0.004 -16"><span class='ocrx_word' id='word_1_19' title='bbox 206 1013 272 1076; x_wconf 87' lang='grc'><strong>186.</strong></span> <span class='ocrx_word' id='word_1_20' title='bbox 295 1015 381 1074; x_wconf 87' lang='grc'><strong>11333</strong></span> <span class='ocrx_word' id='word_1_21' title='bbox 401 1032 461 1073; x_wconf 88' lang='grc'><strong>333</strong></span> <span class='ocrx_word' id='word_1_22' title='bbox 482 1013 636 1074; x_wconf 82' lang='lat' dir='ltr'><strong>inducitur</strong></span> <span class='ocrx_word' id='word_1_23' title='bbox 656 1013 714 1072; x_wconf 91' lang='lat' dir='ltr'><strong>nisi</strong></span> <span class='ocrx_word' id='word_1_24' title='bbox 736 1013 842 1072; x_wconf 87' lang='grc'><strong>31333</strong></span> <span class='ocrx_word' id='word_1_25' title='bbox 869 1012 1029 1084; x_wconf 90' lang='lat' dir='ltr'><strong>communi,</strong></span> <span class='ocrx_word' id='word_1_26' title='bbox 1051 1015 1083 1070; x_wconf 90' lang='lat' dir='ltr'><strong>et</strong></span> <span class='ocrx_word' id='word_1_27' title='bbox 1109 1012 1245 1088; x_wconf 74' lang='lat' dir='ltr'><strong>pertinet</strong></span> <span class='ocrx_word' id='word_1_28' title='bbox 1272 1077 1276 1090; x_wconf 35' lang='lat'>⁸</span> 
     </span>
    </p>

    <p class='ocr_par' dir='ltr' id='par_1_5' title="bbox 204 1117 1385 1305">
     <span class='ocr_line' id='line_1_6' title="bbox 335 1117 1385 1180; baseline -0.003 -1"><span class='ocrx_word' id='word_1_29' title='bbox 335 1121 373 1180; x_wconf 86' lang='lat' dir='ltr'><strong>ad</strong></span> <span class='ocrx_word' id='word_1_30' title='bbox 396 1119 493 1180; x_wconf 80' lang='lat' dir='ltr'><strong>iorum</strong></span> <span class='ocrx_word' id='word_1_31' title='bbox 516 1123 675 1178; x_wconf 76' lang='lat' dir='ltr'><strong>externum</strong></span> <span class='ocrx_word' id='word_1_32' title='bbox 690 1164 1152 1180; x_wconf 91' lang='grc'><strong>..........</strong></span> <span class='ocrx_word' id='word_1_33' title='bbox 1235 1163 1242 1179; x_wconf 94' lang='grc'><strong>.</strong></span> <span class='ocrx_word' id='word_1_34' title='bbox 1284 1117 1385 1180; x_wconf 78' lang='grc'>»277</span> 
     </span>
     <span class='ocr_line' id='line_1_7' title="bbox 204 1225 1245 1305; baseline -0.001 -20"><span class='ocrx_word' id='word_1_35' title='bbox 204 1228 272 1289; x_wconf 91' lang='grc'><strong>187.</strong></span> <span class='ocrx_word' id='word_1_36' title='bbox 294 1228 350 1287; x_wconf 90' lang='lat' dir='ltr'><strong>Est</strong></span> <span class='ocrx_word' id='word_1_37' title='bbox 364 1227 510 1305; x_wconf 88' lang='lat' dir='ltr'><strong>primario</strong></span> <span class='ocrx_word' id='word_1_38' title='bbox 524 1227 771 1305; x_wconf 83' lang='lat' dir='ltr'><strong>impedimentum</strong></span> <span class='ocrx_word' id='word_1_39' title='bbox 786 1243 839 1285; x_wconf 90' lang='lat' dir='ltr'><strong>seu</strong></span> <span class='ocrx_word' id='word_1_40' title='bbox 854 1225 963 1302; x_wconf 90' lang='lat' dir='ltr'><strong>quasi·</strong></span> <span class='ocrx_word' id='word_1_41' title='bbox 973 1225 1160 1298; x_wconf 89' lang='lat' dir='ltr'><strong>inhabilitas‚</strong></span> <span class='ocrx_word' id='word_1_42' title='bbox 1175 1226 1245 1284; x_wconf 92' lang='lat' dir='ltr'><strong>hino</strong></span> 
     </span>
    </p>

    <p class='ocr_par' dir='ltr' id='par_1_6' title="bbox 205 1332 1386 1519">
     <span class='ocr_line' id='line_1_8' title="bbox 335 1332 1386 1410; baseline -0.003 -17"><span class='ocrx_word' id='word_1_43' title='bbox 335 1335 501 1394; x_wconf 74' lang='lat' dir='ltr'><strong>incurritur</strong></span> <span class='ocrx_word' id='word_1_44' title='bbox 520 1337 588 1410; x_wconf 80' lang='grc'><strong>1333</strong></span> <span class='ocrx_word' id='word_1_45' title='bbox 610 1336 759 1410; x_wconf 69' lang='grc'><strong>1333333</strong></span> <span class='ocrx_word' id='word_1_46' title='bbox 780 1351 819 1392; x_wconf 82' lang='lat' dir='ltr'><strong>ex</strong></span> <span class='ocrx_word' id='word_1_47' title='bbox 841 1333 980 1394; x_wconf 78' lang='grc'><strong>1333331</strong></span> <span class='ocrx_word' id='word_1_48' title='bbox 981 1377 1243 1395; x_wconf 87' lang='grc'><strong>......</strong></span> <span class='ocrx_word' id='word_1_49' title='bbox 1285 1350 1302 1394; x_wconf 71' lang='lat' dir='ltr'><strong>r</strong></span> <span class='ocrx_word' id='word_1_50' title='bbox 1324 1332 1386 1394; x_wconf 90' lang='grc'><strong>278</strong></span> 
     </span>
     <span class='ocr_line' id='line_1_9' title="bbox 205 1439 1245 1519; baseline -0.002 -19"><span class='ocrx_word' id='word_1_51' title='bbox 205 1441 272 1503; x_wconf 92' lang='grc'><strong>188.</strong></span> <span class='ocrx_word' id='word_1_52' title='bbox 294 1441 483 1519; x_wconf 84' lang='lat' dir='ltr'><strong>Disposuitur</strong></span> <span class='ocrx_word' id='word_1_53' title='bbox 495 1442 526 1500; x_wconf 91' lang='lat' dir='ltr'><strong>in</strong></span> <span class='ocrx_word' id='word_1_54' title='bbox 541 1441 692 1519; x_wconf 81' lang='lat' dir='ltr'><strong>duplicem</strong></span> <span class='ocrx_word' id='word_1_55' title='bbox 708 1442 840 1518; x_wconf 88' lang='lat' dir='ltr'><strong>speciem</strong></span> <span class='ocrx_word' id='word_1_56' title='bbox 855 1441 927 1518; x_wconf 88' lang='grc'><strong>3313</strong></span> <span class='ocrx_word' id='word_1_57' title='bbox 942 1440 991 1499; x_wconf 86' lang='lat' dir='ltr'><strong>vel</strong></span> <span class='ocrx_word' id='word_1_58' title='bbox 1007 1458 1046 1500; x_wconf 83' lang='lat' dir='ltr'><strong>ex</strong></span> <span class='ocrx_word' id='word_1_59' title='bbox 1062 1439 1172 1500; x_wconf 88' lang='lat' dir='ltr'><strong>delicto</strong></span> <span class='ocrx_word' id='word_1_60' title='bbox 1194 1440 1245 1498; x_wconf 89' lang='lat' dir='ltr'><strong>vel</strong></span> 
     </span>
    </p>

    <p class='ocr_par' dir='ltr' id='par_1_7' title="bbox 204 1546 1386 1946">
     <span class='ocr_line' id='line_1_10' title="bbox 334 1546 1386 1625; baseline 0 -19"><span class='ocrx_word' id='word_1_61' title='bbox 334 1566 373 1607; x_wconf 81' lang='lat' dir='ltr'><strong>ex</strong></span> <span class='ocrx_word' id='word_1_62' title='bbox 394 1548 513 1609; x_wconf 84' lang='lat' dir='ltr'><strong>defectu</strong></span> <span class='ocrx_word' id='word_1_63' title='bbox 534 1549 677 1625; x_wconf 86' lang='lat' dir='ltr'><strong>provenit</strong></span> <span class='ocrx_word' id='word_1_64' title='bbox 697 1547 910 1625; x_wconf 88' lang='lat' dir='ltr'><strong>lrregularitas</strong></span> <span class='ocrx_word' id='word_1_65' title='bbox 935 1593 1243 1610; x_wconf 90' lang='grc'><strong>.......</strong></span> <span class='ocrx_word' id='word_1_66' title='bbox 1284 1564 1302 1608; x_wconf 73' lang='grc'><strong>3</strong></span> <span class='ocrx_word' id='word_1_67' title='bbox 1324 1546 1386 1606; x_wconf 89' lang='grc'><strong>279</strong></span> 
     </span>
     <span class='ocr_line' id='line_1_11' title="bbox 207 1652 1386 1731; baseline 0.001 -18"><span class='ocrx_word' id='word_1_68' title='bbox 207 1652 274 1716; x_wconf 92' lang='grc'><strong>189.</strong></span> <span class='ocrx_word' id='word_1_69' title='bbox 294 1654 350 1714; x_wconf 90' lang='lat' dir='ltr'><strong>Est</strong></span> <span class='ocrx_word' id='word_1_70' title='bbox 369 1655 537 1715; x_wconf 72' lang='lat' dir='ltr'><strong>Indiuidua</strong></span> <span class='ocrx_word' id='word_1_71' title='bbox 545 1676 556 1728; x_wconf 89' lang='lat'><em>;</em></span> <span class='ocrx_word' id='word_1_72' title='bbox 579 1654 648 1713; x_wconf 86' lang='lat' dir='ltr'><strong>hine</strong></span> <span class='ocrx_word' id='word_1_73' title='bbox 669 1653 810 1731; x_wconf 87' lang='lat' dir='ltr'><strong>prohibet</strong></span> <span class='ocrx_word' id='word_1_74' title='bbox 831 1654 869 1714; x_wconf 90' lang='lat' dir='ltr'><strong>ab</strong></span> <span class='ocrx_word' id='word_1_75' title='bbox 892 1655 1030 1714; x_wconf 90' lang='lat' dir='ltr'><strong>omnibus</strong></span> <span class='ocrx_word' id='word_1_76' title='bbox 1052 1653 1207 1713; x_wconf 83' lang='lat' dir='ltr'><strong>ordinibus</strong></span> <span class='ocrx_word' id='word_1_77' title='bbox 1236 1701 1243 1715; x_wconf 94' lang='lat'>.</span> <span class='ocrx_word' id='word_1_78' title='bbox 1285 1671 1302 1716; x_wconf 70' lang='lat' dir='ltr'><strong>a</strong></span> <span class='ocrx_word' id='word_1_79' title='bbox 1324 1653 1386 1714; x_wconf 85' lang='lat'><strong>280</strong></span> 
     </span>
     <span class='ocr_line' id='line_1_12' title="bbox 206 1758 1382 1840; baseline 0.001 -22"><span class='ocrx_word' id='word_1_80' title='bbox 206 1758 272 1823; x_wconf 88' lang='grc'><strong>190.</strong></span> <span class='ocrx_word' id='word_1_81' title='bbox 294 1761 333 1820; x_wconf 86' lang='lat' dir='ltr'><strong>Et</strong></span> <span class='ocrx_word' id='word_1_82' title='bbox 349 1781 409 1840; x_wconf 85' lang='lat' dir='ltr'><strong>per</strong></span> <span class='ocrx_word' id='word_1_83' title='bbox 429 1781 616 1840; x_wconf 80' lang='lat' dir='ltr'><strong>consequens</strong></span> <span class='ocrx_word' id='word_1_84' title='bbox 638 1762 677 1822; x_wconf 92' lang='lat' dir='ltr'><strong>ab</strong></span> <span class='ocrx_word' id='word_1_85' title='bbox 698 1762 845 1821; x_wconf 87' lang='lat' dir='ltr'><strong>exercitio</strong></span> <span class='ocrx_word' id='word_1_86' title='bbox 868 1762 1006 1820; x_wconf 91' lang='lat' dir='ltr'><strong>ordinum</strong></span> <span class='ocrx_word' id='word_1_87' title='bbox 1022 1763 1242 1839; x_wconf 89' lang='lat' dir='ltr'><strong>susceptorum.</strong></span> <span class='ocrx_word' id='word_1_88' title='bbox 1284 1777 1302 1821; x_wconf 81' lang='lat'><strong>›</strong></span> <span class='ocrx_word' id='word_1_89' title='bbox 1324 1760 1382 1821; x_wconf 91' lang='grc'><strong>281</strong></span> 
     </span>
     <span class='ocr_line' id='line_1_13' title="bbox 204 1865 1244 1946; baseline 0 -21"><span class='ocrx_word' id='word_1_90' title='bbox 204 1865 271 1926; x_wconf 91' lang='grc'><strong>191.</strong></span> <span class='ocrx_word' id='word_1_91' title='bbox 293 1867 495 1928; x_wconf 87' lang='lat' dir='ltr'><strong>Nihilominus</strong></span> <span class='ocrx_word' id='word_1_92' title='bbox 517 1871 564 1928; x_wconf 86' lang='lat' dir='ltr'><strong>cst</strong></span> <span class='ocrx_word' id='word_1_93' title='bbox 585 1871 720 1944; x_wconf 81' lang='lat' dir='ltr'><strong>propria</strong></span> <span class='ocrx_word' id='word_1_94' title='bbox 747 1868 963 1946; x_wconf 77' lang='lat' dir='ltr'><strong>irregularitas</strong></span> <span class='ocrx_word' id='word_1_95' title='bbox 990 1871 1084 1927; x_wconf 86' lang='lat' dir='ltr'><strong>etiam</strong></span> <span class='ocrx_word' id='word_1_96' title='bbox 1107 1885 1244 1944; x_wconf 87' lang='lat' dir='ltr'><strong>eaquae</strong></span> 
     </span>
    </p>

    <p class='ocr_par' dir='ltr' id='par_1_8' title="bbox 333 1974 1246 2055">
     <span class='ocr_line' id='line_1_14' title="bbox 333 1974 1246 2055; baseline -0.001 -22"><span class='ocrx_word' id='word_1_97' title='bbox 333 1975 516 2052; x_wconf 84' lang='grc'><strong>3333331333</strong></span> <span class='ocrx_word' id='word_1_98' title='bbox 530 1993 570 2036; x_wconf 83' lang='grc'><strong>33</strong></span> <span class='ocrx_word' id='word_1_99' title='bbox 584 1975 704 2055; x_wconf 80' lang='lat' dir='ltr'><strong>defectu</strong></span> <span class='ocrx_word' id='word_1_100' title='bbox 727 1992 787 2034; x_wconf 92' lang='lat' dir='ltr'><strong>non</strong></span> <span class='ocrx_word' id='word_1_101' title='bbox 809 1978 896 2034; x_wconf 91' lang='lat' dir='ltr'><strong>arcet</strong></span> <span class='ocrx_word' id='word_1_102' title='bbox 916 1974 955 2034; x_wconf 84' lang='lat' dir='ltr'><strong>ab</strong></span> <span class='ocrx_word' id='word_1_103' title='bbox 977 1975 1059 2033; x_wconf 91' lang='lat' dir='ltr'><strong>omni</strong></span> <span class='ocrx_word' id='word_1_104' title='bbox 1077 1978 1147 2034; x_wconf 90' lang='lat' dir='ltr'><strong>actu</strong></span> <span class='ocrx_word' id='word_1_105' title='bbox 1167 1974 1246 2033; x_wconf 92' lang='lat' dir='ltr'><strong>ordi·</strong></span> 
     </span>
    </p>

    <p class='ocr_par' dir='ltr' id='par_1_9' title="bbox 206 2079 1386 2266">
     <span class='ocr_line' id='line_1_15' title="bbox 334 2079 1386 2158; baseline 0 -18"><span class='ocrx_word' id='word_1_106' title='bbox 334 2081 381 2140; x_wconf 89' lang='lat' dir='ltr'><strong>nis</strong></span> <span class='ocrx_word' id='word_1_107' title='bbox 403 2084 538 2158; x_wconf 83' lang='lat' dir='ltr'><strong>suscepti</strong></span> <span class='ocrx_word' id='word_1_108' title='bbox 578 2126 1243 2149; x_wconf 90' lang='grc'><strong>..............</strong></span> <span class='ocrx_word' id='word_1_109' title='bbox 1285 2079 1386 2141; x_wconf 78' lang='grc'><strong>»282</strong></span> 
     </span>
     <span class='ocr_line' id='line_1_16' title="bbox 206 2173 1245 2266; baseline 0.001 -22"><span class='ocrx_word' id='word_1_110' title='bbox 206 2185 273 2247; x_wconf 86' lang='grc'><strong>192.</strong></span> <span class='ocrx_word' id='word_1_111' title='bbox 294 2188 349 2246; x_wconf 91' lang='lat' dir='ltr'><strong>Est</strong></span> <span class='ocrx_word' id='word_1_112' title='bbox 368 2195 527 2264; x_wconf 81' lang='lat' dir='ltr'><strong>perpetua.</strong></span> <span class='ocrx_word' id='word_1_113' title='bbox 549 2219 567 2233; x_wconf 91' lang='lat'><em>-</em></span> <span class='ocrx_word' id='word_1_114' title='bbox 588 2190 674 2255; x_wconf 89' lang='lat' dir='ltr'><strong>Quae</strong></span> <span class='ocrx_word' id='word_1_115' title='bbox 696 2191 799 2248; x_wconf 89' lang='lat' dir='ltr'><strong>cessat</strong></span> <span class='ocrx_word' id='word_1_116' title='bbox 820 2191 929 2266; x_wconf 88' lang='lat' dir='ltr'><strong>suapte</strong></span> <span class='ocrx_word' id='word_1_117' title='bbox 949 2188 981 2246; x_wconf 83' lang='lat' dir='ltr'><strong>vi</strong></span> <span class='ocrx_word' id='word_1_118' title='bbox 1003 2190 1058 2247; x_wconf 91' lang='lat' dir='ltr'><strong>aut</strong></span> <span class='ocrx_word' id='word_1_119' title='bbox 1078 2173 1115 2246; x_wconf 77' lang='lat' dir='ltr'><strong>e&#39;x</strong></span> <span class='ocrx_word' id='word_1_120' title='bbox 1137 2186 1245 2247; x_wconf 80' lang='lat' dir='ltr'><strong>volun·</strong></span> 
     </span>
    </p>

    <p class='ocr_par' dir='ltr' id='par_1_10' title="bbox 205 2293 1386 2478">
     <span class='ocr_line' id='line_1_17' title="bbox 332 2293 1386 2372; baseline -0.001 -18"><span class='ocrx_word' id='word_1_121' title='bbox 332 2297 398 2354; x_wconf 88' lang='lat' dir='ltr'><strong>tate</strong></span> <span class='ocrx_word' id='word_1_122' title='bbox 419 2295 557 2372; x_wconf 89' lang='lat' dir='ltr'><strong>subiecti,</strong></span> <span class='ocrx_word' id='word_1_123' title='bbox 578 2296 757 2372; x_wconf 84' lang='lat' dir='ltr'><strong>impropria</strong></span> <span class='ocrx_word' id='word_1_124' title='bbox 779 2297 871 2372; x_wconf 84' lang='lat' dir='ltr'><strong>irreg.</strong></span> <span class='ocrx_word' id='word_1_125' title='bbox 895 2297 942 2353; x_wconf 91' lang='lat' dir='ltr'><strong>est</strong></span> <span class='ocrx_word' id='word_1_126' title='bbox 984 2339 1243 2356; x_wconf 92' lang='grc'><strong>......</strong></span> <span class='ocrx_word' id='word_1_127' title='bbox 1284 2311 1302 2355; x_wconf 73' lang='grc'><strong>3</strong></span> <span class='ocrx_word' id='word_1_128' title='bbox 1325 2293 1386 2353; x_wconf 81' lang='grc'><strong>284</strong></span> 
     </span>
     <span class='ocr_line' id='line_1_18' title="bbox 205 2398 1244 2478; baseline -0.001 -20"><span class='ocrx_word' id='word_1_129' title='bbox 205 2399 273 2461; x_wconf 91' lang='grc'><strong>193.</strong></span> <span class='ocrx_word' id='word_1_130' title='bbox 295 2398 424 2461; x_wconf 81' lang='lat' dir='ltr'><strong>Collatio</strong></span> <span class='ocrx_word' id='word_1_131' title='bbox 440 2402 553 2460; x_wconf 82' lang='lat' dir='ltr'><strong>ordinis</strong></span> <span class='ocrx_word' id='word_1_132' title='bbox 568 2401 732 2478; x_wconf 81' lang='lat' dir='ltr'><strong>irregulari</strong></span> <span class='ocrx_word' id='word_1_133' title='bbox 747 2401 832 2462; x_wconf 82' lang='lat' dir='ltr'><strong>facta</strong></span> <span class='ocrx_word' id='word_1_134' title='bbox 853 2403 900 2459; x_wconf 88' lang='lat' dir='ltr'><strong>est</strong></span> <span class='ocrx_word' id='word_1_135' title='bbox 920 2403 1036 2461; x_wconf 78' lang='lat' dir='ltr'><strong>illicita</strong></span> <span class='ocrx_word' id='word_1_136' title='bbox 1050 2401 1102 2460; x_wconf 90' lang='lat' dir='ltr'><strong>sed</strong></span> <span class='ocrx_word' id='word_1_137' title='bbox 1117 2401 1244 2462; x_wconf 82' lang='lat' dir='ltr'><strong>calida:</strong></span> 
     </span>
    </p>

    <p class='ocr_par' dir='ltr' id='par_1_11' title="bbox 204 2505 1385 2692">
     <span class='ocr_line' id='line_1_19' title="bbox 336 2505 1385 2582; baseline 0.001 -17"><span class='ocrx_word' id='word_1_138' title='bbox 336 2507 454 2582; x_wconf 85' lang='lat' dir='ltr'><strong>pariter</strong></span> <span class='ocrx_word' id='word_1_139' title='bbox 474 2505 597 2566; x_wconf 86' lang='lat' dir='ltr'><strong>collatio</strong></span> <span class='ocrx_word' id='word_1_140' title='bbox 618 2506 758 2567; x_wconf 90' lang='lat' dir='ltr'><strong>beneficii</strong></span> <span class='ocrx_word' id='word_1_141' title='bbox 782 2553 1244 2569; x_wconf 90' lang='grc'><strong>..........</strong></span> <span class='ocrx_word' id='word_1_142' title='bbox 1286 2527 1303 2566; x_wconf 70' lang='lat' dir='ltr'><strong>a</strong></span> <span class='ocrx_word' id='word_1_143' title='bbox 1344 2507 1385 2566; x_wconf 88' lang='lat' dir='ltr'><strong>ibi</strong></span> 
     </span>
     <span class='ocr_line' id='line_1_20' title="bbox 204 2611 1244 2692; baseline 0.002 -20"><span class='ocrx_word' id='word_1_144' title='bbox 204 2611 271 2675; x_wconf 85' lang='grc'><strong>194.</strong></span> <span class='ocrx_word' id='word_1_145' title='bbox 294 2613 370 2672; x_wconf 88' lang='grc' dir='ltr'><strong>Η133</strong></span> <span class='ocrx_word' id='word_1_146' title='bbox 390 2613 1003 2692; x_wconf 74' lang='grc'><strong>1333131331333333333333313331333</strong></span> <span class='ocrx_word' id='word_1_147' title='bbox 1022 2633 1082 2674; x_wconf 93' lang='lat' dir='ltr'><strong>non</strong></span> <span class='ocrx_word' id='word_1_148' title='bbox 1104 2615 1244 2675; x_wconf 86' lang='grc'><strong>33133133</strong></span> 
     </span>
    </p>

    <p class='ocr_par' dir='ltr' id='par_1_12' title="bbox 332 2720 1256 2799">
     <span class='ocr_line' id='line_1_21' title="bbox 332 2720 1256 2799; baseline 0.001 -19"><span class='ocrx_word' id='word_1_149' title='bbox 332 2720 528 2780; x_wconf 87' lang='lat' dir='ltr'><strong>beneficiario</strong></span> <span class='ocrx_word' id='word_1_150' title='bbox 550 2723 576 2781; x_wconf 90' lang='grc'><strong>31</strong></span> <span class='ocrx_word' id='word_1_151' title='bbox 596 2721 645 2782; x_wconf 84' lang='lat' dir='ltr'><strong>hle</strong></span> <span class='ocrx_word' id='word_1_152' title='bbox 659 2722 716 2781; x_wconf 87' lang='lat' dir='ltr'><strong>dat</strong></span> <span class='ocrx_word' id='word_1_153' title='bbox 729 2721 920 2799; x_wconf 87' lang='lat' dir='ltr'><strong>irregularis.</strong></span> <span class='ocrx_word' id='word_1_154' title='bbox 935 2721 983 2782; x_wconf 85' lang='lat' dir='ltr'><strong>Ad</strong></span> <span class='ocrx_word' id='word_1_155' title='bbox 994 2723 1069 2798; x_wconf 88' lang='grc'><strong>3311</strong></span> <span class='ocrx_word' id='word_1_156' title='bbox 1084 2722 1132 2781; x_wconf 89' lang='lat' dir='ltr'><strong>hic</strong></span> <span class='ocrx_word' id='word_1_157' title='bbox 1153 2725 1256 2781; x_wconf 90' lang='lat' dir='ltr'><strong>tenea·</strong></span> 
     </span>
    </p>

    <p class='ocr_par' dir='ltr' id='par_1_13' title="bbox 332 2826 1244 2905">
     <span class='ocr_line' id='line_1_22' title="bbox 332 2826 1244 2905; baseline 0.001 -21"><span class='ocrx_word' id='word_1_158' title='bbox 332 2830 393 2888; x_wconf 90' lang='lat' dir='ltr'><strong>tur.</strong></span> <span class='ocrx_word' id='word_1_159' title='bbox 413 2858 428 2871; x_wconf 94' lang='lat'><strong>·</strong></span> <span class='ocrx_word' id='word_1_160' title='bbox 449 2826 677 2904; x_wconf 85' lang='lat' dir='ltr'><strong>Irregularitas‚</strong></span> <span class='ocrx_word' id='word_1_161' title='bbox 694 2830 806 2888; x_wconf 86' lang='lat' dir='ltr'><strong>natura</strong></span> <span class='ocrx_word' id='word_1_162' title='bbox 821 2846 888 2902; x_wconf 88' lang='grc'><strong>333,</strong></span> <span class='ocrx_word' id='word_1_163' title='bbox 908 2845 966 2886; x_wconf 91' lang='lat' dir='ltr'><strong>uon</strong></span> <span class='ocrx_word' id='word_1_164' title='bbox 987 2828 1142 2905; x_wconf 88' lang='lat' dir='ltr'><strong>intercipit</strong></span> <span class='ocrx_word' id='word_1_165' title='bbox 1154 2828 1244 2886; x_wconf 90' lang='lat' dir='ltr'><strong>iuris-</strong></span> 
     </span>
    </p>

    <p class='ocr_par' dir='ltr' id='par_1_14' title="bbox 204 2935 1385 3117">
     <span class='ocr_line' id='line_1_23' title="bbox 334 2935 1385 2996; baseline 0 -4"><span class='ocrx_word' id='word_1_166' title='bbox 334 2935 495 2994; x_wconf 91' lang='lat' dir='ltr'><strong>dictionem</strong></span> <span class='ocrx_word' id='word_1_167' title='bbox 530 2977 1242 2996; x_wconf 90' lang='grc'><strong>...............</strong></span> <span class='ocrx_word' id='word_1_168' title='bbox 1284 2935 1385 2993; x_wconf 78' lang='grc'>»287</span> 
     </span>
     <span class='ocr_line' id='line_1_24' title="bbox 204 3037 1244 3117; baseline 0.001 -20"><span class='ocrx_word' id='word_1_169' title='bbox 204 3037 270 3101; x_wconf 85' lang='grc'><strong>195.</strong></span> <span class='ocrx_word' id='word_1_170' title='bbox 292 3039 409 3099; x_wconf 83' lang='lat' dir='ltr'><strong>Exinde</strong></span> <span class='ocrx_word' id='word_1_171' title='bbox 430 3039 644 3117; x_wconf 80' lang='lat' dir='ltr'><strong>irregularitas</strong></span> <span class='ocrx_word' id='word_1_172' title='bbox 665 3041 839 3100; x_wconf 81' lang='lat' dir='ltr'><strong>necessario</strong></span> <span class='ocrx_word' id='word_1_173' title='bbox 862 3040 1057 3117; x_wconf 82' lang='lat' dir='ltr'><strong>distinguItur</strong></span> <span class='ocrx_word' id='word_1_174' title='bbox 1078 3060 1097 3100; x_wconf 89' lang='grc'><strong>3</strong></span> <span class='ocrx_word' id='word_1_175' title='bbox 1118 3057 1244 3117; x_wconf 91' lang='grc'><strong>333333-</strong></span> 
     </span>
    </p>

    <p class='ocr_par' dir='ltr' id='par_1_15' title="bbox 332 3143 1385 3221">
     <span class='ocr_line' id='line_1_25' title="bbox 332 3143 1385 3221; baseline 0 -19"><span class='ocrx_word' id='word_1_176' title='bbox 332 3144 426 3221; x_wconf 86' lang='grc'><strong>31333,</strong></span> <span class='ocrx_word' id='word_1_177' title='bbox 449 3162 469 3204; x_wconf 88' lang='grc'><strong>3</strong></span> <span class='ocrx_word' id='word_1_178' title='bbox 490 3143 678 3220; x_wconf 86' lang='lat' dir='ltr'><strong>depositione</strong></span> <span class='ocrx_word' id='word_1_179' title='bbox 679 3187 1243 3207; x_wconf 91' lang='grc'><strong>............</strong></span> <span class='ocrx_word' id='word_1_180' title='bbox 1285 3161 1303 3204; x_wconf 79' lang='grc'><strong>&gt;</strong></span> <span class='ocrx_word' id='word_1_181' title='bbox 1342 3144 1385 3202; x_wconf 84' lang='grc'><strong>111</strong></span> 
     </span>
    </p>
   </div>
   <div class='ocr_carea' id='block_1_5' title="bbox 363 3355 1222 3434">
    <p class='ocr_par' dir='ltr' id='par_1_16' title="bbox 363 3355 1222 3434">
     <span class='ocr_line' id='line_1_26' title="bbox 363 3355 1222 3434; baseline -0.001 -18"><span class='ocrx_word' id='word_1_182' title='bbox 363 3358 382 3432; x_wconf 69' lang='grc'>5</span> <span class='ocrx_word' id='word_1_183' title='bbox 404 3356 431 3418; x_wconf 94' lang='grc'><strong>1.</strong></span> <span class='ocrx_word' id='word_1_184' title='bbox 458 3355 590 3419; x_wconf 80' lang='lat' dir='ltr'><strong>Quinam</strong></span> <span class='ocrx_word' id='word_1_185' title='bbox 611 3359 865 3434; x_wconf 72' lang='lat' dir='ltr'><strong>trrequloritotes</strong></span> <span class='ocrx_word' id='word_1_186' title='bbox 887 3359 1069 3418; x_wconf 82' lang='lat' dir='ltr'><strong>contrahere</strong></span> <span class='ocrx_word' id='word_1_187' title='bbox 1088 3361 1222 3434; x_wconf 80' lang='grc'><strong>3333131.</strong></span> 
     </span>
    </p>
   </div>
   <div class='ocr_carea' id='block_1_6' title="bbox 203 3541 1385 3842">
    <p class='ocr_par' dir='ltr' id='par_1_17' title="bbox 203 3541 1385 3842">
     <span class='ocr_line' id='line_1_27' title="bbox 203 3541 1244 3623; baseline 0.003 -23"><span class='ocrx_word' id='word_1_188' title='bbox 203 3541 272 3605; x_wconf 87' lang='grc'><strong>196.</strong></span> <span class='ocrx_word' id='word_1_189' title='bbox 293 3545 424 3621; x_wconf 87' lang='lat' dir='ltr'><strong>Quisque</strong></span> <span class='ocrx_word' id='word_1_190' title='bbox 456 3561 555 3622; x_wconf 87' lang='lat' dir='ltr'><strong>capax</strong></span> <span class='ocrx_word' id='word_1_191' title='bbox 584 3562 608 3606; x_wconf 91' lang='grc'><strong>3.</strong></span> <span class='ocrx_word' id='word_1_192' title='bbox 637 3545 837 3604; x_wconf 83' lang='lat' dir='ltr'><strong>ordinationis</strong></span> <span class='ocrx_word' id='word_1_193' title='bbox 865 3546 1014 3606; x_wconf 87' lang='lat' dir='ltr'><strong>obnoxius</strong></span> <span class='ocrx_word' id='word_1_194' title='bbox 1046 3563 1114 3606; x_wconf 92' lang='lat' dir='ltr'><strong>esse</strong></span> <span class='ocrx_word' id='word_1_195' title='bbox 1142 3547 1244 3623; x_wconf 88' lang='lat' dir='ltr'><strong>potest</strong></span> 
     </span>
     <span class='ocr_line' id='line_1_28' title="bbox 333 3648 1243 3729; baseline 0.001 -20"><span class='ocrx_word' id='word_1_196' title='bbox 333 3648 622 3726; x_wconf 81' lang='lat' dir='ltr'><strong>trregularitatibus.</strong></span> <span class='ocrx_word' id='word_1_197' title='bbox 634 3651 776 3729; x_wconf 87' lang='lat' dir='ltr'><strong>Episcopi</strong></span> <span class='ocrx_word' id='word_1_198' title='bbox 798 3654 829 3710; x_wconf 91' lang='lat' dir='ltr'><strong>et</strong></span> <span class='ocrx_word' id='word_1_199' title='bbox 850 3653 880 3713; x_wconf 92' lang='lat' dir='ltr'><strong>S.</strong></span> <span class='ocrx_word' id='word_1_200' title='bbox 893 3655 932 3713; x_wconf 89' lang='lat' dir='ltr'><strong>R.</strong></span> <span class='ocrx_word' id='word_1_201' title='bbox 945 3653 979 3713; x_wconf 89' lang='lat' dir='ltr'><strong>E.</strong></span> <span class='ocrx_word' id='word_1_202' title='bbox 992 3651 1172 3712; x_wconf 85' lang='lat' dir='ltr'><strong>Cordinoles</strong></span> <span class='ocrx_word' id='word_1_203' title='bbox 1187 3651 1243 3712; x_wconf 91' lang='lat' dir='ltr'><strong>has</strong></span> 
     </span>
     <span class='ocr_line' id='line_1_29' title="bbox 335 3755 1385 3842; baseline 0.002 -26"><span class='ocrx_word' id='word_1_204' title='bbox 335 3757 520 3816; x_wconf 86' lang='lat' dir='ltr'><strong>contrahunt</strong></span> <span class='ocrx_word' id='word_1_205' title='bbox 533 3757 603 3842; x_wconf 87' lang='lat' dir='ltr'><strong>quin</strong></span> <span class='ocrx_word' id='word_1_206' title='bbox 619 3757 655 3816; x_wconf 90' lang='lat' dir='ltr'><strong>de</strong></span> <span class='ocrx_word' id='word_1_207' title='bbox 667 3758 703 3814; x_wconf 89' lang='lat' dir='ltr'><strong>iis</strong></span> <span class='ocrx_word' id='word_1_208' title='bbox 715 3756 857 3834; x_wconf 86' lang='lat' dir='ltr'><strong>specialis</strong></span> <span class='ocrx_word' id='word_1_209' title='bbox 869 3759 982 3816; x_wconf 91' lang='lat' dir='ltr'><strong>mentio</strong></span> <span class='ocrx_word' id='word_1_210' title='bbox 994 3757 1135 3818; x_wconf 87' lang='lat' dir='ltr'><strong>habenda</strong></span> <span class='ocrx_word' id='word_1_211' title='bbox 1150 3759 1190 3818; x_wconf 89' lang='lat' dir='ltr'><strong>sit</strong></span> <span class='ocrx_word' id='word_1_212' title='bbox 1225 3775 1302 3834; x_wconf 78' lang='lat' dir='ltr'><strong>pop.</strong></span> <span class='ocrx_word' id='word_1_213' title='bbox 1324 3755 1385 3818; x_wconf 90' lang='grc'><strong>289</strong></span> 
     </span>
    </p>
   </div>
   <div class='ocr_carea' id='block_1_7' title="bbox 145 3851 1385 4472">
    <p class='ocr_par' dir='ltr' id='par_1_18' title="bbox 145 3851 1385 4472">
     <span class='ocr_line' id='line_1_30' title="bbox 203 3851 1243 3942; baseline 0.005 -23"><span class='ocrx_word' id='word_1_214' title='bbox 203 3858 271 3923; x_wconf 91' lang='grc'><strong>197.</strong></span> <span class='ocrx_word' id='word_1_215' title='bbox 293 3861 510 3938; x_wconf 89' lang='lat' dir='ltr'><strong>lrregularitas</strong></span> <span class='ocrx_word' id='word_1_216' title='bbox 531 3882 571 3923; x_wconf 81' lang='grc'><strong>33</strong></span> <span class='ocrx_word' id='word_1_217' title='bbox 592 3851 712 3942; x_wconf 73' lang='lat' dir='ltr'><strong>defectu</strong></span> <span class='ocrx_word' id='word_1_218' title='bbox 733 3863 900 3923; x_wconf 89' lang='lat' dir='ltr'><strong>incurritur</strong></span> <span class='ocrx_word' id='word_1_219' title='bbox 921 3867 1014 3923; x_wconf 90' lang='lat' dir='ltr'><strong>ctiam</strong></span> <span class='ocrx_word' id='word_1_220' title='bbox 1036 3865 1122 3923; x_wconf 92' lang='lat' dir='ltr'><strong>nobis</strong></span> <span class='ocrx_word' id='word_1_221' title='bbox 1139 3865 1243 3924; x_wconf 89' lang='lat' dir='ltr'><strong>insciis</strong></span> 
     </span>
     <span class='ocr_line' id='line_1_31' title="bbox 333 3969 1244 4048; baseline 0.005 -22"><span class='ocrx_word' id='word_1_222' title='bbox 333 3973 364 4026; x_wconf 92' lang='lat' dir='ltr'><strong>et</strong></span> <span class='ocrx_word' id='word_1_223' title='bbox 383 3969 496 4032; x_wconf 88' lang='lat' dir='ltr'><strong>invitis.</strong></span> <span class='ocrx_word' id='word_1_224' title='bbox 518 3969 543 4028; x_wconf 88' lang='lat' dir='ltr'><strong>E</strong></span> <span class='ocrx_word' id='word_1_225' title='bbox 565 3972 673 4030; x_wconf 89' lang='lat' dir='ltr'><strong>contra</strong></span> <span class='ocrx_word' id='word_1_226' title='bbox 694 3987 772 4047; x_wconf 91' lang='lat' dir='ltr'><strong>quae</strong></span> <span class='ocrx_word' id='word_1_227' title='bbox 786 3989 826 4030; x_wconf 78' lang='lat' dir='ltr'><strong>ex</strong></span> <span class='ocrx_word' id='word_1_228' title='bbox 846 3971 967 4048; x_wconf 78' lang='lat' dir='ltr'><strong>delicto,</strong></span> <span class='ocrx_word' id='word_1_229' title='bbox 982 3971 1092 4048; x_wconf 91' lang='lat' dir='ltr'><strong>quippe</strong></span> <span class='ocrx_word' id='word_1_230' title='bbox 1113 3971 1190 4031; x_wconf 87' lang='lat' dir='ltr'><strong>haec</strong></span> <span class='ocrx_word' id='word_1_231' title='bbox 1211 3989 1244 4031; x_wconf 95' lang='lat' dir='ltr'><strong>se</strong></span> 
     </span>
     <span class='ocr_line' id='line_1_32' title="bbox 334 4074 1242 4156; baseline 0.007 -23"><span class='ocrx_word' id='word_1_232' title='bbox 334 4074 428 4134; x_wconf 86' lang='lat' dir='ltr'><strong>habet</strong></span> <span class='ocrx_word' id='word_1_233' title='bbox 448 4077 487 4136; x_wconf 89' lang='lat' dir='ltr'><strong>ad</strong></span> <span class='ocrx_word' id='word_1_234' title='bbox 508 4076 608 4136; x_wconf 86' lang='lat' dir='ltr'><strong>instar</strong></span> <span class='ocrx_word' id='word_1_235' title='bbox 628 4095 746 4155; x_wconf 83' lang='lat' dir='ltr'><strong>poenae</strong></span> <span class='ocrx_word' id='word_1_236' title='bbox 767 4077 980 4155; x_wconf 85' lang='lat' dir='ltr'><strong>gravissimae.</strong></span> <span class='ocrx_word' id='word_1_237' title='bbox 1002 4079 1060 4137; x_wconf 86' lang='lat' dir='ltr'><strong>Sed</strong></span> <span class='ocrx_word' id='word_1_238' title='bbox 1083 4094 1121 4136; x_wconf 85' lang='lat' dir='ltr'><strong>ex</strong></span> <span class='ocrx_word' id='word_1_239' title='bbox 1144 4077 1242 4156; x_wconf 89' lang='grc'><strong>33133,</strong></span> 
     </span>
     <span class='ocr_line' id='line_1_33' title="bbox 333 4181 1242 4260; baseline 0.003 -19"><span class='ocrx_word' id='word_1_240' title='bbox 333 4183 448 4260; x_wconf 83' lang='grc'><strong>313333</strong></span> <span class='ocrx_word' id='word_1_241' title='bbox 470 4181 548 4252; x_wconf 88' lang='grc'><strong>1313,</strong></span> <span class='ocrx_word' id='word_1_242' title='bbox 569 4184 736 4244; x_wconf 91' lang='lat' dir='ltr'><strong>incurritur</strong></span> <span class='ocrx_word' id='word_1_243' title='bbox 755 4182 971 4260; x_wconf 77' lang='lat' dir='ltr'><strong>irregularitas</strong></span> <span class='ocrx_word' id='word_1_244' title='bbox 998 4203 1038 4244; x_wconf 79' lang='grc'><strong>33·</strong></span> <span class='ocrx_word' id='word_1_245' title='bbox 1063 4185 1242 4260; x_wconf 76' lang='grc'><strong>1333131113,</strong></span> 
     </span>
     <span class='ocr_line' id='line_1_34' title="bbox 332 4289 1384 4368; baseline 0.006 -22"><span class='ocrx_word' id='word_1_246' title='bbox 332 4289 453 4348; x_wconf 89' lang='grc'><strong>3311333</strong></span> <span class='ocrx_word' id='word_1_247' title='bbox 474 4291 687 4368; x_wconf 81' lang='lat' dir='ltr'><strong>quasi-delleti</strong></span> <span class='ocrx_word' id='word_1_248' title='bbox 728 4337 1242 4354; x_wconf 88' lang='grc'><strong>...........</strong></span> <span class='ocrx_word' id='word_1_249' title='bbox 1283 4309 1301 4352; x_wconf 77' lang='lat'><strong>&gt;</strong></span> <span class='ocrx_word' id='word_1_250' title='bbox 1323 4289 1384 4352; x_wconf 89' lang='grc'><strong>290</strong></span> 
     </span>
     <span class='ocr_line' id='line_1_35' title="bbox 145 4375 1385 4472; baseline 0.006 -22"><span class='ocrx_word' id='word_1_251' title='bbox 145 4375 153 4392; x_wconf 69' lang='grc'><strong><em>’</em></strong></span> <span class='ocrx_word' id='word_1_252' title='bbox 203 4391 270 4455; x_wconf 90' lang='grc'><strong>198.</strong></span> <span class='ocrx_word' id='word_1_253' title='bbox 293 4394 474 4472; x_wconf 83' lang='lat' dir='ltr'><strong>Explicatur</strong></span> <span class='ocrx_word' id='word_1_254' title='bbox 494 4398 597 4455; x_wconf 84' lang='lat' dir='ltr'><strong>textus</strong></span> <span class='ocrx_word' id='word_1_255' title='bbox 618 4395 732 4458; x_wconf 81' lang='lat' dir='ltr'><strong>Concil.</strong></span> <span class='ocrx_word' id='word_1_256' title='bbox 755 4397 828 4456; x_wconf 89' lang='grc' dir='ltr'><strong>Τ311</strong></span> <span class='ocrx_word' id='word_1_257' title='bbox 831 4444 1242 4461; x_wconf 91' lang='grc'><strong>.........</strong></span> <span class='ocrx_word' id='word_1_258' title='bbox 1285 4417 1301 4460; x_wconf 69' lang='grc'><strong>3</strong></span> <span class='ocrx_word' id='word_1_259' title='bbox 1323 4398 1385 4458; x_wconf 87' lang='grc'><strong>292</strong></span> 
     </span>
    </p>
   </div>
   <div class='ocr_carea' id='block_1_8' title="bbox 0 0 1656 5100">
    <p class='ocr_par' dir='ltr' id='par_1_19' title="bbox 0 0 1656 5100">
     <span class='ocr_line' id='line_1_36' title="bbox 0 0 1656 5100; baseline 0 0"><span class='ocrx_word' id='word_1_260' title='bbox 0 0 1656 5100; x_wconf 95' lang='lat' dir='ltr'><strong> </strong></span> 
     </span>
    </p>
   </div>
  </div>
 </body>
</html>
