3266 5102
486 355 529 402 un
553 355 707 402 usurcrrs
732 355 774 402 sr
798 356 918 404 ror-:ms
1227 335 1290 403 165

118 478 183 541 eius
206 481 339 542 auctore
363 483 396 542 et
419 497 607 544 successore
630 480 661 544 in
687 479 799 544 eodem
822 499 967 555 munere,
992 499 1053 545 nec
1077 500 1137 566 per
1160 499 1195 545 se
1219 499 1291 546 essa

117 604 223 684 potest
245 607 417 667 reservam
441 603 561 687 Papae,
578 603 639 668 nisi
663 602 726 684 hic,
751 601 791 668 ob
815 602 1065 688 praecellentem
1089 609 1292 689 potestatem,

117 723 348 792 absolutionem
384 727 550 812 impertire
584 727 644 793 sibi
679 748 833 814 expresse
869 736 1032 802 reservet,
1057 729 1159 794 modis
1196 749 1294 815 supra

120 850 296 936 explicatis.

206 976 327 1080 Q
330 975 485 1064 fortiori,
499 982 624 1045 certum
641 985 691 1044 est
707 980 811 1064 quoad
826 980 913 1045 hano
929 999 1111 1050 censuram,
1129 983 1163 1044 ut
1179 999 1294 1044 censu·

121 1105 216 1182 ratus,
231 1101 291 1165 etsi
304 1100 386 1166 desit
398 1121 468 1166 esse
481 1101 629 1182 subditus
636 1103 853 1184 consulantis,
865 1109 972 1170 tamen
986 1101 1026 1166 ab
1042 1122 1081 1168 eo
1094 1071 1217 1168 tantum
1230 1122 1295 1166 non

121 1223 158 1286 ab
174 1223 237 1288 alio
254 1223 361 1289 iudice
377 1225 541 1292 ordinario
558 1225 682 1291 absolvi
698 1231 818 1310 potest;
837 1231 869 1290 et
884 1226 947 1292 boc
964 1225 1125 1312 explorati
1141 1227 1222 1290 iuris
1237 1231 1295 1300 est,

123 1345 192 1428 quia
208 1345 240 1408 in
265 1345 329 1410 hac
352 1365 491 1411 censura
514 1366 578 1411 non
603 1352 726 1412 tantum
742 1346 908 1412 decretum
940 1345 1223 1418 condemnationis,
1241 1346 1297 1412 sed

125 1473 221 1556 ipsum
245 1473 411 1537 vinculum
435 1493 558 1558 poenae
582 1473 791 1560 repetendum
816 1479 867 1540 est
889 1476 1018 1539 omnino
1042 1474 1081 1539 ab
1105 1475 1298 1540 auctoritate

124 1599 332 1662 conserentis.
352 1597 442 1662 Haec
458 1598 543 1664 dicta
558 1605 718 1685 santorp.
732 1620 759 1666 o.
774 1620 801 1666 o.
815 1600 873 1664 29.
888 1599 944 1665 48.
959 1599 1008 1666 De
1022 1604 1104 1665 sent.
1122 1617 1253 1665 excom.
1266 1597 1301 1664 X

125 1717 175 1802 (V,
199 1721 267 1808 39);
287 1720 319 1786 7.
341 1721 372 1784 b.
390 1726 409 1784 t.
426 1721 464 1786 in
487 1721 510 1786 6
533 1721 588 1807 (V.
609 1723 661 1808 11)
685 1727 716 1790 et
739 1722 771 1788 8.
796 1723 846 1788 De
869 1725 922 1806 off.
940 1723 1015 1789 ord.
1036 1723 1069 1786 X
1090 1722 1129 1806 (l,
1146 1719 1211 1806 31).
1237 1719 1299 1787 Sed

125 1843 204 1927 apud
227 1846 422 1914 canonistas,
442 1844 544 1910 veluti
568 1845 697 1918 suarez,
723 1846 877 1932 Layman,
904 1846 1051 1930 Pirhing,
1078 1841 1298 1918 Reiffenstuel,
1345 1855 1352 1866 '

126 1969 271 2055 Satyrum,
297 1971 477 2056 Schmalzg.
503 1972 523 2035 t.
549 1972 569 2037 t.
595 1992 621 2038 o.
640 1991 667 2037 o.
692 1992 746 2036 res
769 1971 863 2037 valde
887 1969 1023 2036 obscure
1040 1975 1209 2050 tractatur,
1227 1969 1301 2052 quia

126 2101 244 2160 tantum
270 2098 463 2162 enunciatur
485 2097 647 2162 distinctio
664 2098 749 2162 inter
772 2117 927 2162 censuras
942 2096 1024 2162 latas
1040 2097 1092 2161 vel
1109 2117 1131 2161 a
1147 2096 1231 2176 iure,
1248 2095 1300 2160 vel

126 2219 163 2284 ab
179 2221 269 2287 born.
276 2241 290 2305 ,·
305 2226 338 2287 et
352 2221 471 2288 dicitur
486 2241 641 2286 censuras
657 2221 700 2288 ab
717 2222 852 2289 tremine
868 2241 997 2308 semper
1012 2225 1197 2286 reservatas
1212 2239 1302 2295 esse;

128 2347 414 2419 consummatore,
438 2353 562 2413 tantum
578 2348 604 2412 si
629 2367 783 2432 expresse
807 2346 962 2413 edicatur.
976 2347 1039 2413 Sed
1063 2367 1221 2412 censurae
1235 2346 1302 2429 fer.

127 2477 205 2536 sent.
239 2472 286 2536 uti
310 2471 447 2536 vidimus
470 2473 637 2556 patiuntur
660 2473 914 2537 reservationem
939 2471 1181 2557 provenientem
1199 2469 1238 2536 ab
1254 2490 1304 2534 or-

128 2593 198 2659 dine
222 2594 381 2670 iudiciali;
406 2595 490 2680 quod
519 2595 629 2660 sedulo
661 2593 786 2662 adverti
816 2595 920 2661 debet.
946 2631 960 2642 -
986 2595 1149 2660 censurae
1176 2612 1304 2678 quaec

129 2717 200 2781 iure
223 2715 394 2781 edicantur
417 2714 620 2802 infligendae,
639 2715 693 2781 sed
716 2716 944 2799 relinquuntur
967 2715 1230 2780 determinandae
1246 2735 1305 2779 ar-

130 2839 224 2908 bitrio
250 2841 382 2922 iudicis,
406 2860 502 2925 quum
527 2841 692 2926 irrogatae
723 2846 814 2914 sunt,
839 2841 900 2906 dici
931 2839 1049 2905 debent
1079 2845 1112 2904 et
1142 2831 1305 2904 aestimari

130 2966 309 3033 omnimode
341 2968 431 3050 quasi
463 2987 621 3032 censurae
648 2964 692 3031 ab
716 2966 872 3048 hominm
894 2949 1062 3050 'siquidem
1094 2967 1308 3028 recensentur

131 3091 214 3157 inter
235 3110 360 3177 poenas
382 3091 598 3158 arbitrarius.

218 3218 295 3284 112.
317 3217 408 3292 Quoa
462 3218 703 3302 oenaspr·0prie
717 3216 827 3290 dictas,
841 3237 902 3308 seu¹
912 3213 1141 3300 dispensandas
1157 3218 1190 3277 et
1205 3211 1308 3297 quoad

132 3361 285 3407 censuras
309 3345 492 3406 reservatas
508 3339 728 3412 absolvendas
746 3339 902 3432 speciales
919 3338 1052 3404 facultat
1040 3343 1088 3402 tes
1112 3337 1179 3402 fact
1165 3341 1218 3400 tae
1234 3341 1308 3401 sunt

134 3463 313 3530 Ordinariis
338 3485 380 3528 ex
323 3463 632 3572 indulgentia
625 3464 704 3528 ruris
730 3464 956 3527 communis·
941 3463 1057 3526 -lure
1081 3459 1309 3526 Decretalium:

222 3587 507 3692 l)oQffln
523 3589 569 3660 Pr
570 3587 696 3668 aelam
720 3586 894 3682 episcopali
911 3584 1064 3650 iurisdict
1043 3590 1130 3648 tione
1146 3582 1309 3668 praeditis,

134 3713 269 3781 facultas
291 3714 480 3790 absolvendi
500 3714 753 3800 atdispansandi
778 3734 898 3804 poenas
922 3713 1106 3777 commissas
1123 3709 1163 3774 ob
1186 3708 1311 3792 adulta·

134 3839 434 3944 Qlssllnllla
456 3837 545 3903 hisce
568 3838 702 3908 minora,
728 3857 785 3901 seu
808 3833 988 3900 mitioribus
1011 3834 1123 3918 poenis
1147 3832 1310 3908 mulctata;

135 3982 177 4028 em
200 3983 274 4047 cap.
301 3964 324 4028 4
347 3964 397 4030 De
419 3964 489 4030 iud.
515 3964 549 4029 X
569 3961 625 4048 (ΙΙ,
652 3963 693 4048 l).
719 3961 801 4028 Inde
824 3962 978 4045 sequitur,
1003 3959 1195 4044 Episcopum
1220 3975 1313 4042 posse

135 4085 322 4171 dispensare
345 4107 443 4172 super
465 4086 633 4158 adulterio,
658 4085 755 4166 furtu,
781 4084 961 4169 sacrilegio,
986 4081 1139 4167 periurio,
1164 4079 1246 4144 salso
1269 4084 1315 4144 te·

136 4211 293 4284 aimonio,
315 4230 380 4274 non
403 4216 509 4276 autem
533 4229 630 4295 super
653 4209 792 4281 haeresi,
811 4208 954 4280 simonia,
971 4203 1156 4285 homicidio,
1182 4209 1214 4270 et
1232 4203 1316 4267 simi-

137 4331 227 4401 libus.
252 4335 300 4402 Cf.
327 4335 550 4416 Thesauruvn,
575 4335 595 4399 l.
614 4353 640 4402 c.
666 4353 742 4416 cap.
757 4332 818 4398 23.
844 4331 914 4397 Dic.
933 4330 994 4395 IV.
1019 4329 1180 4402 -Suarez,
1198 4329 1318 4394 XXIX

140 4460 160 4524 l.
182 4461 235 4535 21,
260 4463 354 4548 Sayr.
381 4461 455 4536 VII,
479 4461 525 4536 11,
551 4461 602 4526 15.
