3290 5100
296 277 365 342 510
418 269 425 280 ’
824 299 907 346 raas
932 297 954 344 1.

294 417 434 501 spiciunt
458 416 584 482 cuidam
607 419 720 504 generi
744 437 958 503 personarum
982 418 1035 483 rel
1060 418 1185 482 cuidam
1210 415 1337 502 urgenti
1361 433 1477 480 neces-

293 543 390 616 sitati,
415 545 467 608 cui
499 545 557 610 leat
582 563 646 609 non
670 545 818 610 consulit.
844 546 894 612 lta
920 544 1006 609 enim
1034 563 1054 607 a
1077 543 1206 630 legibus
1236 542 1479 626 distinguuntur

292 667 439 748 decreta,
457 687 538 752 quae
561 668 708 753 proinde,
725 688 823 753 quum
840 687 1011 734 versemur
1026 669 1060 734 in
1076 667 1202 740 odiosis,
1219 686 1284 731 non
1305 665 1348 730 ita
1364 672 1478 729 exten·

292 792 373 858 dere
397 793 548 860 debemus
565 800 599 859 ut
615 795 893 881 comprehendant
916 796 1094 862 sententias
1109 792 1285 874 iudiciales,
1302 796 1335 856 et
1353 791 1420 854 alia
1443 789 1474 854 id

292 937 396 1001 genus
420 920 549 982 omnino
574 920 751 1004 peculiaria
778 919 910 986 decreta
933 919 973 984 ad
997 919 1150 1005 singulos
1173 919 1261 982 cives
1284 916 1475 1002 spectantia.

292 1041 379 1107 Sane
402 1044 488 1109 inter
511 1043 601 1130 leges
624 1045 754 1108 omnino
777 1045 955 1130 generales
978 1049 1011 1108 et
1034 1043 1253 1109 ordinationes
1268 1041 1475 1106 administra·

293 1168 376 1232 tivas
399 1173 432 1233 et
454 1171 630 1234 sententias
654 1168 821 1234 iudiciales
845 1167 1025 1234 omnimode
1040 1167 1245 1251 peculiares,
1260 1166 1375 1232 media
1399 1171 1476 1231 suut

291 1291 428 1357 decreta
460 1313 541 1376 quae
572 1298 718 1378 spectant
749 1293 789 1357 ad
820 1298 945 1358 certum
978 1313 1080 1378 genus
1110 1311 1340 1379 personarum3
1372 1296 1405 1356 et
1436 1291 1475 1355 in

287 1415 411 1496 poenis
433 1414 598 1503 beaipaor
621 1423 670 1482 est
691 1418 927 1501 interpretatio
949 1417 1135 1500 facienda;
1158 1436 1201 1481 ex
1222 1435 1294 1502 rep.
1315 1415 1363 1480 49
1386 1414 1475 1480 iuria

291 1537 330 1602 in
353 1537 384 1602 6.
402 1575 419 1586 -
438 1539 504 1604 lsta
519 1540 653 1606 edentes
676 1545 751 1605 sunt
771 1541 830 1626 ipsi
845 1540 1062 1626 legislatores,
1079 1543 1113 1604 et
1127 1541 1334 1624 magistratus
1357 1537 1475 1622 quibus

291 1665 461 1728 commissa
481 1670 529 1729 est
548 1670 688 1750 potestas
711 1665 978 1731 administrativa.
1004 1665 1092 1730 Nihil
1115 1665 1220 1730 refert
1242 1684 1283 1728 an
1305 1665 1475 1750 legislator

289 1785 332 1850 sit
359 1805 498 1869 persona
528 1787 664 1874 physica
696 1793 752 1854 aut
782 1787 914 1852 moralis
946 1807 1002 1852 seu
1033 1787 1228 1872 collegialis;
1255 1789 1331 1852 item
1355 1785 1408 1852 dic
1432 1786 1473 1852 de

289 1911 406 1978 edente
430 1913 572 1980 decreta.
591 1915 628 1979 ln
645 1916 793 2001 personis
809 1914 1031 1998 collegialibus
1046 1913 1093 1979 illi
1109 1933 1281 1980 censuram
1299 1914 1474 1978 incurrunt

288 2037 344 2119 qui
367 2041 476 2102 votum
501 2036 619 2102 dedere
642 2035 823 2100 favorabile
847 2037 912 2122 legi
936 2037 1119 2122 propositae
1143 2041 1176 2101 et
1200 2038 1373 2102 incurrunt
1388 2043 1473 2122 post-

285 2155 385 2244 ]quam
408 2161 463 2224 lex
480 2163 544 2225 vim
568 2161 690 2226 habere
714 2161 858 2244 coeperit
879 2160 1083 2242 formaliter.
1107 2195 1124 2208 -
1148 2161 1269 2227 Omnes
1292 2162 1347 2226 alii
1370 2162 1473 2227 delin-

287 2292 423 2370 quentes
447 2289 552 2353 minus
575 2288 773 2373 principales
796 2308 854 2352 seu
877 2287 1061 2359 accessorii,
1086 2287 1186 2351 veluti
1213 2287 1372 2360 faventes,
1395 2308 1472 2352 con·

286 2409 439 2482 solentes,
456 2429 501 2474 eor
517 2409 579 2476 hoc
594 2409 713 2492 capite,
731 2430 795 2474 non
814 2413 971 2474 tenentur
994 2429 1107 2494 poena,
1131 2411 1206 2493 quia
1229 2408 1288 2474 hos
1310 2413 1473 2494 praeterit

223 2599 228 2616 κ
286 2533 396 2598 Const.
420 2541 541 2598 nostra.

377 2657 452 2721 445.
479 2655 561 2730 Quia
584 2663 732 2722 centrum
755 2657 887 2723 unitatis
910 2663 943 2722 et
967 2658 1205 2722 ecclesiasticae
1228 2657 1395 2743 potestatis
1418 2663 1470 2721 est

286 2781 436 2846 Summus
461 2781 629 2856 Pontifex,
654 2781 731 2847 hinc
761 2782 894 2868 speciali
926 2785 1095 2850 sanctione
1122 2781 1344 2848 detendendae
1372 2791 1470 2848 erant

288 2903 365 2969 Eius
388 2907 564 2970 auctoritas
588 2911 620 2970 et
643 2905 777 2971 libertas
800 2905 906 2988 quoad
930 2911 1007 2972 octa
1037 2924 1121 2989 quae
1148 2905 1330 2970 immediate
1352 2905 1393 2970 ab
1418 2907 1468 2970 Eo

286 3025 551 3112 proficiscuntur,
576 3029 629 3092 vel
653 3027 693 3092 ab
717 3026 797 3092 Eius
822 3028 950 3112 Legatis
978 3033 1013 3094 et
1034 3029 1214 3114 Delegatis,
1245 3047 1307 3092 nec
1336 3048 1400 3093 non
1426 3028 1468 3094 ab

285 3152 365 3217 Eius
389 3151 512 3218 Officiis
534 3155 567 3216 in
592 3153 691 3219 Curia
712 3155 859 3218 Romana
875 3155 1066 3221 constitutis.
1081 3189 1099 3202 -
1116 3153 1267 3220 Ceterum
1284 3153 1469 3219 declaravit

286 3278 318 3344 S.
338 3279 372 3344 U.
391 3279 416 3343 I.
434 3278 549 3344 die13
565 3280 640 3344 lua.
659 3279 753 3345 1892
768 3285 845 3346 actu
869 3281 903 3345 S.
922 3281 1020 3347 Sedis
1035 3300 1092 3345 seu
1108 3277 1143 3344 S.
1159 3279 1375 3362 Apostolieoe
1393 3299 1468 3348 esse

283 3422 368 3486 quae
391 3405 459 3468 sive
483 3402 665 3468 immediate
688 3422 708 3467 a
725 3403 763 3467 li.
782 3403 819 3468 P.
836 3405 904 3469 sive
928 3405 1022 3469 etiam
1048 3403 1261 3470 mediantibus
1277 3402 1310 3469 S.
1327 3403 1359 3468 S.
1376 3403 1411 3470 C.
1430 3404 1466 3471 C.

283 3545 343 3590 seu
365 3522 484 3588 officiis
503 3524 619 3590 Curiae
643 3523 894 3610 proficiscuntur
917 3525 974 3612 (l).
1000 3525 1064 3590 Nos
1087 3543 1168 3590 vero
1197 3523 1264 3590 Vol.
1290 3525 1338 3599 ll,
1363 3526 1409 3590 tit.
1438 3525 1466 3604 Ι,

282 3647 448 3713 docuimus
481 3646 597 3712 Curiae
621 3647 787 3712 Romanae
819 3652 942 3733 partem
975 3647 1086 3712 lacere
1111 3648 1251 3733 Legatos
1282 3654 1468 3731 quoquest

284 3772 455 3857 Delegatos
479 3769 675 3838 Pontificios.
1199 3761 1203 3766 ’

372 3985 411 4056 (l)
432 3987 550 4039 Dubium
570 3986 611 4040 ita
629 3988 794 4055 conceptum
819 3985 886 4040 tuit:
905 3999 922 4038 «
942 3985 1045 4040 Utrum
1065 4001 1114 4054 per
1133 3989 1198 4038 acta
1216 4001 1234 4037 a
1251 3983 1278 4037 S.
1299 3983 1466 4052 apostolica

282 4094 407 4161 protecta
426 4093 607 4162 designentur
626 4096 734 4145 tantum
754 4097 818 4145 acte
836 4107 907 4162 quae
926 4092 1087 4147 immediate
1106 4107 1123 4144 a
1142 4091 1168 4144 S.
1180 4091 1220 4144 P.
1237 4091 1458 4159 proficiscuntur

279 4217 318 4254 aa
337 4200 421 4254 etiam
442 4206 505 4254 acta
523 4217 594 4271 qnae
618 4200 738 4256 mediate
757 4218 774 4252 a
792 4201 818 4253 S.
838 4200 868 4253 P.
889 4199 1111 4269 proficiscuntur,
1131 4216 1167 4253 aa
1192 4198 1278 4252 etiam
1297 4215 1315 4250 a
1334 4197 1381 4252 SS.
1403 4199 1465 4253 RR.

279 4307 553 4376 congregationibus
571 4307 739 4376 proueniunt
757 4323 782 4372 a,
802 4311 832 4362 et
850 4307 1016 4376 rescriptam
1041 4305 1169 4376 prodit«
1188 4305 1328 4376 Neputiuc
1348 4307 1388 4360 ad
1407 4307 1466 4360 Μ

277 4423 400 4481 partem,
419 4411 584 4483 affirmative
603 4415 641 4466 ud
658 4413 719 4464 eam
732 4429 757 4467 a.
