3306 5102
533 326 575 370 un
600 324 752 370 uanrcrrs
776 325 818 370 nr
844 325 960 372 rossus
1268 307 1334 372 363

157 446 295 512 ulterius
326 449 519 530 promoveri,
544 447 729 513 admittendi
762 467 827 512 non
851 454 934 521 sunt,
960 449 1019 513 nisi
1048 449 1190 534 probatis
1221 469 1332 515 eorum

156 569 309 640 moribus,
341 573 447 654 prouti
479 570 599 636 dictant
631 573 804 636 Instructio
833 571 864 636 S.
894 572 993 656 Cong.
1019 574 1236 658 Inquisitionis
1267 574 1334 639 diei

160 693 203 756 16
227 693 317 774 Sept.
343 693 445 764 1875,
471 699 504 758 et
526 695 589 759 alia
613 696 690 758 Inst.
709 692 742 758 S.
759 693 859 778 (long.
877 694 944 758 ΕΕ.
970 699 1003 758 et
1028 696 1096 759 nu.
1114 696 1181 760 diei
1197 696 1247 760 27
1263 695 1333 762 No·

157 818 302 883 vertebris
318 819 420 884 1892.
434 857 447 867 -
462 820 508 885 cl.
523 821 607 904 apud
623 821 788 906 Gasparri,
805 819 888 885 543.
904 821 1026 885 Verum
1042 821 1221 886 huiusmodi
1239 824 1335 907 impe·

157 941 299 1008 dimenta
323 946 449 1009 nonnisi
472 944 662 1028 improprie
685 945 943 1029 irregularitates
965 951 1133 1032 vocantur.

246 1067 321 1133 275.
348 1068 513 1134 Hactenus
529 1069 569 1134 de
584 1070 713 1134 delectu
730 1075 829 1134 status
845 1070 970 1135 iuridici
988 1092 1044 1135 seu
1060 1071 1227 1137 libertatis.
1246 1107 1263 1119 -
1282 1073 1333 1136 Ex

157 1192 290 1274 defectu
312 1192 391 1278 fidei
414 1195 531 1279 aliquis
555 1195 723 1280 repellitur
745 1195 785 1259 ab
809 1197 922 1260 altari:

291 1319 325 1403 o)
349 1320 400 1384 vel
425 1322 499 1404 quia
520 1321 710 1404 neophytus
733 1327 790 1396 est,
816 1342 872 1386 seu
896 1341 1011 1388 recens
1034 1323 1228 1409 baptizatus;

292 1445 323 1530 b)
346 1446 400 1510 vel
423 1448 497 1529 quia
527 1453 576 1512 est
599 1447 739 1513 clinicus
769 1467 826 1514 seu
857 1449 1034 1534 baptizatus
1057 1452 1089 1513 in
1113 1449 1267 1536 lectulis
1290 1465 1331 1538 τῇ

156 1569 263 1655 alieri)
288 1571 426 1636 instante
447 1573 559 1637 mortis
582 1568 745 1656 periculo;

291 1697 323 1775 c)
337 1696 390 1759 vel
406 1698 478 1779 quia
496 1717 559 1760 non
572 1705 621 1762 est
634 1699 861 1783 confirmatus,
875 1704 1032 1782 quatenus
1042 1699 1181 1764 nondum
1194 1701 1334 1784 suscepit

155 1823 393 1883 sacramentum
407 1818 683 1904 confirmatiorem.
695 1820 925 1904 -Quocumque
939 1823 971 1884 in
984 1841 1060 1886 casu
1072 1821 1333 1907 impedimentum

156 1941 273 2006 exinde
297 1941 415 2022 ortum,‘
432 1942 514 2026 quod
538 1941 576 2006 ad
597 1963 622 2007 s.
640 1942 885 2020 ordinationem,
902 1945 1045 2009 constitit
1069 1946 1185 2031 inipso
1202 1945 1334 2028 defectu

154 2068 234 2152 fidei
242 2089 254 2148 ,·
278 2067 431 2151 siquidem
464 2066 642 2132 huiusmodi
673 2067 769 2131 homo
802 2087 866 2130 non
891 2073 1044 2133 censetur
1074 2071 1152 2134 satis
1183 2076 1333 2136 constans

155 2197 187 2256 et
211 2189 323 2257 firmus
346 2196 382 2258 ut
403 2193 497 2257 istum
521 2189 593 2256 fieri
616 2191 730 2257 deceat
753 2193 943 2277 magistrum
967 2193 999 2256 in
1026 2183 1139 2258 lsrael.

246 2317 292 2381 lle
315 2317 479 2402 neophyto
495 2317 652 2401 praecipit
667 2316 703 2380 D.
720 2313 840 2382 Paulus
860 2316 899 2380 ad
916 2316 1053 2382 Timoth.
1079 2313 1153 2401 (111,
1170 2317 1211 2401 6),
1237 2318 1331 2382 istum

154 2441 202 2506 od
225 2439 457 2522 episcopatum
485 2457 549 2503 non
580 2457 650 2502 csse
681 2437 942 2522 promovendum,
970 2471 986 2483 —
1010 2457 1054 2502 ae
1077 2437 1114 2502 ia
1136 2437 1331 2522 superbiam

155 2567 263 2632 elatus
285 2566 322 2630 in
344 2565 509 2631 iudicium
532 2564 662 2630 incidat
684 2565 810 2632 dioboli
835 2600 852 2612 -
878 2565 938 2630 Sed
963 2564 1158 2644 cerronesi,
1183 2564 1330 2638 (113148,

154 2691 288 2774 (Concil.
323 2691 476 2772 Nicaeni),
508 2691 560 2763 10,
593 2691 667 2756 dist.
696 2691 746 2764 61,
771 2687 907 2776 (concil.
939 2689 1086 2776 Sardio),
1117 2690 1151 2764 5,
1180 2689 1254 2755 dist.
1278 2690 1331 2764 51,

153 2816 288 2900 (Concil.
313 2815 428 2903 Tulei.)
452 2821 643 2888 staurerunt.
668 2816 849 2902 neophytos
872 2817 912 2880 ab
935 2817 1021 2881 omni
1054 2815 1157 2901 gradu
1188 2815 1332 2880 clericali

154 2939 332 3025 prohibitos
361 2960 442 3012 esse,
471 2939 588 3004 nedum
616 2938 655 3004 ab
687 2941 882 3024 episcopatu.
908 2975 925 2987 -
952 2939 1095 3024 Apostoli
1124 2945 1331 3023 praeceptum

154 3065 257 3148 quoad
280 3070 433 3132 recenter
455 3063 640 3149 baptizatos,
658 3083 736 3128 sane
760 3064 906 3128 consistit
928 3064 961 3126 in
986 3065 1053 3148 ipso
1076 3063 1218 3126 naturali
1243 3063 1330 3138 iure;

132 3188 210 3272 ¹sed
234 3189 360 3273 quando
383 3195 508 3274 tempus
539 3189 693 3274 dilapsum
719 3194 767 3254 est
790 3185 930 3253 notabile
953 3208 973 3250 a
996 3190 1143 3272 suscepto
1174 3187 1330 3272 baptismo

152 3313 233 3378 adeo
257 3320 291 3378 ut
314 3315 384 3398 quis
407 3315 543 3398 amplius
559 3313 620 3379 dici
645 3333 707 3378 non
724 3313 831 3378 valeat
846 3331 963 3378 recens
979 3311 1165 3396 baptizatus,
1184 3313 1272 3396 viget
1290 3331 1332 3376 ne

149 3443 356 3522 perpetuum
379 3438 638 3522 impedimentum
663 3457 719 3503 seu
737 3438 868 3522 propria
883 3435 1130 3523 irregularitas?
1149 3473 1166 3485 -
1186 3439 1248 3501 bl).
1265 3457 1330 3501 non

153 3565 360 3629 conveniunt.
386 3599 403 3611 -
430 3563 475 3628 Ol.
501 3563 656 3647 Gasparri
680 3565 829 3648 opinatur
857 3561 940 3628 istud
971 3562 1232 3647 impedimentum
1255 3583 1330 3647 pro·

153 3691 256 3775 priam
281 3691 476 3756 constituere
500 3689 783 3774 irregularitatem,
809 3691 882 3773 quia
902 3685 936 3752 S.
953 3689 1332 3773 Apostolicaconsuevit

152 3813 340 3899 neophytos
370 3832 426 3878 seu
456 3813 528 3876 illos
559 3813 611 3896 qui
636 3831 678 3876 ex
703 3811 829 3876 Iudaeis
854 3832 895 3875 ex
920 3810 1173 3891 Muhamedanis‚
1198 3831 1240 3874 ex
1268 3811 1332 3875 alia

153 3938 286 4002 ethnica
307 3935 535 4021 superstitione
551 3936 701 4000 conversi
724 3939 801 3998 sunt
824 3938 857 3999 et
879 3935 911 3997 in
936 3935 1054 4001 adulto
1074 3939 1179 3999 aetate
1198 3933 1332 3999 luerunt

153 4063 313 4148 baptizati,
330 4060 370 4126 ad
390 4084 414 4126 s.
432 4060 562 4127 ordines
579 4081 642 4125 non
658 4058 840 4140 admittere,
858 4061 920 4124 nisi
936 4061 1069 4143 praevia
1084 4059 1329 4144 dispensatione.

152 4185 292 4251 Praeter
321 4185 447 4269 prsx'im
472 4187 657 4258 Vicariatus
684 4184 789 4257 Urbis,
815 4185 930 4248 recolit
959 4184 1149 4268 rescriptum
1173 4182 1205 4248 S.
1229 4183 1329 4268 Gong.

153 4310 274 4376 Concil.
299 4311 332 4374 in
355 4329 421 4374 una
444 4309 637 4375 Adrianensi
661 4309 704 4374 31
729 4308 815 4373 Maii
839 4307 930 4374 1783
960 4310 993 4374 in
1020 4328 1083 4392 qua
1113 4306 1268 4393 agebatur
1291 4306 1331 4371 de

152 4431 218 4497 filio
251 4432 442 4498 ludaeorum
473 4434 505 4497 in
536 4438 642 4499 aetate
673 4432 716 4498 22
747 4451 905 4496 annorum
940 4431 1115 4517 baptizato,
1148 4435 1329 4515 expetente,
