3266 5102
295 259 360 328 100
815 279 898 326 raas
923 279 945 326 1.

294 408 386 470 creta
418 403 503 466 edita
525 401 587 466 hac
609 404 736 467 ratione
768 403 929 469 censenda
956 409 1033 468 sunt
1065 423 1129 467 nou
1160 405 1277 488 perimi
1292 412 1395 469 morte
1420 406 1474 470 vel

290 528 506 594 translatione
530 529 679 616 Episcopi
703 531 941 616 praecipientis.
960 531 1091 595 Revera
1114 533 1147 595 in
1172 531 1378 597 Collectanea
1399 532 1474 596 Biz-

290 657 377 720 zarri
411 651 593 721 afferuntur
623 654 815 720 documenta
841 674 923 742 pap.
957 655 1035 731 193,
1068 655 1145 738 194,
1178 655 1291 741 quibus
1321 657 1475 735 statuitur

286 786 472 864 praecepto
500 779 620 844 durare
647 800 748 864 usque
771 780 814 844 ad
838 787 965 868 tempus
990 778 1213 865 praefinitum
1238 787 1271 846 91
1298 782 1324 846 91
1348 781 1475 846 nullum

290 901 501 989 praefiniatur
518 902 637 968 durare
652 903 698 968 ad
713 923 845 970 annum
853 924 867 986 ,·
891 904 1074 970 huiusmodi
1092 908 1177 970 enim
1204 906 1338 970 decreta
1361 911 1476 991 utpote

285 1028 511 1111 praeventa-a
541 1031 597 1092 aut
620 1027 828 1112 respicientia
846 1029 1061 1111 peculiarem
1086 1049 1195 1094 casum
1221 1030 1254 1092 in
1279 1035 1476 1115 perpetuum

289 1129 511 1216 durare'non
546 1149 667 1215 valent.
700 1150 763 1216 Sed
793 1151 883 1215 nulla
913 1150 1053 1215 habetur
1088 1153 1172 1218 ratio
1206 1153 1387 1219 durationis
1417 1153 1475 1217 vel

290 1275 478 1340 cessationis
513 1274 716 1338 auctoritatis
750 1275 988 1360 praecipientis.
1027 1311 1044 1322 -
1083 1273 1156 1340 Scio
1191 1275 1338 1358 equidem
1372 1276 1474 1344 allata

290 1398 483 1464 documenta
506 1407 655 1484 spectare
679 1398 719 1462 ad
737 1400 864 1464 civilem
881 1401 1096 1485 principatum
1113 1398 1291 1482 Pontificis,
1308 1399 1364 1465 sed
1380 1401 1473 1468 ratio

290 1525 469 1590 decidendi
499 1525 619 1590 eadem
649 1531 718 1608 est;
747 1546 785 1590 eo
808 1529 911 1612 magis
942 1528 1016 1610 quia
1047 1527 1078 1594 S.
1108 1527 1142 1592 Ο.
1167 1528 1235 1591 ΕΕ.
1261 1527 1332 1591 Ru.
1357 1529 1391 1592 in
1415 1529 1470 1593 cit.

293 1651 512 1715 Instructione
531 1649 568 1712 11
590 1648 792 1716 tentilatio
815 1650 854 1715 de
873 1652 1067 1734 praeceptis
1091 1651 1201 1716 statuit
1225 1671 1262 1715 eo
1286 1671 1384 1716 sensu
1407 1672 1473 1736 quo

289 1772 322 1836 in
346 1772 410 1838 illis
433 1771 633 1836 documentis
656 1773 869 1856 accipiuntur.

376 1899 409 1980 3)
435 1897 468 1963 Si
491 1903 668 1981 quaeratur
691 1899 774 1963 ratio
797 1899 909 1966 intima
932 1898 1028 1964 huius
1044 1899 1261 1965 conclusionis
1285 1901 1347 1965 ista
1372 1919 1471 1984 prae·

287 2027 391 2090 statur
406 2021 446 2084 ab
471 2021 539 2104 ipso
563 2019 682 2084 Suarez
699 2023 720 2085 1.
738 2041 765 2086 9.
782 2040 816 2084 a.
833 2020 878 2084 10
893 2021 946 2104 qui
963 2021 1044 2086 scite
1061 2025 1160 2092 notat,
1177 2026 1352 2106 praecepta
1375 2041 1472 2106 posse

286 2141 358 2208 fieri
374 2141 414 2207 ab
430 2143 589 2227 Episcopo
606 2141 701 2206 etiam
718 2140 876 2206 duratura
892 2146 962 2228 post
977 2143 1045 2206 eius
1061 2147 1206 2223 mortem,
1223 2144 1286 2208 hoc
1301 2163 1381 2208 vero
1403 2163 1472 2208 non

287 2268 414 2332 censeri
427 2266 526 2331 fuisse
545 2265 675 2338 factum,
693 2267 755 2330 nisi
771 2286 927 2349 expresse
941 2265 1078 2331 dicatur.
1097 2267 1177 2332 Nam
1193 2268 1226 2330 in
1242 2266 1471 2352 praecipiendo

286 2395 463 2480 Episcopus
486 2392 613 2458 videtur
637 2393 682 2456 uti
706 2393 745 2456 iis
769 2391 922 2482 remediis
947 2412 1027 2475 quae
1051 2393 1216 2478 pertinent
1245 2391 1285 2455 ad
1316 2389 1472 2476 specialia

284 2525 464 2604 temporum
489 2526 521 2584 et
544 2537 755 2603 personarum
778 2516 929 2582 adiuncta
952 2523 985 2582 et
1008 2537 1071 2582 non
1095 2519 1312 2602 praesumitur
1328 2517 1471 2582 voluisse

286 2647 420 2712 iniicere
451 2646 533 2710 haec
563 2645 693 2709 vincula
717 2642 802 2708 ultra
833 2647 960 2728 tempus
988 2663 1049 2728 quo
1078 2643 1175 2710 durat
1206 2645 1274 2708 eius
1297 2643 1473 2728 pastoralis

286 2768 464 2838 sollicitudo
488 2771 549 2834 nisi
574 2788 727 2853 expresse
751 2768 838 2834 dicat
862 2766 918 2854 (l).
941 2767 1033 2834 Unde
1056 2768 1110 2832 hic
1134 2767 1469 2832 1199191191919119-

285 2895 407 2962 tionem
429 2893 558 2958 illorum
582 2894 636 2975 qui
658 2891 861 2957 arbitrantur
884 2898 1093 2977 praeceptum
1118 2911 1188 2958 esse
1211 2897 1468 2976 temporaneum,

284 3015 397 3082 saltem
421 3013 585 3079 advitam
608 3015 846 3099 praecipientis,
871 3015 946 3097 quia
969 3022 1180 3099 praeceptum
1204 3014 1360 3098 prospicit
1382 3011 1469 3076 bono

284 3143 427 3226 privato,
459 3140 563 3226 legem
597 3160 692 3212 vero,
725 3145 837 3224 suapte
869 3145 1002 3211 natura,
1038 3159 1110 3205 esse
1140 3144 1333 3223 perpetuam
1369 3157 1469 3222 quum

284 3262 431 3328 consulat
454 3260 537 3325 bono
562 3262 738 3336 communi;
764 3260 904 3326 advertit
928 3261 1012 3324 enim
1037 3266 1070 3325 et
1092 3259 1210 3324 honum
1241 3259 1333 3323 unius
1364 3259 1468 3342 parti-

284 3387 405 3466 culare,
431 3383 534 3470 quoad
565 3383 711 3449 ordinem
742 3383 904 3454 socialem,
929 3381 1058 3446 refundi
1086 3383 1119 3445 in
1142 3381 1259 3446 bonum
1285 3401 1467 3464 commune,

283 3511 329 3576 uti
345 3508 461 3594 probat
473 3509 509 3572 D.
524 3505 663 3572 Thomas
680 3504 828 3572 19112ζιθ
846 3507 917 3573 100.
935 3505 983 3582 2.;
1001 3511 1033 3570 et
1048 3510 1147 3579 notat,
1157 3505 1294 3569 arbitrio
1303 3505 1409 3589 legem
1422 3502 1469 3568 fe

283 3632 394 3712 rantis,
408 3631 513 3716 legem
529 3650 622 3716 posse
639 3631 732 3695 condi
747 3637 999 3714 temporaneam.
1014 3630 1124 3712 quales
1141 3635 1215 3693 sunt
1229 3627 1318 3712 leges
1335 3646 1393 3691 seu
1405 3627 1469 3692 Re·

284 3757 379 3843 gulae
393 3757 630 3832 Cancellariae;
644 3761 676 3820 et
688 3761 895 3840 praeceptum
909 3775 1002 3840 posse
1019 3753 1069 3818 edi
1081 3761 1271 3839 perpetuum
1286 3751 1339 3816 991
1351 3752 1468 3818 saltem

378 3969 419 4040 (l)
438 3968 498 4029 Qno
523 3967 613 4036 posito
638 3966 788 4036 principio,
808 3965 908 4020 Suarez
934 3964 1068 4019 facillime
1092 3964 1121 4018 in
1146 3968 1269 4017 nostram
1295 3962 1467 4018 senteutiam

288 4073 468 4144 pertrahitur,
478 4073 501 4126 si
521 4071 682 4126 advertatur
701 4073 850 4139 praecepta
869 4071 904 4123 ab
923 4070 1060 4140 Episcopo
1079 4069 1153 4124 edita
1171 4068 1206 4121 ad
1225 4071 1372 4122 externum
1398 4083 1467 4122 9999

288 4183 431 4240 Ecclesiae
445 4183 579 4252 regimen,
591 4181 646 4234 iam
660 4181 802 4235 continere
821 4179 1075 4244 919999199191991,
1088 4183 1117 4232 91
1129 4195 1163 4232 ex
1176 4177 1273 4250 aliqua
1287 4176 1467 4231 solemnitate

286 4295 366 4346 99199
379 4308 427 4345 seu
446 4307 481 4344 ex
500 4289 688 4358 publicatione
702 4287 860 4356 significare
873 4286 950 4339 illius
969 4286 1148 4355 propositum,
1161 4281 1236 4338 hunc
1249 4287 1351 4350 actum,
1366 4286 1466 4352 suapte

286 4401 396 4461 991919,
415 4395 548 4450 excedere
566 4393 668 4448 limites
689 4394 850 4462 personalis
875 4393 1004 4446 exercitii
1022 4388 1194 4460 Episcopalis
1211 4387 1419 4442 iurisdictionis.
