3266 5102
529 325 573 372 ns
599 323 753 371 nemoris
778 325 820 370 ar
843 324 962 372 Pourtls
1272 305 1334 370 113

148 465 309 512 coercere
341 452 374 511 et
403 449 570 534 corrigere
599 448 745 534 iniquum
773 450 970 534 propositum
994 447 1217 532 delinquentis,
1250 448 1334 514 uude

147 573 255 635 maior
286 574 319 636 in
350 574 503 639 societate
533 573 685 659 religiosa
716 593 910 658 promanare
941 574 1023 639 solet
1053 574 1176 639 ordinis
1208 579 1333 640 restau-

150 699 246 768 ratio,
264 698 415 764 videlicet
431 699 487 764 abs
503 699 726 766 emendatione
742 702 801 764 rei.
821 735 838 748 -
857 701 909 764 Ex
925 699 1062 764 adverso
1079 700 1182 764 civilis
1198 701 1335 765 societas

147 825 263 905 poenis
286 821 434 888 obtinere
458 825 578 898 nititur,
600 825 818 909 principalius,
836 824 958 889 ordinis
981 825 1109 889 socialis
1133 826 1260 888 externi
1284 845 1334 889 re·

148 948 402 1023 staur-ationem
433 949 567 1033 proinde
598 951 688 1014 totae
718 948 903 1016 sententiae
933 969 1053 1035 poenas
1083 969 1147 1014 non
1181 950 1333 1016 convenit

148 1071 331 1137 decernere
354 1075 504 1157 potestati
528 1075 614 1139 civili
639 1093 730 1158 qnae,
755 1095 814 1159 pro
838 1094 945 1159 scopo,
970 1075 1156 1139 nonhabet
1186 1075 1332 1140 ordinem

149 1196 309 1260 moralem
325 1199 496 1266 internum.
513 1197 570 1262 sed
585 1197 738 1262 socialem
753 1199 838 1263 tueri
860 1202 1033 1262 externum
1050 1197 1214 1272 ordinem;
1231 1217 1332 1281 quare

147 1321 183 1385 in
203 1307 283 1386 ⁸iure
306 1341 438 1387 romano
463 1322 586 1387 nullum
609 1321 710 1388 babes
734 1322 918 1408 exemplum
942 1323 1059 1387 barum
1079 1341 1270 1406 poenarum,
1286 1324 1333 1386 uti

149 1451 241 1512 notat
270 1443 349 1512 Soto
373 1448 394 1511 l.
418 1468 457 1528 c,
489 1449 551 1511 uisi
582 1446 693 1512 forsan
722 1448 866 1532 excipias
892 1448 915 1511 l.
941 1449 962 1511 l.
986 1448 1045 1512 ult.
1074 1444 1108 1512 0.
1132 1447 1179 1512 acl
1203 1447 1241 1511 L.
1267 1447 1332 1514 lul.

148 1569 292 1652 maiust,
316 1576 348 1636 et
369 1572 420 1637 29
441 1573 475 1654 ff.
500 1570 555 1638 Do
577 1572 654 1638 iure
675 1572 748 1658 fisci
765 1569 821 1657 (1).

241 1696 278 1758 ln
303 1694 468 1760 hodiernis
487 1696 649 1762 codicibus
665 1697 852 1782 poenalibus
867 1696 952 1781 apud
969 1696 1081 1761 civiles
1097 1698 1243 1761 nationes
1259 1715 1331 1780 poe·

147 1837 210 1882 nae
233 1819 282 1884 ita
305 1821 396 1885 lotoe
418 1840 481 1884 nou
506 1821 732 1897 inveniuntur;
756 1821 796 1886 de
820 1823 890 1887 iure
914 1822 1018 1886 veteri
1047 1821 1191 1906 Hispano
1215 1820 1330 1904 aliquis

148 1963 242 2009 casus
259 1945 404 2010 refertur
429 1966 448 2010 a
474 1947 593 2012 Suarez
611 1948 631 2013 l.
649 1947 702 2012 cit.
720 1947 758 2011 L.
771 1948 805 2022 5,
823 1967 850 2014 c.
876 1946 949 2020 VII,
966 1967 1000 2012 rt.
1019 1947 1050 2018 6,
1067 1952 1101 2010 at
1116 1945 1267 2018 moribus,
1287 1947 1331 2010 uti

147 2067 285 2140 videtur,
300 2089 365 2134 uon
389 2077 551 2156 receptus.
567 2073 619 2134 -E
644 2077 767 2145 contra,
785 2073 819 2135 in
843 2073 914 2136 iure
937 2091 1007 2136 can.
1025 2071 1064 2135 ob
1089 2071 1234 2134 intimam
1258 2090 1332 2135 con-

147 2197 322 2258 nexionem
350 2215 413 2278 qua
439 2196 615 2281 iunguntur
643 2197 749 2260 forum
773 2202 944 2261 externum
970 2201 1002 2260 et
1026 2195 1134 2260 lorum
1158 2197 1330 2270 internum,

147 2318 193 2381 uti
217 2317 395 2391 docuimus,
412 2318 507 2403 plane
530 2319 712 2384 huiusmodi
736 2319 829 2405 leges
852 2319 921 2385 eius
944 2319 1132 2404 disciplinae
1147 2317 1330 2384 accomoda-

147 2446 201 2504 tue
224 2449 315 2516 sunt;
339 2461 423 2525 quae
446 2448 553 2508 tamen
570 2444 746 2527 antiquitus
770 2444 872 2529 magis
897 2441 1049 2508 efficaces
1075 2449 1107 2507 et
1130 2443 1331 2528 frequentius

147 2565 181 2628 in
209 2586 271 2629 usu
301 2564 444 2646 luerunt,
468 2568 543 2650 quia
570 2569 674 2632 minus
699 2569 845 2653 rigorose
876 2567 1133 2652 distinguebatur
1157 2568 1239 2630 ratio
1266 2565 1330 2631 fori

146 2691 268 2754 interni
290 2709 311 2753 a
335 2692 459 2756 ratione
483 2691 547 2755 fori
570 2694 699 2758 externi
723 2698 754 2757 et
777 2693 810 2756 in
828 2693 951 2775 poenis
974 2693 1114 2756 maxime
1137 2690 1326 2774 exquireba-

142 2819 200 2878 tur
223 2811 358 2879 effectus
375 2816 613 2897 poenitentioe.
631 2853 643 2863 -
662 2816 765 2881 Hodie
789 2836 867 2880 vero
883 2817 980 2881 otiam
998 2818 1030 2879 in
1047 2816 1201 2881 societate
1218 2815 1326 2880 catho-

144 2939 210 3004 lica
226 2939 311 3024 apud
328 2961 386 3004 nos
401 2963 508 3007 mores
532 2947 565 3006 et
587 2941 756 3027 disciplina
772 2938 961 3024 effecerunt,
987 2947 1021 3005 ut
1044 2939 1182 3004 diversis
1205 2938 1329 3024 legibus

149 3083 250 3128 unum
268 3070 300 3129 et
315 3064 401 3130 aliud
417 3066 523 3130 forum
540 3071 675 3151 regatur
691 3065 746 3151 (2).
766 3066 865 3132 Hisce
887 3067 998 3152 positis
1022 3065 1114 3129 modo
1138 3063 1330 3149 explicanda

147 3193 198 3253 est
222 3188 391 3274 disciplina
415 3189 582 3256 hodierna.

237 3402 277 3468 (l)
296 3401 372 3462 Qiiae
396 3403 486 3472 legoS,
505 3403 625 3457 maxime
646 3402 716 3457 haec
740 3407 893 3473 postrema,
915 3419 970 3456 non
996 3403 1064 3455 satis
1088 3405 1184 3470 aperte
1213 3401 1332 3454 innuunt

144 3507 278 3562 effectum
297 3525 402 3578 poenae
421 3509 519 3564 illatae
538 3514 597 3580 ipso
616 3514 706 3580 fact03
726 3509 773 3564 sed
792 3509 945 3563 decernunt
964 3525 1080 3577 poenam
1105 3508 1138 3561 ad
1159 3511 1330 3560 momentum

144 3615 251 3683 patrati
271 3615 395 3668 criminis
414 3615 529 3680 retrahi,
553 3617 679 3686 quamvis
699 3615 747 3669 ille
771 3616 819 3686 qui
845 3615 926 3669 hodie
953 3614 1127 3668 convincitur
1156 3611 1189 3666 de
1215 3611 1330 3664 crimine

143 3722 202 3774 iam
221 3725 348 3776 mortuus
366 3723 412 3776 sit.
437 3722 495 3775 Hoc
514 3739 643 3791 expresse
666 3723 743 3776 iubet
761 3722 807 3776 lex
828 3722 878 3776 ult.
897 3721 927 3774 C.
945 3721 987 3773 Ad
1007 3720 1037 3774 L.
1057 3719 1117 3782 lul.;
1135 3719 1182 3773 lex
1202 3735 1267 3772 vero
1285 3717 1329 3771 29.

144 3826 185 3892 De
208 3828 269 3882 iure
286 3828 347 3881 fisci
365 3828 404 3894 ff,
414 3827 482 3881 dicit
501 3844 517 3880 ι
532 3827 602 3882 Eius
620 3829 668 3898 qui
685 3829 842 3882 delatorem
862 3829 1026 3896 corrumpit,
1040 3827 1159 3880 conditio
1179 3843 1212 3880 ea
1231 3835 1281 3891 est,
1300 3834 1329 3878 ut

142 3950 197 4003 pro
216 3935 341 3988 convicto
359 3935 497 3996 habeatur
509 3948 534 3998 tr,
553 3934 685 3988 nimirum
707 3935 759 3990 etsi
780 3938 877 3989 tenues
896 3937 963 3988 sunt
983 3933 1169 4002 probationes,
1188 3931 1331 4000 applican-

144 4046 193 4094 tur
210 4057 318 4110 poenae
338 4041 366 4094 iu
386 4057 449 4095 eom
468 4041 516 4112 qui
536 4039 691 4097 delatorem
710 4041 873 4110 corrumpit.

234 4148 274 4220 (2)
294 4147 414 4202 Proinde
427 4148 483 4202 iam
497 4148 602 4218 pridem
615 4150 770 4219 persentita
782 4149 836 4202 ruit
850 4149 1001 4203 necessitas
1021 4147 1164 4202 coercendi
1182 4163 1327 4200 numerum

144 4273 216 4324 pene
235 4256 378 4308 infinitum
397 4271 549 4325 poenarum
568 4254 586 4309 l.
606 4274 629 4310 s.
648 4255 688 4310 uti
710 4256 813 4325 passim
832 4254 1004 4310 lamentatur
1024 4255 1124 4310 Beued.
1138 4253 1204 4308 XlV
1220 4254 1249 4307 in
1268 4253 1325 4305 ruis

145 4365 291 4432 operibus:
316 4363 382 4418 buic
406 4364 578 4432 necessitati,
597 4363 688 4434 quoad
713 4380 844 4418 censuras
863 4363 882 4416 l.
908 4382 931 4416 s.
957 4363 1094 4418 satisfecit
1119 4365 1205 4416 const.
1231 4363 1327 4431 Apost.

146 4471 234 4526 Sedis.

292 4580 353 4634 Suc.
373 4579 452 4651 Lapa
1201 4576 1218 4628 8
