3302 5100
610 312 816 362 auaeoaruu
842 313 888 360 1v.
1274 296 1340 362 567

164 434 192 490 id
212 434 334 488 auctoris
352 435 461 500 merito,
481 433 599 506 aliisque
617 433 835 488 circumstantiis
853 434 1030 490 tribuendum
1050 441 1171 502 censeat,
1187 435 1252 492 libri
1271 437 1340 492 iudi·

163 543 236 597 cium
256 559 349 597 coram
368 560 397 598 se
415 543 476 612 ipso
494 543 523 597 in
542 542 760 612 congregatione
778 543 866 597 feriae
877 543 993 613 quintae
1007 541 1164 598 habendum
1178 544 1341 614 decreverit,

162 651 236 722 quod
254 665 337 720 saepe
355 668 372 704 a
390 650 470 706 nobis
488 652 592 705 iactum
616 650 679 716 luit,
699 653 728 705 et
745 650 855 720 quoties
879 650 920 704 ita
944 650 1074 720 expedire
1098 650 1289 718 iudicavimus,
1311 654 1340 708 in

163 765 304 828 posterum
323 773 432 830 quoque
450 760 513 822 fiet;
531 762 598 813 tunc
617 757 685 812 satis
702 757 789 812 fauerit
806 755 938 813 exhibere
958 757 1087 813 Pontifici
1106 764 1135 814 et
1147 758 1341 815 cardinalibus

162 863 227 919 libri
252 880 391 927 censuras,
411 869 440 918 et
458 861 647 918 consultorum
672 861 814 931 suffragia,
837 863 938 916 omisso
962 863 1090 920 examine
1115 865 1341 934 congregationis

162 971 249 1026 leriae
268 973 393 1040 quartae,
412 971 526 1039 eiusque
539 968 684 1034 relatione,
697 984 780 1039 quam
793 983 843 1037 per
856 971 1029 1024 assessorem
1044 968 1172 1023 Pontifici
1185 969 1340 1024 faciendam

162 1077 296 1132 diximus:
316 1093 379 1130 nam
399 1075 587 1130 cardinalium
606 1075 746 1144 suffragiis
764 1091 857 1130 coram
876 1077 936 1146 ipso
955 1075 1090 1131 Pontifice
1108 1077 1236 1146 ferendis,
1256 1082 1341 1148 atque

163 1181 246 1237 huius
263 1182 407 1238 definitiva
426 1183 574 1248 sententia,
593 1181 638 1237 vel
657 1181 714 1236 alio
732 1185 890 1252 opportuno
911 1181 1027 1238 consilio
1046 1181 1075 1235 in
1094 1181 1190 1238 eadem
1215 1181 1340 1252 Congre-

163 1289 276 1360 gatione
295 1287 438 1358 capiendo,
457 1305 501 1342 res
520 1287 688 1343 absolvetur.

251 1395 305 1459 56.
316 1393 414 1449 Altera
426 1410 535 1465 quoque
549 1393 649 1450 ludicis
661 1393 850 1464 Congregatio
864 1394 956 1465 plures
969 1395 1164 1466 complectitur
1180 1394 1341 1450 cardinales

162 1499 215 1568 ipsi
230 1515 246 1552 a
260 1498 396 1553 Pontifice
408 1499 571 1568 adscriptos,
583 1497 736 1569 iisdemque
749 1498 860 1553 dotibus
873 1497 1021 1582 praeditos,
1036 1501 1136 1570 quibus
1149 1500 1237 1554 sancti
1251 1499 1340 1554 Officii

163 1605 324 1660 Cardinales
336 1605 442 1675 pollere
460 1604 566 1670 solent3
583 1621 668 1676 quum
687 1605 771 1660 edam
791 1621 887 1660 eorum
905 1605 1014 1677 aliquos
1032 1606 1061 1659 in
1081 1609 1200 1677 utraque
1219 1607 1341 1675 congre·

162 1715 277 1784 gatione
295 1715 386 1769 locum
405 1713 509 1769 babere
522 1715 676 1784 contingat.
689 1713 732 1768 Ex
744 1715 779 1768 iia
792 1732 863 1771 unus
875 1714 998 1769 eiusdem
1012 1713 1245 1784 Congregationis
1258 1715 1340 1770 Prae·

162 1819 252 1872 iectus
270 1819 378 1883 existit3
400 1818 538 1874 desistens
556 1835 623 1880 vero
641 1823 790 1889 perpetuus
809 1823 852 1874 est
870 1819 1007 1890 Magister
1025 1821 1096 1874 sacri
1110 1819 1224 1889 palatii,
1243 1819 1339 1875 Secre-

162 1925 251 1980 tarius
275 1929 368 1980 autem
388 1942 404 1980 a
424 1925 512 1995 prima
535 1923 769 1995 congregationis
793 1926 970 1981 institutione
996 1943 1081 1998 usque
1107 1927 1136 1980 iu
1164 1931 1339 1996 praesentem

161 2029 244 2096 diem,
263 2047 297 2085 ex
316 2030 417 2086 Ordine
437 2031 556 2084 fratrum
581 2031 804 2100 praedicatorum
823 2049 840 2086 a
859 2047 966 2086 summo
990 2032 1126 2088 Pontiflce
1146 2048 1195 2102 pro
1214 2036 1340 2102 tempore

162 2139 230 2208 eligi
255 2140 407 2193 consueuit.
432 2137 503 2192 Sunt
526 2143 670 2208 praeterea
695 2155 729 2193 ex
756 2143 873 2210 utroque
897 2139 973 2194 clero
997 2139 1144 2206 saeculari,
1163 2146 1191 2196 et
1216 2140 1340 2210 regulari

162 2245 285 2299 eiusdem
306 2245 539 2314 Congregationis
562 2244 745 2310 consultores,
763 2249 792 2300 et
811 2245 947 2301 relatores
972 2246 1084 2313 selecti;
1104 2248 1272 2320 etquidem,
1291 2249 1340 2303 ubi

161 2351 264 2423 aliquis
283 2351 418 2406 librorum
438 2351 588 2408 relationes
606 2367 699 2408 coram
719 2354 937 2424 congregatione
955 2355 1051 2420 semel,
1069 2355 1120 2422 bis,
1140 2356 1226 2410 tertio
1244 2356 1342 2410 lauda·

162 2459 258 2514 biliter
280 2459 428 2528 peregerit,
447 2463 506 2513 tum
525 2460 586 2529 ipsa
610 2459 792 2528 congregatio
818 2458 981 2514 Pontificem
1007 2467 1107 2528 rogare
1132 2461 1212 2527 solet,
1231 2465 1263 2514 ut
1280 2461 1341 2516 eius

163 2568 331 2623 auctoritate
350 2569 378 2621 in
398 2566 586 2622 consultorum
605 2583 755 2622 numerum
770 2568 916 2622 referatur.

252 2675 313 2738 §7-
333 2673 389 2728 Sub
409 2675 468 2742 ipsa
487 2673 670 2728 Pontificatus
689 2673 777 2728 nostri
797 2672 954 2742 primordia,
975 2689 1009 2728 ea
1027 2689 1077 2728 noa
1090 2673 1177 2728 subiit
1195 2673 1342 2744 cogitatio,

163 2785 194 2835 ut
218 2787 323 2836 certam
347 2781 469 2852 aliquam
495 2786 523 2836 et
547 2779 750 2836 immutabilem
776 2778 936 2835 methodum
956 2795 1006 2849 pro
1028 2783 1157 2836 examine
1182 2781 1340 2852 iudicioque

162 2884 298 2940 librorum
318 2885 345 2938 in
365 2883 417 2940 hac
435 2885 536 2938 indicis
554 2885 778 2955 Congregatioue
797 2884 962 2940 servandam
980 2888 1174 2940 statueremus
1189 2885 1249 2946 Qua
1261 2885 1295 2940 de
1309 2901 1340 2940 re

162 3007 217 3047 non
235 2992 316 3047 modo
334 2992 480 3046 consilium
499 2993 698 3063 exquisivimus
712 2991 808 3047 dilecti
822 2991 873 3050 filii
887 2993 974 3048 nostri
989 2992 1091 3063 Angeli
1105 2993 1213 3048 Mariae
1226 2997 1340 3048 sanctae

162 3115 293 3154 romanae
312 3098 454 3154 Ecclesiae
473 3098 629 3154 cardinalis
647 3099 754 3160 Quirini
768 3099 929 3169 nuncupati,
943 3099 1065 3153 eiusdem
1078 3104 1193 3154 sanctae
1208 3116 1340 3155 romanae

161 3204 304 3260 Ecclesiae
317 3205 538 3270 Bibliothecarii,
552 3210 581 3260 et
599 3205 690 3260 dictae
709 3205 942 3275 Congregationis
960 3205 1109 3272 Praefecti,
1128 3207 1255 3276 quispari
1275 3223 1341 3276 pru·

161 3312 257 3366 dantia
279 3315 308 3366 et
331 3311 459 3366 doctrina
485 3329 565 3366 sunm
590 3313 670 3367 nobis
695 3328 806 3366 sensum
830 3313 934 3382 scripto
958 3311 1119 3380 declaravit,
1139 3313 1340 3368 verumetiam

161 3418 333 3489 antiquiores
346 3417 453 3489 aliquot
465 3393 835 3486 eirndenscmgregatiouis
854 3417 1026 3473 consultores
1046 3434 1139 3472 coram
1158 3419 1261 3474 dilecto
1279 3419 1340 3474 filio

162 3522 279 3593 losepbo
297 3524 455 3593 Augustino
474 3523 542 3587 Orsi,
556 3523 666 3576 Ordinis
679 3522 910 3592 praedicatorum,
922 3525 990 3576 tunc
1002 3524 1090 3593 ipsius
1102 3525 1338 3594 congregationis

163 3633 329 3696 secretario,
350 3647 422 3684 nunc
442 3634 535 3685 autem
555 3630 652 3700 palatii
670 3629 818 3700 apostolici
845 3629 998 3700 Magistro,
1023 3631 1175 3688 convenire
1200 3631 1339 3697 iussimus,

162 3755 295 3808 auramque
314 3739 492 3803 sententiam,
510 3737 619 3807 aperire
632 3753 702 3807 quae
716 3737 821 3806 pariter
834 3737 938 3806 scripto
951 3743 1095 3807 concepta,
1108 3739 1188 3792 nobis
1200 3738 1256 3792 iam
1270 3742 1338 3796 tuuc

161 3845 289 3898 exhibita
306 3845 366 3898 fuit
388 3843 511 3914 cumque
529 3842 599 3899 haec
617 3843 712 3898 omnia
729 3843 879 3912 diligenter
899 3843 971 3912 apud
996 3859 1047 3900 nos
1065 3849 1212 3903 asservata¹
1226 3845 1341 3912 tuerint,

162 3969 234 4005 nunc
252 3951 362 4006 demum
381 3955 505 4006 veterem
523 3949 751 4005 deliberationem
771 3956 893 4006 nostram
914 3955 1095 4017 resumentes,
1108 3950 1338 4021 quemadmodum

160 4075 202 4126 ea,
220 4075 292 4132 quae
311 4058 344 4112 ad
364 4058 498 4113 librorum
517 4074 634 4114 examen
647 4061 732 4128 atque
745 4058 878 4114 iudicium
891 4059 920 4112 in
934 4059 1099 4128 primodicta
1112 4059 1338 4128 Congregatione

161 4164 249 4218 sancti
275 4163 363 4217 Officii
389 4162 591 4232 peragendum,
611 4163 746 4232 pertinet,
767 4163 937 4219 auctoritate
962 4167 1058 4220 nostra
1079 4163 1339 4228 constabilivimus;

161 4270 202 4324 ita
220 4270 306 4324 etiam
324 4285 358 4323 ea
377 4285 448 4340 quae
467 4268 501 4322 ad
514 4268 768 4338 Congregationem
783 4267 891 4334 lndicis,
905 4272 933 4322 et
950 4268 1073 4324 eiusdem
1093 4270 1205 4338 generis
1223 4271 1341 4338 negocia

161 4377 234 4446 apud
253 4393 314 4434 eam
334 4377 480 4432 tractanda
496 4377 589 4432 iacere
609 4381 733 4445 possunt,
751 4377 915 4447 opportunis
928 4376 1048 4433 decretis
1061 4377 1231 4434 constituere
1244 4376 1341 4434 volen-
