3266 5102
479 334 523 381 nn
547 334 701 382 nnnrcrus
724 333 768 380 nr
792 334 912 382 nonnis
1225 314 1291 380 179

123 457 201 520 vatio
216 455 417 521 decernatur.
436 491 454 505 -
472 454 575 521 Porro
591 457 645 540 qui
661 455 849 522 absolvendi
869 459 1030 540 potestate
1053 459 1102 520 est
1121 453 1291 521 destitutus

122 582 156 646 ob
177 584 424 648 reservationem
448 602 511 666 qua
533 579 675 650 afficitur
697 601 838 648 censura
861 585 893 646 et
909 578 1121 645 nihilominus
1144 578 1292 660 absolvit,

121 708 192 772 nihil
213 710 295 794 agit;
320 727 393 794 ary.
415 727 490 791 cap.
507 709 552 782 11,
577 707 627 774 De
647 707 764 791 privil.
789 707 824 772 X
844 703 899 791 (V,
917 704 992 791 33);
1017 741 1035 754 ·
1061 705 1292 789 quandovero

121 853 245 898 censura
269 835 289 898 l.
306 853 332 900 s.
357 853 420 899 non
445 837 495 900 est
519 837 691 898 reservata
713 831 770 898 sed
794 836 986 897 censui-atus
1009 831 1199 916 percellitur
1222 851 1293 896 sen·

121 959 210 1022 tentia
231 957 470 1030 declaratoria,
495 962 574 1024 tunc
601 955 759 1024 absolutio
783 975 865 1039 quae
889 954 984 1021 detur
1007 955 1049 1020 ab
1072 955 1136 1020 alio
1153 975 1248 1040 quam
1271 975 1292 1020 a

127 1080 218 1145 indice
240 1081 426 1147 declarante
450 1085 499 1146 est
514 1081 630 1146 ualida
645 1079 700 1146 sed
722 1099 787 1144 non
803 1079 904 1146 licito.
923 1114 942 1127 -
960 1079 1040 1144 ltem
1065 1078 1119 1142 alii
1143 1077 1289 1145 delectus

120 1203 219 1286 quibus
240 1205 368 1270 laborat
397 1205 555 1272 absolutio
587 1203 663 1268 data
690 1203 730 1268 ab
754 1223 793 1267 eo
812 1205 864 1287 qui
890 1207 1081 1289 potestatem
1111 1201 1211 1268 habet
1233 1202 1290 1267 ab·

121 1329 249 1394 solvendi
282 1329 338 1395 sed
366 1330 504 1396 absolvit
531 1329 608 1413 quin
639 1333 831 1394 censuratus
864 1347 1009 1414 congrue
1039 1327 1235 1393 satisfecerit
1258 1333 1291 1394 et

121 1455 294 1539 purgaverit
321 1455 567 1524 contumaciam.
592 1455 701 1538 prouti
733 1452 872 1518 diximus
898 1451 938 1516 de
962 1471 1040 1516 casu
1063 1471 1127 1536 quo
1151 1471 1289 1516 censura

121 1577 156 1642 ub
176 1579 330 1653 homines
346 1579 386 1644 ab
418 1579 481 1643 alio
508 1577 614 1643 iudice
638 1578 854 1651 declaratur,
880 1575 1062 1642 huiusmodi
1093 1594 1210 1660 nempe
1237 1575 1290 1658 de·

121 1699 211 1765 lectus
238 1700 472 1766 absolutionem
503 1699 633 1764 aliunde
663 1697 827 1772 validam,
856 1697 996 1764 reddunt
1018 1700 1126 1764 minus
1150 1701 1288 1766 licitum.

122 1825 161 1888 Gl.
183 1826 306 1898 Suarez,
334 1826 408 1900 VII,
433 1826 468 1906 2,
494 1828 526 1892 lt.
552 1845 619 1910 seq.
655 1815 657 1822 ¹

197 1951 267 2016 122.
292 1951 383 2026 Quae
407 1950 546 2048 diximus
570 1950 609 2014 de
633 1951 782 2015 censuris
806 1948 848 2036 ab
873 1949 1009 2018 bomine
1030 1949 1105 2013 latis
1121 1949 1289 2020 absoluen-

121 2072 168 2141 dis.
189 2053 424 2160 vigentquoad
452 2075 575 2140 iudices
607 2075 782 2139 inferiores
798 2074 903 2139 iudice
927 2075 1119 2139 sententiam
1142 2073 1287 2148 terente;

120 2199 207 2305 quoad
219 2221 295 2274 vero
308 2201 500 2284 Superiores
512 2197 741 2282 velaequales,
757 2198 914 2262 nonnulla
929 2197 1123 2283 explicanda
1139 2202 1222 2262 sunt.
1237 2197 1285 2264 (if.

120 2341 142 2386 c.
157 2343 180 2388 c.
195 2323 251 2398 29,
268 2324 327 2400 110,
343 2323 398 2390 48.
413 2321 467 2390 De
482 2329 564 2390 sent.
578 2343 707 2391 erocum.
726 2322 766 2394 Χ,
780 2328 811 2389 et
828 2323 851 2388 7
866 2323 973 2390 ausu.
994 2325 1040 2388 tit.
1057 2323 1094 2388 ia
1110 2325 1142 2388 6.
1156 2320 1211 2408 (V.
1229 2319 1287 2410 ll).

216 2448 297 2514 Sane
321 2449 421 2534 Papa,
441 2469 553 2514 omnes
576 2454 608 2513 et
632 2467 832 2532 quocumque
858 2447 952 2512 modo
977 2453 1167 2514 censuratos
1181 2447 1288 2513 valide

120 2565 270 2636 absolvere
292 2575 415 2656 potest;
440 2569 480 2636 ad
501 2570 682 2636 liceitatem
705 2590 785 2634 vero
808 2575 840 2636 et
866 2572 939 2656 lpse
965 2571 1009 2634 uti
1037 2569 1132 2635 debet
1155 2590 1212 2636 sua
1234 2590 1288 2655 po

119 2694 219 2758 testate
240 2695 272 2758 in
296 2691 554 2760 aedificationem
574 2695 687 2760 nonin
704 2693 969 2761 destructionem.
994 2695 1173 2760 Praeterea
1197 2695 1287 2780 Papa

119 2815 140 2876 si
171 2837 277 2884 manus
310 2825 451 2904 apponat
481 2820 515 2884 in
546 2821 739 2885 sententiam
771 2839 931 2885 censurae
962 2819 1006 2886 ub
1037 2820 1172 2887 homine
1201 2820 1287 2886 latae

119 2943 246 3009 eamdem
280 2943 502 3010 confirmando
529 2946 583 3011 vel
617 2946 651 3008 in
685 2945 794 3010 forma
828 2947 1004 3040 communi
1033 2947 1088 3011 vel
1118 2946 1149 3009 in
1181 2945 1287 3012 forma

117 3067 265 3153 specifico,
288 3069 350 3134 sibi
379 3068 509 3135 videtur
539 3089 712 3134 reservare
736 3089 895 3136 censurae
919 3069 1163 3142 absolutionem,
1190 3088 1284 3152 quam

119 3188 204 3256 iudex
232 3195 282 3278 qui
314 3213 487 3260 censuram
517 3194 599 3265 tulit.
623 3194 806 3259 concedere
837 3214 900 3258 non
931 3199 1046 3280 potest,
1070 3193 1161 3258 salva
1189 3213 1284 3258 reve-

119 3314 211 3379 rentia
234 3319 266 3382 in
297 3319 524 3383 auctoritatem
548 3315 730 3394 Pontificis;
755 3318 907 3382 nimirum
938 3317 1053 3384 illicite
1084 3317 1140 3382 sed
1171 3317 1285 3384 aalide

119 3435 252 3517 absolvit;
275 3441 432 3526 siquidem
456 3438 657 3507 confirmatio
675 3442 785 3526 Papae
807 3441 925 3505 limitat
939 3440 994 3505 sed
1011 3461 1076 3505 non
1101 3440 1209 3505 aufert
1232 3461 1285 3526 po·

119 3565 249 3629 mistam
264 3566 440 3632 inferioris.
456 3601 474 3614 ·
489 3565 608 3632 Aufert
624 3571 732 3632 autem
746 3567 845 3650 Papa,
863 3566 1133 3650 quotiescumque.
1147 3566 1283 3650 positivo

120 3683 244 3764 decreto,
261 3691 322 3756 sibi
347 3697 496 3756 reservat
519 3711 691 3756 censuram
714 3690 758 3757 ab
782 3690 919 3757 homine
939 3691 1051 3766 latam;
1075 3691 1181 3774 prouti
1198 3688 1282 3756 edic-

119 3811 177 3875 tum
198 3819 243 3879 est
264 3815 297 3878 in
322 3833 397 3896 cop,
422 3815 465 3880 19
487 3813 537 3882 De
559 3819 642 3880 sent.
667 3833 797 3881 saccom.
822 3815 856 3880 X
878 3812 934 3900 (V.
957 3811 1012 3899 39)
1038 3812 1141 3897 quoad
1156 3831 1286 3878 excom·

119 3935 335 4002 manicationes
357 3937 442 4003 latas
465 3937 502 4003 in
532 3938 778 4022 incendiato&
802 3941 836 4002 et
861 3957 932 4023 cap.
957 3937 1001 4004 29
1032 3937 1082 4002 De
1107 3936 1227 4020 proeb.
1252 3941 1285 4004 et

119 4055 177 4144 dio.
199 4063 230 4128 X
250 4065 326 4144 (III.
344 4062 377 4149 5)
401 4063 504 4148 quoad
528 4065 755 4150 suspensiones
777 4063 859 4128 latas
882 4083 902 4128 a
926 4062 1023 4129 Conc.
1041 4059 1138 4127 Prov.
1156 4065 1188 4128 in
1206 4081 1281 4128 con·

120 4178 247 4252 terentes
267 4183 426 4254 beneficia
452 4186 603 4274 indignis.
631 4187 693 4254 Sed
723 4188 787 4253 hae
817 4187 1058 4252 reservationes
1088 4205 1108 4250 a
1139 4185 1282 4252 moribus

119 4315 320 4378 recesserunt.

197 4433 258 4500 Alii
280 4435 463 4542 superiores
487 4437 591 4534 relate
613 4435 653 4502 ad
677 4436 875 4512 inferiorem,
892 4436 1015 4502 scilicet
1036 4433 1281 4521 Archiepiscopi
