3296 5108
312 304 377 370 416
825 325 908 372 ruas
940 326 962 370 1.

312 439 497 509 «Clericus
523 443 560 508 in
582 443 690 509 samis
718 443 911 509 constitutos
942 446 992 510 vet
1022 445 1200 530 reputares
1231 449 1290 509 aut
1319 445 1488 510 moniales

305 574 384 649 past
406 573 520 634 cotum
543 570 690 634 solemne
713 568 874 634 castitatis
896 569 1156 633 matrimonium
1172 568 1372 634 contrahere
1383 588 1488 651 prae-

309 699 487 772 sumentes,
505 712 566 758 nec
588 711 657 759 non
680 711 796 758 amnes
820 713 897 758 cum
921 693 1039 776 aliqua
1062 711 1107 758 ea
1121 691 1306 775 praedictis
1325 694 1489 776 personis

309 817 567 884 matrimonium
602 817 802 883 contrahere
832 823 1137 899 praesumentes».
1172 817 1273 892 Quam
1309 817 1348 881 ad
1378 819 1487 881 incur·

311 941 444 1007 rendam
479 943 843 1009 excommunicationem
880 945 1058 1027 requiritur
1088 944 1283 1007 matrimonii
1315 945 1491 1006 attentatio

310 1086 369 1151 per
392 1066 550 1152 publicam
573 1067 710 1131 formam
734 1070 928 1132 matrimonii
952 1071 1020 1132 sive
1045 1069 1186 1153 religiosi
1215 1071 1283 1133 sive
1307 1069 1410 1132 civilis
1426 1069 1490 1156 (l),

309 1194 410 1257 itaut
440 1192 563 1257 faciant
591 1213 801 1279 praesumere
831 1213 866 1258 se
897 1213 1008 1258 verum
1040 1194 1278 1259 matrimonium
1309 1201 1492 1260 attentasse

310 1339 373 1384 non
409 1321 585 1405 simplicem
616 1320 862 1386 fornicationem
898 1322 948 1385 vel
985 1320 1232 1386 concubinatum
1268 1324 1490 1392 instaurasse,

310 1441 454 1524 quamvis
476 1441 614 1510 forsitan
637 1443 742 1508 adhue
766 1443 915 1509 deferant
945 1443 1088 1508 habitum
1124 1444 1318 1509 clericalem.
1343 1444 1375 1510 Si
1404 1465 1490 1508 vens

309 1569 360 1632 isti
376 1574 539 1652 apostatae
562 1587 601 1633 eo
624 1565 778 1653 perfidiae
805 1567 998 1633 devenirent
1027 1576 1063 1632 ut
1084 1588 1275 1632 asseverare
1299 1589 1363 1632 non
1395 1569 1488 1634 dubi-

309 1697 426 1772 tarent,
450 1691 631 1756 Ecclesiam
654 1691 775 1756 nullum
802 1690 938 1754 reddere
962 1711 1025 1754 non
1051 1711 1144 1775 possa
1167 1690 1348 1755 huiusmodi
1376 1694 1490 1756 matri-

309 1815 459 1892 monium,
484 1821 560 1877 tunc
587 1813 742 1878 haeretici
774 1813 883 1878 forent
914 1817 946 1876 et
973 1813 1106 1878 subiecti
1130 1813 1326 1878 anathemati
1351 1834 1371 1876 a
1394 1814 1489 1878 Trid.

309 1938 430 2003 concil.
454 1937 575 2003 inflicto
599 1941 631 2002 in
656 1957 731 2004 can.
758 1939 790 2018 9,
814 1957 891 2003 sess.
909 1938 968 2007 24,
994 1939 1043 2002 De
1064 1937 1128 2020 res.
1148 1957 1165 1999 «
1185 1938 1222 2002 St
1245 1938 1321 2022 qzlis
1345 1939 1489 2007 diaerit.

309 2063 447 2129 clericos
463 2063 500 2127 in
511 2064 619 2128 sacris
631 2062 807 2129 oratinibus
823 2064 1026 2135 constitutos,
1040 2064 1091 2126 ael
1108 2063 1284 2146 reputares
1298 2063 1489 2128 castitatem

308 2187 504 2253 solemniter
522 2185 707 2269 professos,
722 2205 821 2268 passe
844 2186 1102 2252 matrimonium
1126 2185 1335 2256 contrahere,
1354 2192 1489 2251 cointra-

309 2318 465 2395 ctumque
499 2311 651 2376 ualidum
683 2329 752 2376 esse
785 2331 854 2377 non
888 2310 1038 2376 obstante
1074 2311 1144 2395 tege
1179 2309 1402 2375 ecclesiastica
1433 2311 1489 2375 cet

310 2441 418 2502 roto...
450 2435 633 2500 anathema
663 2435 748 2500 sit...
766 2456 796 2498 ›.
824 2469 841 2482 -
868 2434 1049 2518 Regulares
1079 2436 1147 2498 sive
1179 2433 1290 2498 clerici
1317 2435 1349 2496 in
1381 2435 1490 2497 sacris

309 2561 471 2626 constituti
505 2559 613 2623 taliter
636 2559 872 2623 matrimonium
899 2563 1097 2622 attentantes
1128 2559 1299 2622 incurrunt
1329 2557 1490 2642 irregula-

308 2683 435 2748 ritatem
459 2702 501 2746 ex
524 2681 662 2766 bigamia
684 2682 973 2747 sinntitudtnaria.

399 2807 473 2872 329.
499 2807 675 2891 Episcopus
697 2827 787 2878 vero,

446 2933 475 3016 1)
499 2931 636 2996 clericos
671 2930 711 2995 ab
751 2930 927 2998 ordinibus
962 2930 1151 2997 minoribns
1173 2935 1335 3014 apostatas
1368 2936 1488 3016 potest,

309 3062 379 3141 post
403 3075 579 3141 congruant
602 3056 761 3141 triplicem
786 3057 1001 3126 monitionem,
1019 3055 1189 3120 declarare
1212 3055 1364 3138 spoliatos
1385 3059 1487 3140 privi-

308 3182 473 3267 legio-tori
490 3189 521 3246 et
537 3183 679 3260 canonis
696 3182 739 3246 ita
755 3187 790 3244 ut
805 3179 948 3244 habitum
965 3185 996 3244 et
1013 3187 1176 3244 tonsuram
1195 3199 1400 3245 reassumere
1419 3201 1489 3245 uon

309 3306 439 3371 valeant
453 3307 522 3370 sine
538 3307 605 3370 eius
622 3324 776 3388 expresso
792 3307 962 3388 permissu
988 3323 1029 3368 ex
1046 3324 1120 3387 cap.
1138 3303 1187 3370 25
1211 3309 1242 3368 et
1258 3304 1316 3376 24,
1334 3304 1384 3368 De
1402 3311 1490 3369 sent.

309 3449 438 3496 ecccom.
464 3437 495 3494 et
526 3430 568 3495 ct.
593 3427 784 3494 Benedictus
815 3429 907 3502 XIV,
940 3429 984 3493 De
1008 3429 1085 3514 Syn.
1112 3427 1182 3494 Lib.
1212 3429 1253 3510 5,
1281 3447 1355 3511 cap.
1382 3429 1425 3492 12
1455 3437 1491 3496 et

308 3555 380 3620 Lib.
405 3555 457 3628 12,
482 3575 556 3637 cap.
579 3554 614 3620 2.

443 3679 475 3757 2)
501 3679 617 3743 Clerici
641 3698 720 3742 vero
743 3678 850 3742 sacres
874 3678 1051 3743 ordinibus
1080 3679 1194 3742 initiati
1226 3679 1281 3761 qui
1308 3675 1389 3743 fiunt
1412 3695 1488 3764 apa-

309 3809 410 3869 statae
434 3809 530 3868 antea
553 3805 698 3868 censuris
722 3804 907 3887 plectuntur
936 3803 1000 3884 fer.
1025 3809 1106 3868 sent.
1132 3803 1188 3868 sed
1212 3803 1392 3888 privilegiis
1419 3821 1488 3868 nnn

309 3927 513 4010 expoliantur
541 3927 599 3991 nisi
624 3946 683 4011 per
706 3923 993 4011 degradationem.
1019 3925 1067 3992 Cf.
1094 3927 1162 3992 Vol.
1184 3927 1210 3993 1.
1235 3946 1268 3989 n.
1292 3923 1367 3990 328
1388 3945 1439 4010 sq.

442 4050 475 4136 3)
500 4049 616 4116 Clerici
639 4069 704 4114 non
721 4070 812 4114 secus
828 4070 866 4114 ac
883 4051 1051 4136 regulares
1068 4055 1220 4115 notantur
1236 4049 1370 4113 infamia
1389 4048 1487 4132 facti.

398 4329 439 4396 (Ι)
460 4329 499 4382 Ex
517 4329 618 4384 decret.
638 4329 664 4382 S.
682 4327 741 4393 oft,
754 4329 794 4380 22
808 4329 936 4384 Decemb.
950 4330 1036 4383 1880.
1057 4329 1096 4382 Gi,
1111 4328 1283 4383 D'Annibale
1298 4357 1313 4368 ·
1328 4325 1487 4382 Commeat.

310 4431 364 4502 (ed.
385 4435 424 4506 t.)
444 4453 469 4487 n.
493 4435 550 4490 157.
