3312 5108
549 335 593 382 nn
618 336 772 384 nantonis
796 337 839 382 nr
863 337 982 383 nonnis
1311 321 1354 388 57

169 454 329 518 actionem
353 455 424 540 iege
448 474 513 520 non
528 457 711 548 prohiberi;
737 458 922 543 ignorantia
937 463 985 523 est
1000 457 1085 540 facti
1100 459 1213 542 siquis
1229 459 1356 524 fallitur

170 577 276 661 quoad
299 577 457 645 obiectum
480 601 538 646 seu
560 581 734 647 terminum
754 602 832 647 suae
847 581 999 658 actionis;
1024 583 1209 667 ignorantia
1219 603 1355 666 poenae

169 711 219 768 est
242 707 388 772 carentia
411 707 652 792 qualiscumque
668 709 803 775 notitiae
819 707 858 774 de
875 728 988 794 poena.
1007 709 1061 772 rel
1076 709 1159 774 falsa
1181 713 1296 776 notitia
1315 709 1355 776 de

170 847 276 912 poena
297 828 424 894 adnexa
447 829 574 896 cuidam
597 832 727 897 actioni.
754 833 834 898 inde
862 834 1031 898 statuimus
1055 834 1113 898 has
1142 834 1271 920 regulas
1294 835 1354 920 t.'l)

263 953 293 1039 l)
318 955 341 1018 I
360 955 520 1020 morantia
540 975 681 1039 poenae
706 957 736 1022 si
758 977 922 1064 censurae
946 957 1126 1053 eacipias
1125 979 1195 1036 reon
1205 967 1356 1028 mactat

171 1097 193 1141 a
156 1096 320 1188 poena
343 1077 472 1144 sabana
479 1099 569 1191 ..⁰³
589 1101 667 1144 am
688 1049 886 1166 propositum
866 1047 1109 1164 delinquendi
1126 1101 1182 1147 seu
1199 1082 1314 1148 dolus
1307 1105 1353 1148 rn-

170 1205 265 1286 tegre
288 1221 324 1266 se
349 1183 460 1286 prodit
476 1225 548 1269 cum
565 1207 635 1288 quis
651 1205 750 1290 probe
767 1207 932 1290 cognoscit
955 1225 1032 1270 se
1014 1205 1137 1270 violare
1157 1207 1261 1292 legem
1286 1209 1355 1272 sire

170 1325 392 1390 humanam'
370 1347 437 1391 sive
460 1327 611 1400 divinam,
624 1330 770 1412 quamvis
793 1329 921 1414 ignoret
945 1348 979 1393 se
1003 1349 1138 1413 poenam
1162 1349 1290 1414 passum
1314 1331 1354 1394 iri

171 1450 223 1514 rel
247 1452 311 1514 iam
336 1449 432 1516 latum
456 1450 509 1516 vel
532 1450 710 1517 terendam.
735 1487 753 1499 -
782 1453 853 1516 Hoc
884 1471 997 1518 verum
1023 1458 1072 1518 est
1095 1454 1257 1538 potissime
1284 1455 1355 1517 iure

170 1595 255 1658 can,
272 1595 334 1660 quo
358 1597 401 1640 ex
423 1579 535 1662 poenis
561 1577 727 1660 sarmatae
752 1579 942 1652 sententiae,
968 1577 1142 1644 nonnullae
1166 1584 1240 1643 sunt
1263 1578 1354 1644 arbi·

171 1699 303 1766 trariae
329 1720 386 1764 seu
416 1699 729 1766 entraordinariae.
749 1737 766 1750 -
786 1703 829 1766 nt
853 1720 1011 1766 censurae
1040 1701 1252 1786 excipiendae
1283 1709 1355 1766 sunt

169 1825 246 1906 quia
269 1823 422 1888 feruntur
443 1825 477 1888 in
501 1829 710 1890 contumaces
741 1845 798 1890 seu
827 1827 858 1888 in
890 1845 945 1890 eos
978 1825 1030 1908 qui
1065 1825 1125 1889 has
1157 1843 1276 1908 poenas
1300 1829 1356 1888 aut

170 1949 264 2013 nihili
288 1949 411 2013 faciunt
433 1953 489 2013 aut
523 1955 690 2034 spernunt.
716 1950 763 2015 Cf.
787 1949 926 2021 Sumen,
954 1949 1004 2015 De
1027 1951 1179 2016 cennrrie
1202 1949 1295 2032 Disp.
1320 1949 1355 2013 4.

170 2075 256 2138 Sect.
283 2071 399 2157 tiraq.

259 2199 294 2282 2)
321 2218 338 2260 ‹
358 2199 561 2284 Ignorantia
583 2198 667 2280 facti
682 2217 818 2282 semper
832 2204 976 2264 accusat
989 2217 1011 2262 a
1023 2215 1137 2280 poena
1154 2199 1183 2262 si
1202 2197 1355 2280 concipias

169 2323 358 2389 nonnullas
386 2339 517 2406 poenas
546 2320 736 2404 improprie
767 2321 885 2394 dictas,
918 2326 948 2386 et
972 2321 1071 2405 qnasi
1101 2301 1353 2403 impedimenta·

170 2469 232 2515 sen
253 2447 493 2521 instabilitates,
509 2447 612 2513 ueluti
628 2447 900 2532 irregularitatem
918 2469 947 2510 u.
969 2448 1023 2512 Ait
1039 2446 1159 2514 Suarez
1177 2446 1217 2512 de
1231 2447 1355 2532 legibus

170 2574 193 2636 t.
218 2593 246 2638 a.
270 2594 304 2636 n.
329 2572 364 2634 2.
389 2568 474 2656 (mit).
507 2570 609 2654 med.)
636 2591 653 2632 r
680 2570 885 2655 Quapropter
908 2571 934 2634 si
962 2571 1142 2636 intercedat
1173 2573 1355 2656 ignorantia
1428 2567 1432 2578 '

169 2713 254 2778 quae
286 2694 413 2779 culpam
445 2698 580 2758 excusat
609 2698 665 2756 aut
696 2711 856 2757 excusare
887 2691 1060 2763 sufficeret,
1093 2693 1120 2756 si
1149 2698 1240 2758 actus
1271 2699 1355 2758 esset

171 2817 363 2904 prohibitus,
387 2817 444 2882 illa
460 2817 564 2882 reddit
578 2823 686 2882 actum
703 2817 955 2882 involuntarium
966 2795 1004 2882 ¹ct
1021 2817 1093 2882 ideo
1109 2818 1204 2882 etiam
1221 2823 1356 2884 excusat

173 2941 259 3006 illam
285 2960 432 3026 poenam.
457 2937 565 3022 Atque
589 2939 701 3004 similis
724 2941 891 3022 responsio
923 2937 1114 3024 applicanda
1137 2938 1249 3004 estad
1273 2941 1355 3004 simi·

261 3171 302 3239 (l)
325 3169 433 3224 Revera
451 3168 656 3222 criminalistae
676 3185 734 3223 rem
753 3167 927 3222 criminalem
946 3167 1018 3240 quod
1041 3169 1153 3232 attinet,
1178 3185 1233 3222 non
1258 3169 1354 3222 distin-

171 3283 261 3347 guunt
281 3277 413 3331 subtilius
425 3277 503 3342 ¹inter
516 3279 706 3348 ignorantiam
719 3281 748 3330 et
763 3293 900 3329 errorem
915 3281 943 3330 et
956 3275 1198 3330 indiscriminatim
1220 3282 1354 3346 usurpant

172 3383 338 3436 vocabulum
358 3382 534 3452 ignorantiae
554 3387 603 3435 aut
624 3384 733 3434 erraris
752 3380 786 3434 ad
805 3380 1018 3448 significandum
1044 3380 1125 3434 illum
1145 3387 1247 3434 statum
1268 3381 1354 3434 animi
1405 3438 1408 3444 ,

171 3505 227 3559 quo
246 3489 309 3560 qais
328 3505 383 3542 non
403 3493 479 3542 recte
498 3503 668 3556 cognoscens
688 3504 780 3540 rernm
800 3488 949 3540 veritatem
968 3505 999 3541 se
1017 3489 1184 3542 determinat
1209 3489 1247 3542 ad
1270 3505 1354 3558 agen·

173 3596 249 3647 dicor,
268 3623 283 3636 -
303 3593 465 3662 Ignorantia
483 3609 558 3657 vero,
577 3595 688 3660 proprie
707 3596 825 3660 sumpta.
839 3608 893 3662 qua
907 3597 950 3644 est
963 3594 1088 3646 carentia
1107 3595 1239 3662 carasque
1258 3597 1354 3663 cogni·

172 3700 256 3753 tionis
276 3713 331 3752 nou
351 3701 517 3766 potestesse
532 3695 698 3766 principium
716 3695 851 3760 aetionis3
870 3696 941 3750 unde
955 3695 1035 3751 hodie
1050 3699 1222 3750 communior
1243 3703 1286 3751 est
1307 3715 1355 3767 ap·

174 3807 291 3878 pallatio
311 3810 428 3862 erroris.
454 3805 507 3861 Sed
531 3805 560 3858 in
584 3821 758 3876 quocumque
783 3821 877 3859 errore
902 3807 998 3860 subest
1025 3810 1070 3861 rei
1088 3807 1256 3874 ignorantia,
1274 3806 1355 3876 quasi

173 3931 269 3983 genus.
289 3913 348 3966 imo
368 3910 492 3982 Savigny
511 3910 630 3964 asseruit
648 3927 777 3964 errorem
797 3926 852 3964 non
871 3909 1006 3980 distingui
1026 3912 1061 3964 ab
1080 3912 1239 3980 ignorantia
1260 3939 1274 3952 ·
1296 3911 1354 3965 Hoc

173 4022 290 4072 nonest
312 4015 495 4087 undequaque
514 4032 626 4079 verum;
647 4013 694 4068 sed
715 4014 824 4084 antiqui
845 4013 996 4084 loquuntur
1017 4031 1125 4084 semper
1144 4015 1178 4069 de
1197 4012 1359 4086 ignorantia

172 4129 245 4179 iuris
256 4135 282 4180 et
291 4125 369 4196 facti.
378 4152 394 4164 ·
405 4123 445 4178 Cf.
456 4123 532 4187 Buri,
545 4124 626 4177 Sutia
638 4123 774 4176 causatitd
786 4141 799 4174 c
812 4123 839 4174 lo
852 4139 903 4175 sua
917 4125 1113 4191 iniputaaiona.
1125 4123 1229 4193 Lipara,
1242 4123 1330 4175 1873.
1342 4151 1355 4164 ·

177 4231 304 4293 [tenazzi
326 4231 417 4284 Elem.
437 4231 508 4284 iaris
528 4232 606 4284 crim.
622 4231 640 4283 t
655 4229 677 4282 Ι.
692 4247 714 4283 c.
730 4230 757 4282 8.
773 4258 786 4270 -
801 4227 860 4282 Van
881 4229 952 4290 Pelt,
973 4230 1013 4282 De
1033 4231 1191 4297 ignorantia
1210 4238 1234 4282 at
1255 4246 1354 4282 errore

174 4343 203 4390 in
216 4339 336 4392 (latialis.
357 4367 372 4376 -
395 4338 531 4401 Gandani,
548 4337 625 4402 1826;
639 4365 652 4378 -
668 4337 780 4402 Boudia,
796 4339 836 4392 Dc
852 4339 880 4391 la
894 4337 1077 4408 conquirente,
1091 4354 1155 4406 pag.
1168 4337 1220 4390 280
1235 4366 1248 4378 ·
1263 4337 1355 4399 Klein,
1415 4333 1416 4336 ¹

178 4443 218 4495 Dc
237 4444 353 4496 innoxia
372 4443 525 4496 mulierum
545 4444 615 4496 iuris
634 4445 799 4511 ignorantia.
822 4443 994 4498 unstrut-tae.
1016 4445 1104 4496 1706.
