3266 5102
337 277 402 342 156
863 300 948 348 raras
972 301 994 347 ι.

335 419 427 487 Unde
461 441 619 488 censurae
641 442 665 488 o
687 423 772 498 iure,
796 427 887 491 lotoe
920 425 1114 498 acumine.
1137 445 1203 490 non
1226 429 1302 492 sunt
1324 429 1512 491 reservatae

334 547 395 612 nisi
410 545 483 632 lege
498 551 668 614 statuatur.
682 549 734 612 Ex
746 549 885 614 adverso
900 570 1024 636 poenae
1035 557 1111 616 sunt
1127 557 1324 630 reservatae,
1337 570 1393 615 seu
1406 571 1512 615 exem·

333 675 407 753 ptae
421 668 463 734 ab
478 670 671 735 inferiorum
688 671 935 756 dispensatione,
959 675 1023 738 nisi
1047 693 1203 758 expresse
1225 674 1426 738 contrarium
1450 671 1513 737 edi·

333 799 436 858 catur.
461 794 696 888 Consequentia
718 799 863 882 practica
886 804 945 882 est,
968 799 1158 865 facultatem
1181 797 1377 866 absoluendi
1399 817 1420 862 a
1439 817 1513 862 cen·
1609 833 1610 838 ι

971 873 1498 906 „..,.--------·-—

332 920 462 1014 suriso
486 921 561 986 iure
584 922 604 987 l.
628 941 654 986 s.
679 924 840 991 contineri
862 924 896 991 in
919 925 1067 1009 generali
1091 923 1241 990 mandato
1271 922 1512 1002 iurisdictionis,

332 1045 462 1110 minime
477 1065 557 1111 vero
573 1047 760 1112 facultatem
784 1049 1008 1134 dispensandi
1030 1071 1051 1114 a
1073 1051 1196 1136 poenis,
1216 1050 1291 1133 quia
1306 1050 1339 1114 in
1362 1047 1512 1113 mandato

333 1170 479 1256 generali
509 1171 643 1238 veniunt
672 1193 713 1238 ea
742 1193 825 1257 quae
855 1181 930 1240 sunt
957 1176 1036 1240 iuris
1068 1176 1246 1240 communis
1274 1194 1332 1239 seu
1363 1173 1512 1244 iustitiae,

332 1315 398 1360 non
421 1299 528 1360 autem
552 1315 635 1378 quae
658 1302 732 1361 sunt
755 1298 890 1382 gratiae,
915 1317 973 1364 sen
996 1297 1182 1364 exorbitant
1204 1318 1224 1362 a
1246 1300 1317 1364 iure
1340 1298 1511 1362 communi.

332 1417 477 1484 Barbosa
500 1421 533 1484 in
557 1439 584 1484 c.
609 1419 732 1504 Nuper
750 1458 766 1470 -
784 1442 818 1487 n.
842 1423 888 1487 11.
909 1423 960 1488 De
981 1428 1064 1488 sent.
1088 1442 1230 1495 mom..
1255 1421 1430 1496 Sbrozzius,
1462 1421 1513 1486 De

335 1545 396 1634 Off.
430 1547 496 1613 Vic.
521 1547 593 1615 Lib.
617 1549 652 1614 2.
678 1569 710 1634 q.
734 1550 812 1616 179.
838 1551 973 1636 lnquam
989 1585 1004 1598 ·
1020 1569 1043 1616 a
1066 1549 1219 1617 cesaris
1240 1567 1265 1613 a
1288 1548 1364 1614 iure
1379 1565 1412 1622 ·;
1436 1566 1511 1610 nam

331 1763 390 1815 sive
403 1777 536 1816 censurae
553 1762 613 1817 sive
632 1767 747 1832 peccata
760 1767 916 1828 reservata3
935 1763 976 1816 ita
988 1762 1093 1816 Concil.
1107 1761 1181 1815 Trid.
1198 1763 1268 1816 Sess.
1284 1761 1319 1814 14
1327 1789 1340 1802 ·
1351 1761 1393 1814 De
1406 1759 1510 1813 Poenit.
1610 1831 1611 1834 Ἴ

332 1885 392 1937 cop.
415 1867 442 1920 7.
455 1869 485 1920 in
495 1869 553 1938 fine
566 1879 592 1922 ct
606 1869 678 1922 Sese.
692 1869 742 1934 24,
753 1888 811 1940 cap.
828 1871 863 1921 12
876 1870 917 1924 De
931 1873 996 1941 ref.)
1006 1869 1030 1922 si
1044 1885 1129 1922 uuam
1143 1867 1188 1922 vel
1199 1868 1319 1922 alterum
1329 1866 1431 1930 demas,
1446 1871 1511 1918 sunt
1610 1859 1611 1878 ¹

330 1975 464 2028 reservati
484 1975 592 2029 ratione
611 1991 744 2030 censurae
757 1995 805 2030 seu
819 1978 854 2030 ob
868 1975 1005 2030 adnexam
1019 1991 1165 2030 censuram
1176 1978 1355 2029 reservatam.
1367 1973 1428 2026 Non
1442 1973 1511 2026 item

330 2081 421 2152 quoad
439 2097 520 2135 cocus
539 2086 695 2136 reservatos
714 2081 876 2148 ordinariis,
886 2083 947 2137 iure
959 2081 1138 2136 dioecesano:
1152 2081 1198 2136 isti
1212 2081 1287 2136 enim
1301 2079 1354 2134 sibi
1368 2095 1512 2134 reservare

330 2189 421 2243 solent
433 2205 512 2242 casus
532 2187 610 2242 nulla
622 2189 731 2242 adiecta
743 2205 868 2244 censura.
877 2219 891 2231 ·
899 2190 1014 2251 Quando
1026 2189 1096 2244 haec
1109 2189 1284 2253 adnectatur,
1300 2188 1459 2258 quaesitum
1469 2191 1512 2240 est

330 2311 468 2364 quaenam
495 2299 569 2350 esset
596 2295 777 2365 principalior
797 2312 834 2349 an
853 2297 1006 2351 reservatio
1025 2313 1042 2350 a
1060 2299 1201 2362 counias,
1222 2294 1267 2349 vel
1293 2312 1310 2347 a
1325 2293 1465 2364 peccetis3
1483 2297 1512 2346 et

331 2403 360 2456 in
379 2405 488 2458 omibus
505 2403 654 2474 papalibus
672 2419 788 2458 concors
804 2408 848 2458 est
861 2403 915 2456 DD.
928 2404 1077 2470 sententia,
1094 2403 1284 2484 principalem*
1297 2420 1357 2458 esse
1376 2418 1511 2457 censurae

331 2509 566 2574 reservationem
586 2507 658 2564 unde
674 2511 800 2580 practica
819 2510 1019 2580 consequentia
1037 2515 1089 2575 est,
1109 2527 1246 2565 excusare
1265 2527 1282 2564 a
1292 2512 1402 2580 peccati
1419 2525 1512 2562 reser-

332 2616 441 2668 vatione
459 2616 630 2686 quidquido
649 2633 768 2670 censura
786 2628 908 2671 enasset.
922 2647 938 2657 -
953 2617 983 2671 ln
1002 2619 1113 2672 casibus
1130 2633 1199 2688 quos
1218 2618 1271 2672 sibi
1298 2621 1442 2671 reservant
1462 2615 1513 2668 Or·

330 2721 440 2789 dinarii,
460 2739 514 2776 non
533 2722 574 2776 ita
592 2727 722 2777 constans
741 2728 784 2778 est
801 2723 929 2778 doctrina
951 2726 1173 2791 canonistarum
1194 2726 1251 2779 imo
1270 2724 1411 2778 sententia
1431 2739 1511 2776 com·

330 2830 441 2884 munior
458 2830 592 2897 affirmat,
611 2835 757 2901 utramque
777 2833 993 2887 reservationem
1013 2849 1074 2888 esse
1093 2849 1182 2903 aeque
1201 2831 1391 2902 principalem,
1413 2847 1513 2900 quarn·

329 2940 424 2993 obrem
445 2942 587 3008 peccatum
608 2938 728 2992 habetur
747 2944 918 2994 reservatum
939 2941 992 2994 etei
1011 2939 1119 2993 adnexa
1137 2955 1254 2994 censura
1267 2955 1321 2993 non
1335 2939 1510 2992 incurratur:

329 3045 376 3099 sed
395 3045 485 3114 magis
503 3044 656 3115 probabilis
674 3049 717 3100 est
735 3047 875 3100 sententia
892 3063 965 3117 quas
978 3047 1008 3101 in
1020 3046 1072 3100 hoc
1091 3050 1231 3116 exaequat
1242 3044 1293 3099 hos
1305 3061 1386 3098 casus
1398 3043 1510 3098 casibus

331 3150 490 3220 papalibus5
508 3151 604 3207 eadem
623 3152 697 3206 enirn
716 3151 794 3207 adest
814 3153 895 3206 ratio.
908 3181 922 3194 ·
937 3153 1040 3208 Verum
1060 3170 1094 3208 ex
1113 3153 1222 3208 diverso
1240 3153 1317 3207 fonte
1343 3153 1510 3220 promanant

330 3263 452 3326 potestas
471 3258 631 3312 absolvendi
650 3264 777 3328 peccata;
799 3263 828 3314 et
846 3260 968 3314 facultas
986 3278 1118 3315 censuras
1145 3258 1318 3314 absolvendi.
1337 3259 1408 3312 Nam
1428 3261 1509 3327 pote·

328 3364 386 3414 stas
404 3361 565 3416 absolvendi
585 3367 699 3431 peccata
717 3361 849 3416 cohaeret
868 3363 957 3417 ordini
977 3364 1159 3431 sacerdotali,·
1177 3365 1225 3419 sed
1245 3380 1299 3417 non
1316 3373 1408 3433 potest
1426 3377 1511 3417 exer·

330 3467 388 3520 reri
404 3467 457 3520 nisi
473 3467 573 3521 dentur
590 3469 693 3522 subditi
711 3468 739 3520 in
758 3484 827 3539 quos
846 3474 1024 3534 exerceatur;
1045 3475 1168 3539 potestas
1187 3485 1254 3524 vero
1266 3485 1399 3523 censuras
1418 3463 1511 3519 absol·
1611 3459 1612 3484 ¹

330 3573 419 3640 vendi,
438 3591 487 3642 per
506 3591 544 3640 se,
563 3573 695 3629 cohaeret
719 3577 852 3644 potestati
877 3576 1093 3646 iurisdictionis;
1114 3581 1145 3631 at
1163 3576 1191 3631 in
1212 3585 1339 3630 σοηονειο
1363 3573 1510 3628 absolvere

329 3681 355 3734 ei
375 3681 508 3750 competit
526 3681 573 3751 qui
586 3697 732 3736 censuram
751 3682 858 3749 intulit,
877 3699 924 3738 seu
945 3683 1053 3752 ligavit,
1070 3701 1087 3736 a
1103 3700 1158 3755 quo
1174 3683 1325 3753 repetenda
1342 3687 1386 3738 est
1404 3687 1433 3738 et
1452 3685 1511 3737 cle·

329 3791 396 3843 ricla
415 3805 526 3859 quoque
550 3789 663 3843 concedi
683 3788 760 3844 valet
784 3807 834 3844 seu
854 3791 888 3844 iis
911 3792 959 3861 qui
985 3793 1100 3846 tonsure
1125 3797 1235 3846 tantum
1264 3791 1391 3862 insigniti
1410 3789 1477 3845 sint.
1497 3819 1511 3830 -

329 3898 469 3950 Censurae
489 3912 538 3965 per
556 3913 586 3949 se
604 3899 732 3966 spectant
749 3897 784 3950 ad
802 3902 899 3969 sorum
918 3909 1081 3968 aeternum
1100 3916 1196 3954 verum
1216 3899 1301 3954 etiam
1324 3898 1511 3954 absolvuntur

329 4003 357 4056 in
371 4006 435 4072 fore
448 4003 564 4070 interno,
578 4019 613 4058 ne
626 4019 722 4057 aarum
740 4004 886 4058 occasione
899 4004 1097 4060 detrimentum
1110 4005 1203 4075 capiat
1218 4005 1294 4059 salus
1311 4005 1478 4059 animarum.
1492 4033 1509 4044 ·

328 4109 418 4170 Quare
435 4109 616 4162 absolvuntur
636 4109 680 4164 vel
699 4109 728 4163 in
748 4114 811 4180 foro
829 4115 1029 4165 sacramentali
1047 4112 1092 4166 vel
1112 4114 1140 4166 in
1159 4116 1225 4184 foro
1245 4113 1446 4175 conscientian
1459 4113 1508 4168 sed

327 4215 396 4269 haec
415 4215 553 4269 absolutio
570 4231 624 4269 non
644 4220 687 4270 est
704 4218 917 4272 sacramentalis
935 4223 965 4273 et
983 4217 1048 4272 data
1066 4219 1094 4272 in
1113 4221 1175 4274 loro
1193 4219 1312 4284 interno,
1331 4235 1381 4288 per
1399 4235 1437 4286 se,
1453 4235 1509 4273 non

328 4321 438 4392 prodest
455 4321 485 4375 in
504 4325 568 4392 foro
587 4333 713 4388 entenic,
732 4323 760 4376 in
779 4339 835 4394 quo
853 4324 992 4379 absolutio
1011 4325 1153 4381 confertur
1171 4327 1223 4380 sub
1242 4327 1326 4381 certis
1344 4325 1509 4382 solemnita-

327 4429 402 4483 tibus
421 4433 450 4483 et
468 4428 579 4498 publice
598 4435 725 4484 constare
744 4430 835 4485 debet
