3266 5102
498 319 543 366 11
566 318 720 366 11111111
744 319 787 366 nr
811 319 932 368 noetus
1242 297 1306 364 169

125 445 358 510 Constitutione
383 449 567 518 revocatas,
592 464 795 531 suppressas,
822 449 854 510 et
877 442 1013 510 abolitas
1037 463 1108 509 esse
1139 443 1302 518 volumus,

123 571 221 649 prout
236 585 351 650 reapse
367 585 568 646 revocamus,
586 566 813 651 supprimimus
830 569 862 630 et
878 564 1060 641 abolemus;
1078 565 1208 629 minime
1224 583 1305 628 vero

126 689 368 776 refragantibus
391 695 446 757 aut
469 690 667 758 obstantibus
697 691 878 778 privilegiis
910 690 1178 777 quibuscumque,
1210 691 1313 756 etiam*

124 813 326 897 specialibus,
363 816 607 902 comprehensis
630 815 685 881 vel
709 837 774 882 non
798 817 832 882 iu
855 795 1001 902 Corpore
1031 817 1121 888 iuris,
1146 817 1309 899 111111-

126 934 248 1000 stolicis
260 934 547 1004 Constitutionibus
570 945 603 1004 et
625 939 738 1023 quavis
763 935 1010 1006 confirmatione
1039 938 1225 1023 Apostolica
1255 936 1309 1002 vel

127 1061 372 1126 immemorabili
395 1063 490 1126 etiam
514 1063 755 1138 consuetudine,
773 1067 829 1128 aut
845 1063 910 1128 alia
933 1082 1134 1148 quacumque
1156 1059 1308 1128 firmitate

128 1183 298 1258 roboratis,
315 1185 506 1269 quibuslibet
521 1188 617 1252 etiam
633 1187 749 1253 formis
765 1207 804 1252 ac
819 1186 986 1252 tenoribus
999 1192 1032 1253 et
1047 1207 1120 1252 cum
1145 1186 1308 1270 quibusvis

128 1312 351 1398 derogaturus,
375 1313 510 1398 aliisque
534 1313 768 1381 efficacioribus
792 1321 825 1380 et
848 1315 986 1380 insolitis
1011 1314 1173 1386 clausulis,
1196 1311 1309 1397 quibus

129 1437 285 1510 omnibus,
302 1445 458 1521 quatenus
473 1460 552 1525 opus
567 1441 618 1512 sit,
631 1439 792 1526 derogare
808 1437 1002 1506 intendimus
1020 1444 1052 1506 et
1068 1438 1260 1524 derogamus
1277 1458 1308 1502 ›.

215 1563 375 1646 Equidem
417 1564 588 1650 privilegia
624 1564 813 1630 absolvendi
852 1584 872 1628 a
909 1564 1086 1630 reservatis
1128 1565 1161 1627 in
1201 1563 1309 1628 Const.

131 1686 250 1752 Bullac
290 1685 429 1762 Ooeuae,
459 1693 492 1754 11
521 1688 561 1753 ab
592 1689 663 1754 aliis
695 1689 804 1774 Papae
828 1691 1004 1754 reservatis
1038 1693 1093 1754 aut
1125 1687 1309 1754 Ordinariis

130 1808 285 1886 locorum,
314 1815 375 1877 etsi
397 1813 468 1878 iure
491 1812 680 1878 dioecesano
713 1815 874 1879 reservati
905 1814 1039 1895 tuerint,
1063 1812 1212 1897 adempta
1235 1817 1308 1878 sunt

131 1935 277 2002 omnibus
291 1957 312 2000 a
335 1937 437 2002 Paulo
452 1939 486 2002 V
501 1938 632 2003 decreto
650 1938 673 2004 7
689 1940 764 2005 lau.
788 1938 883 2004 1617.
910 1941 952 2004 Ε1
976 1957 1072 2022 quum
1097 1957 1201 2023 nuper
1217 1955 1310 2020 quae-

130 2060 221 2124 situm
262 2063 305 2125 sit
341 2080 383 2126 an
420 2059 564 2128 Praelati
596 2063 777 2149 Regulares
810 2069 882 2149 post
916 2061 1025 2130 Goust.
1061 2064 1126 2145 Ap.
1158 2059 1257 2128 Sectis
1278 2062 1311 2126 vi

131 2187 375 2272 privilegiorum
397 2189 519 2272 possint
533 2209 607 2254 suos
631 2189 822 2255 Sacerdotes
845 2188 1014 2254 absolvere
1032 2208 1052 2251 a
1067 2187 1195 2252 casibus
1219 2206 1312 2272 papa·

130 2309 209 2376 libus
232 2313 270 2376 in
293 2311 356 2377 hac
380 2313 488 2378 Consi.
512 2313 704 2400 simpliciter
736 2316 843 2400 Papae
868 2314 1055 2386 reservatis,
1081 2312 1113 2379 S.
1139 2313 1264 2376 Poenit.
1290 2311 1312 2377 5

133 2436 327 2504 Decembris
341 2437 433 2504 1873
448 2439 622 2524 respondit:
642 2440 847 2526 «Nepatiuo,
865 2439 970 2504 saluts
994 2438 1071 2504 aliis
1092 2436 1313 2521 facultatebus

132 2580 218 2644 quae
235 2569 453 2645 promoveam
475 2583 521 2630 em
542 2565 717 2648 rescriptis
725 2562 996 2647 particularibus
1020 2563 1067 2628 ad
1091 2569 1314 2645 1111111111-

134 2685 228 2753 cessis
254 2708 285 2751 ».
311 2687 402 2762 Quae
432 2689 661 2770 particulares
684 2693 715 2754 et
744 2695 985 2772 temporaneae
1022 2689 1247 2752 concessiones
1281 2687 1312 2750 in

134 2810 247 2878 odiosis
271 2831 337 2876 uon
360 2814 495 2877 veniunt
516 2814 646 2878 nomine
661 2813 905 2898 privilegiorum
922 2812 1131 2898 regularium.
1150 2811 1256 2895 Atque
1272 2830 1315 2875 ex

134 2937 292 3022 rescripto
316 2937 351 3002 S.
381 2938 418 3002 U.
442 2939 517 3023 laq.
542 2938 594 3002 22
616 2939 737 3002 Martii
760 2938 843 3002 1881
866 2938 995 3000 nomine
1014 2938 1256 3023 Episcoporum,
1281 2936 1315 3000 in

135 3060 343 3124 concessione
366 3059 453 3125 facta
475 3081 495 3124 a
518 3060 628 3125 Concil
653 3059 740 3124 Trid.
766 3059 854 3126 Sacc.
878 3059 928 3123 24
952 3080 978 3124 c.
998 3059 1030 3122 6.
1048 3056 1176 3140 Deras.
1194 3060 1316 3121 11111-

135 3179 261 3248 firmata
284 3202 304 3247 a
326 3183 436 3251 Const.
468 3185 533 3268 Ap.
558 3185 666 3258 Sedis,
693 3185 827 3249 veniunt
858 3185 953 3248 etiam
988 3182 1131 3247 Praelati
1157 3181 1315 3248 Ordinum

136 3307 212 3392 Reg.
237 3308 296 3373 sed
320 3308 422 3392 quoad
447 3307 588 3374 subditos
615 3329 689 3374 suos
713 3313 745 3373 et
769 3307 873 3392 quoad
898 3327 991 3372 casus
1015 3306 1067 3370 vel
1092 3307 1260 3391 Episcopis
1282 3305 1316 3370 in

136 3429 240 3499 Const.
266 3433 332 3517 Ap.
358 3432 435 3498 Sed.
459 3437 654 3507 reservatos
681 3432 796 3497 velud
820 3434 984 3497 internum
1009 3449 1139 3497 suorum
1157 3429 1316 3496 Ordinum

136 3557 281 3642 regimen
304 3559 522 3642 pertinentes,
547 3559 691 3641 quamvis
717 3559 757 3622 R.
785 3559 822 3623 P.
846 3557 1005 3622 reservati
1038 3558 1119 3638 sint,
1148 3554 1317 3620 dummodo

136 3679 167 3743 in
190 3681 298 3747 const.
323 3684 389 3765 Ap.
414 3681 491 3748 Sea.
516 3702 580 3746 non
605 3683 843 3767 exprimantur.

225 3805 299 3871 113.
325 3806 416 3872 lnter
439 3805 631 3870 solutionem
655 3826 674 3870 a
696 3805 834 3871 vinculis
849 3824 972 3902 poenae
988 3810 1021 3868 11
1032 3803 1212 3894 apeccatis
1240 3821 1319 3867 sane

139 3929 307 3994 intercedit
337 3931 522 3994 necessaria
548 3927 746 4014 differentia,
771 3949 887 4014 nempe
922 3931 1056 4014 peccata
1089 3927 1319 4012 prosolvuntur

140 4018 312 4041 ἐκ-...-
357 4001 536 4022 μ

140 4054 189 4118 111
217 4057 324 4120 omnia
339 4055 384 4142 (l)
410 4057 462 4121 vel
490 4055 596 4132 uulla;
621 4075 744 4142 poenae
768 4075 847 4119 vero
879 4054 1106 4139 dispensantur
1129 4052 1181 4116 vel
1213 4050 1319 4116 absol-

227 4337 268 4408 11)
287 4337 347 4404 Hac
365 4337 400 4393 de
426 4355 510 4392 causa
528 4343 643 4408 peccate
668 4339 850 4394 absolvuntur
884 4339 969 4392 etiam
1001 4339 1151 4402 irrueram,-
1170 4353 1203 4390 ea
1221 4351 1321 4406 nempe

141 4459 209 4513 quae
231 4445 417 4517 quisabsque
435 4461 486 4498 sua
503 4444 585 4515 culpa
605 4445 806 4515 praetermittit
829 4445 873 4500 vel
892 4463 926 4500 cx
942 4443 1084 4498 oblivione
1103 4444 1148 4500 vel
1168 4461 1201 4499 ex
1220 4444 1323 4515 impos·
