3312 5108
783 631 896 698 Garur
921 633 945 696 I.

457 871 503 926 DE
523 873 683 929 RATIONE
709 875 754 929 ΕΤ
779 875 1035 931 FUNonanNTO
1055 873 1275 928 POTESTATIS

609 981 787 1036 POENALIS
813 981 1124 1061 ECCLESIASTICAE.

279 1223 495 1284 summarium.
514 1257 550 1270 -
567 1231 593 1283 7.
614 1231 739 1286 Ecclesia
757 1233 786 1286 in
806 1233 902 1302 paenis
922 1231 1072 1286 inserendis
1090 1247 1145 1286 non
1164 1235 1273 1300 spectat
1292 1229 1326 1282 ad
1344 1228 1454 1284 extrin-

369 1349 461 1391 secam
480 1337 584 1392 ordinis
602 1339 714 1393 socialis
733 1341 974 1404 restaurationem,
987 1338 1034 1394 sed
1053 1339 1082 1392 in
1101 1338 1198 1410 primis
1216 1337 1250 1390 ad
1270 1337 1310 1391 rei
1331 1335 1459 1390 emenda·

370 1446 474 1501 tionem
493 1451 522 1502 et
541 1447 575 1500 ad
594 1453 702 1506 ceteros
720 1465 826 1518 poenae
845 1447 982 1503 salutares
1000 1447 1124 1504 effectus.
1152 1475 1183 1489 -
1207 1445 1232 1500 8.
1258 1443 1402 1506 Quodnam
1421 1441 1458 1496 sit

370 1548 581 1606 tundamentum
600 1553 748 1621 potestatis
769 1551 894 1622 poenalis
918 1551 1061 1606 societatis
1080 1549 1179 1605 civilis.
1199 1577 1233 1592 -
1251 1549 1277 1602 9.
1296 1546 1411 1608 Quando
1430 1551 1459 1600 ct

328 1656 333 1671 ‘
371 1673 457 1728 quare
469 1656 539 1714 haec
558 1657 703 1730 inquisitio
721 1659 852 1714 instituta
868 1660 963 1714 luerit.
984 1687 1018 1700 -
1040 1659 1081 1713 lo.
1100 1659 1130 1712 ln
1143 1656 1220 1712 civili
1232 1657 1368 1710 societate
1381 1669 1459 1723 prae·

281 1765 285 1772 '
371 1765 499 1820 valuerat
517 1767 561 1821 ius
579 1768 696 1837 poenale
715 1768 760 1823 uel
776 1769 930 1822 Romanum
948 1767 994 1824 uel
1013 1767 1216 1831 Germanicum,
1235 1779 1378 1835 quousque
1396 1777 1459 1814 sae·

373 1869 438 1924 culo
451 1869 541 1925 xvlll
560 1871 645 1926 altius
663 1865 868 1927 conclamatum
881 1873 934 1928 ruit
947 1887 997 1942 pro
1009 1875 1164 1943 systemate
1176 1867 1288 1940 poenali
1306 1865 1460 1922 inducendo

373 1975 445 2045 quod
464 1976 607 2046 principiis
620 1977 795 2032 Christianae
814 1979 960 2033 civilitatis
978 1978 1067 2048 magis
1079 1978 1286 2031 informaretur.
1297 2003 1335 2016 -
1350 1973 1388 2026 ll.
1404 1973 1460 2026 Re·

374 2081 459 2135 icitur
477 2089 601 2153 systema
625 2089 655 2138 in
672 2087 783 2141 ratione
800 2088 929 2141 utilitatis
947 2088 1071 2156 apprime
1090 2084 1194 2138 innixo.
1214 2110 1248 2122 -
1271 2081 1310 2134 12.
1337 2081 1461 2150 systema

374 2190 526 2244 iuridicum
550 2191 696 2245 fundatum
713 2193 743 2245 in
763 2194 870 2248 ratione
896 2193 1019 2246 iustitiae
1044 2189 1156 2245 socialis
1180 2189 1318 2244 humanae
1337 2193 1366 2243 et
1390 2187 1461 2240 iam-

297 2361 303 2384 ·
375 2293 481 2364 pridem
499 2311 516 2348 a
534 2295 561 2349 S.
581 2295 745 2352 Doctoribua
764 2296 906 2353 Ecclesiae
924 2297 1037 2366 egregie
1056 2297 1254 2366 praedicatum,
1267 2311 1285 2347 a
1304 2293 1464 2364 Pellegrino

374 2399 457 2454 Rossi
479 2401 622 2471 praeclare
640 2403 806 2472 expositum,
827 2419 877 2473 per
897 2402 1021 2457 scholam
1043 2401 1167 2456 italicam
1190 2415 1358 2470 magnopere
1378 2412 1463 2468 expo·

377 2504 469 2570 litum,
487 2506 569 2561 hodie
587 2507 688 2576 passim
706 2514 858 2578 receptum,
877 2507 1040 2578 explicatur.
1054 2534 1088 2549 -·
1105 2505 1145 2559 13.
1164 2505 1350 2567 Quamobrem
1369 2519 1463 2556 essen·

378 2609 485 2665 tialiter
503 2610 560 2666 alia
579 2618 622 2667 est
647 2613 719 2667 ratio
745 2613 875 2682 puniendi
894 2613 924 2668 in
943 2611 1069 2667 Ecclesia
1093 2625 1165 2682 quae
1190 2609 1310 2664 maxime
1329 2605 1464 2678 perquirit

377 2714 407 2768 in
425 2716 522 2784 poenis
541 2715 691 2772 inserendis
709 2718 861 2771 rsonnullos
873 2719 1015 2774 salutares
1034 2719 1157 2789 effectus,
1170 2715 1315 2770 remittens
1333 2713 1362 2766 in
1379 2711 1464 2764 vitam

379 2823 537 2888 aeternam,
562 2825 714 2892 perfectam
738 2823 843 2878 ordinis
868 2826 1048 2894 perturbatae
1075 2823 1199 2878 iustitiae
1225 2819 1465 2876 restaurationem.

379 2953 414 2968 -
435 2927 476 2980 14.
495 2930 539 2981 An
558 2929 747 2999 indisciplina
765 2931 877 2999 poenali
895 2931 1085 2986 ecclesiastica
1096 2930 1230 2985 delictum
1249 2944 1298 2982 cns
1317 2926 1466 2978 iuridicum

379 3034 515 3104 appellari
534 3035 621 3105 possit
640 3053 672 3092 ea
692 3037 800 3092 ratione
818 3054 882 3108 qna,
895 3039 937 3093 uti
956 3038 1022 3104 tale,
1035 3037 1154 3093 habetur
1167 3037 1196 3092 in
1209 3051 1239 3090 re
1258 3031 1370 3104 poenali
1381 3027 1467 3085 civili·

383 3305 414 3368 7.
438 3307 491 3371 Ex
513 3327 611 3392 supra
633 3308 741 3374 allatis
763 3307 1094 3374 animadversionibus
1117 3313 1230 3392 sponte
1254 3323 1312 3368 sua
1334 3299 1405 3367 fluit
1427 3298 1469 3365 di·

293 3429 431 3496 versitas
446 3451 527 3516 quae
544 3431 715 3498 intercedit
731 3434 872 3499 maxima
888 3445 921 3497 et
936 3431 1115 3497 essentialis
1131 3431 1216 3495 iuter
1233 3432 1375 3513 systema
1398 3441 1470 3508 poc·

295 3557 370 3623 nale
385 3557 551 3624 Ecclesiae
568 3564 600 3624 et
617 3558 825 3644 Reipublicae
842 3558 958 3624 civilis.
974 3593 991 3605 -
1007 3558 1098 3622 Haec
1111 3557 1197 3620 euim
1212 3553 1350 3618 crimina
1361 3567 1466 3634 perse·

294 3683 403 3766 quitur
415 3688 572 3765 quatenus
584 3691 658 3750 suut
670 3683 788 3748 malum
804 3684 837 3747 in
853 3683 1015 3754 societate,
1033 3687 1075 3752 et,
1088 3699 1128 3744 ea
1140 3675 1311 3764 puniendo,
1330 3671 1471 3738 vindicat

253 3799 257 3804 ’
297 3810 369 3873 iura
390 3807 533 3874 eiusdem
562 3810 741 3884 societatis;
766 3809 915 3874 Ecclesia
937 3808 970 3870 in
995 3805 1184 3870 criminosos
1214 3801 1415 3887 potiusquam
1438 3797 1470 3859 in

297 3935 434 4000 crimina
457 3933 692 4003 animadvertit.
706 3935 846 4000 maxime
871 3938 906 3999 ut
928 3952 983 3998 eos
1006 3931 1047 3996 ad
1070 3927 1299 4014 poeniteutiam
1324 3921 1470 3999 adducat,

298 4057 484 4124 scandalum
508 4059 635 4124 auferat
658 4065 691 4124 et
713 4061 893 4124 animarum
909 4057 1206 4143 perniciem‚atque
1229 4051 1262 4116 in
1286 4045 1473 4113 criminibus

300 4187 477 4254 detestatur
507 4185 660 4252 directius
684 4191 716 4250 et
746 4185 956 4271 principalius
984 4201 1048 4248 non
1079 4179 1290 4245 infractiones
1313 4174 1394 4258 legis
1418 4189 1473 4235 scu

300 4311 422 4378 ordinis
445 4312 583 4385 socialis,
599 4311 656 4376 sed
670 4312 828 4376 iacturam
851 4303 1113 4374 sanctificationis
1129 4303 1320 4366 animarum.
1337 4295 1388 4360 Ad
1405 4313 1474 4358 rem

301 4437 495 4502 examussim
519 4437 597 4502 iacit
618 4437 681 4502 hoc
704 4431 884 4500 Tridentini
909 4428 1030 4496 Concil.
1055 4427 1228 4492 Decretum
1251 4422 1285 4484 in
1298 4418 1396 4485 'Sess
1421 4413 1475 4491 13,
