3302 5100
348 273 414 341 608
769 297 879 346 runnx
901 297 1105 346 sruornicus

346 416 414 480 199.
435 421 484 478 An
506 419 678 497 impuberes
701 417 948 496 irregularitates
969 439 1010 481 eae
1030 420 1140 481 delicto
1162 421 1331 484 incurrant.
1366 441 1444 501 pag.
1467 421 1532 482 293

345 523 415 587 200.
436 527 485 586 An
507 529 539 584 et
558 544 711 604 quaenam
732 527 908 605 ignorantia
933 530 1060 588 excuset
1088 528 1127 589 ab
1155 527 1387 606 irregularitate

476 650 517 692 ere
536 631 647 693 delicto
670 679 1384 699 ...............
1425 655 1443 702 »
1468 636 1531 697 294

344 737 415 802 201.
436 741 484 800 An
506 741 538 798 et
557 741 706 817 quomodo
732 741 854 800 dubium
885 745 951 801 sive
972 744 1052 802 iuris
1073 743 1140 802 sive
1160 747 1241 823 facti
1261 747 1388 804 excuset

477 847 516 907 ab
537 847 685 906 eiusmodi
705 847 944 924 irregularitate.
959 881 976 892 -
995 850 1098 916 Quare
1120 869 1161 910 ear
1178 851 1386 930 saelodubio,

475 956 603 1032 excepto
625 952 785 1014 homicidio
806 954 898 1015 dubio
913 957 1013 1034 quoad
1028 959 1195 1032 auctorem,
1211 975 1271 1018 non
1285 957 1386 1018 incur·
1463 935 1467 944 ’

475 1065 564 1126 ratur
584 1059 808 1138 irregularitas.
822 1093 837 1106 ·
859 1062 902 1120 De
925 1063 1153 1140 dispensatione
1169 1063 1209 1124 ad
1223 1063 1387 1127 cautelam.
1428 1081 1448 1126 »
1470 1063 1534 1123 295

346 1164 417 1228 202.
439 1168 488 1227 An
509 1169 574 1244 quis
595 1168 753 1227 incurrere
774 1169 872 1246 possit
891 1167 997 1247 plures
1018 1169 1264 1248 irregularitates
1292 1171 1386 1232 etiam

478 1275 612 1334 eiusdem
632 1275 744 1351 speciei
774 1320 1385 1340 .............
1427 1294 1448 1339 »
1471 1277 1532 1338 298

534 1509 553 1583 ξ
573 1507 602 1568 2.
625 1509 672 1567 De
692 1507 792 1568 modis
814 1509 923 1587 quibas
945 1511 1069 1568 tollitur
1089 1511 1336 1586 irregularitas:

692 1615 859 1692 inprimis
880 1615 918 1674 ola
939 1615 1182 1692 dispensatione.

240 1805 246 1820 “
347 1809 417 1873 203.
437 1813 504 1878 Qua
534 1812 664 1886 ratione,
693 1813 818 1888 praeter
848 1811 1107 1890 dispensationem
1128 1832 1148 1872 a
1176 1813 1215 1876 R.
1237 1811 1384 1872 Pontifloe

480 1935 665 1994 oonoessam,
687 1915 903 1994 irregularitas
924 1920 1084 1978 eontracta
1105 1916 1171 1976 tolli
1193 1915 1300 1978 valeat
1322 1964 1330 1978 .
1370 1935 1449 1996 pay.
1472 1919 1532 1979 300

349 2023 419 2087 204.
440 2027 489 2086 An
510 2026 541 2082 et
561 2024 710 2102 quomodo
731 2024 915 2102 baptismum
936 2023 1028 2084 tollat
1048 2023 1294 2103 irregularitates
1330 2071 1337 2086 .
1379 2070 1387 2087 .
1431 2025 1529 2086 »301

349 2130 419 2194 205.
441 2133 501 2191 Per
511 2150 661 2210 quaenam
672 2133 838 2193 disasteria
850 2133 960 2193 Curiae
971 2136 1003 2192 et
1013 2149 1146 2209 quanam
1158 2129 1257 2192 forma
1268 2133 1388 2209 dispen-

480 2239 615 2298 sationes
636 2239 792 2317 impertire
806 2237 907 2314 soleat
919 2241 1008 2301 Rom.
1024 2239 1175 2302 Pontifex.
1190 2241 1276 2306 Quae
1290 2241 1390 2318 expri-

480 2347 591 2406 menda
611 2347 723 2406 sintin
744 2346 873 2424 supplici
893 2345 996 2406 libello
1026 2391 1386 2410 ........
1430 2366 1448 2407 »
1471 2345 1530 2406 302

351 2453 420 2516 200.
442 2454 485 2512 De
506 2455 659 2531 potestate
680 2471 740 2530 qua
761 2453 878 2530 pollent
900 2453 1042 2530 Episcopi
1057 2453 1088 2513 in
1103 2455 1258 2530 negotium
1272 2453 1390 2532 dispen-

482 2561 609 2619 sationis
627 2605 1387 2623 ................
1430 2559 1529 2621 »304

350 2665 419 2728 207.
441 2667 485 2725 De
506 2665 673 2742 privilegiis
695 2664 896 2742 Regularium
917 2667 948 2724 in
970 2665 1027 2726 hoo
1048 2666 1236 2744 propositum
1278 2712 1286 2727 .
1328 2707 1336 2720 .
1380 2711 1387 2727 .
1430 2665 1528 2728 »307

350 2773 420 2836 208.
442 2773 486 2832 De
507 2773 539 2832 vi
560 2775 591 2830 et
610 2771 788 2831 extensione
809 2789 974 2832 concessae
995 2773 1240 2850 dispensationis.
1283 2819 1290 2834 .
1333 2819 1341 2832 .
1384 2819 1392 2834 .
1434 2791 1453 2834 »
1490 2772 1529 2831 ibi

350 2878 420 2942 209.
442 2883 489 2939 An
512 2879 638 2955 vigeant
657 2881 688 2937 et
708 2878 856 2955 quomodo
870 2877 1019 2938 tollantur
1039 2875 1285 2955 irregularitates
1307 2857 1390 2938 men·

482 2989 559 3046 talea
580 3003 634 3046 seu
656 2985 870 3062 provenientes
885 3003 923 3044 ex
939 2984 1089 3045 nonnullis
1111 2985 1229 3045 delictis
1251 2987 1387 3046 occultis.
1429 3003 1446 3046 »
1470 2984 1529 3044 308

351 3092 421 3158 210.
443 3095 487 3153 De
507 3093 612 3154 ordine
633 3091 843 3170 subsequentis
864 3092 1086 3154 tractactionis.
1129 3139 1136 3154 .
1179 3138 1187 3156 .
1230 3126 1237 3154 .
1280 3139 1288 3154 .
1330 3139 1338 3154 .
1380 3139 1388 3154 .
1428 3089 1529 3151 »309

865 3367 972 3428 Cnrur
995 3367 1017 3428 1.

384 3555 420 3593 DE
440 3553 567 3594 sinodus
587 3551 886 3592 iansuumainarisus
905 3551 941 3590 1111
961 3551 1083 3592 attieno
1102 3551 1220 3608 TANTUM
1240 3547 1494 3590 PROVBNIBNTlBUB.

353 3742 423 3802 211.
443 3743 602 3808 Quaenam
623 3739 869 3818 irregularitates
895 3741 1037 3800 dieantur
1062 3739 1262 3799 communiter
1289 3737 1391 3800 aDD.

486 3847 648 3926 provenire
670 3865 708 3906 ex
730 3847 839 3907 delicto
875 3891 1235 3910 ........
1254 3875 1285 3906 ·.
1329 3889 1337 3906 .
1374 3837 1525 3920 pag..310

353 3955 423 4016 212.
445 3955 488 4016 At
508 3971 546 4013 ei:
568 3955 614 4014 his
636 3954 800 4014 nonnullae
821 3957 876 4014 aut
895 3973 936 4013 em
956 3953 1068 4015 delicto
1083 3969 1144 4012 non
1159 3953 1324 4030 provenire
1340 3953 1393 4011 aut

485 4079 525 4121 aar
545 4061 656 4120 delicto
680 4063 797 4120 tantum
819 4077 878 4119 non
899 4061 1062 4138 provenire
1084 4057 1229 4118 dicendae
1250 4059 1341 4118 eunt.
1383 4101 1391 4116 .
1431 4047 1522 4114 »311
