3202 5104
485 275 531 322 nn
554 274 708 322 oneraris
732 275 775 324 nr
798 273 920 324 rosms
1228 259 1292 325 193

109 400 206 460 taxat
228 399 374 482 apposita
389 403 439 466 est
461 397 611 480 conditio,
628 398 687 464 sub
703 399 925 474 reincidentia,
942 401 1161 466 satisfaciendi
1177 403 1231 466 uni
1248 421 1292 472 ex

107 519 219 588 tribuas
242 521 344 586 modis
365 543 463 608 supra
486 523 660 590 declaratis
683 523 811 608 quando
834 524 992 590 absolutio
1016 525 1090 591 data
1113 532 1162 592 est
1181 546 1201 590 a
1217 546 1293 592 cen-

107 647 194 710 suris
218 647 361 730 speaiati
383 647 484 714 mado
508 649 618 734 Papae
640 651 827 716 reservatis.

198 771 276 836 128.
302 771 465 866 Ceu-„surae
495 793 560 837 non
591 771 803 848 absolvuntur
828 773 992 843 indirecte
1014 775 1114 840 veluti
1138 779 1291 860 pecoata;

107 892 163 959 sed
194 894 324 960 directe
346 894 468 960 absolvi
491 893 625 980 debent„
636 895 791 982 siquidem
815 917 880 962 una
902 896 1026 962 absolvi
1048 901 1163 984 potest.
1187 899 1293 964 altera

106 997 407 1102 perseverantem]
423 1021 519 1084 etiam
536 1019 682 1110 pluribus
697 1019 970 1106 permanentibus.
985 1021 1077 1088 Unde
1092 1023 1119 1088 si
1135 1023 1205 1106 quis
1218 1041 1292 1088 ceu·

108 1161 261 1206 surarum
278 1141 495 1216 obliviscatur,
513 1145 682 1228 quaeritur
696 1163 738 1209 aa
754 1146 817 1210 hae
832 1144 1051 1219 absolvantur,
1069 1145 1195 1229 quando
1210 1146 1290 1210 alte·

109 1265 175 1330 rius
191 1264 249 1330 vel
264 1265 401 1331 aliarum
416 1266 573 1332 absolutio
589 1266 787 1334 conceditur.
806 1269 955 1334 Iamvero
971 1270 1046 1353 quia
1060 1289 1215 1334 censuras
1231 1270 1292 1334 sol·

107 1411 187 1454 vere
203 1390 326 1476 pendet
348 1412 369 1457 a
382 1397 547 1475 potestate
563 1399 595 1459 et
608 1395 782 1461 voluntate
797 1393 1008 1475 absolventis,
1025 1395 1051 1458 si
1068 1395 1128 1460 has
1143 1394 1290 1469 intendit.

107 1515 159 1579 uel
187 1517 222 1580 in
252 1516 395 1588 contuso,
423 1515 602 1591 absolvere,
628 1519 681 1602 qui
704 1517 936 1584 absolutionem
963 1519 1115 1604 impertit,
1139 1517 1292 1584 videntur

108 1643 204 1705 etiam
231 1644 312 1706 istae
335 1641 467 1707 absolvi.
486 1645 524 1708 ln
539 1643 681 1709 formula
703 1648 811 1709 eutem
833 1644 1042 1710 absolutionis
1065 1646 1292 1730 exprimuntur

107 1765 190 1832 haec
214 1767 318 1832 verba
342 1769 451 1855 «Epa
472 1773 503 1834 te
518 1767 653 1836 absoluo
677 1768 717 1833 ab
741 1788 825 1836 auru
849 1787 997 1836 vinonio
1020 1769 1292 1836 accommanica·

109 1891 218 1974 tionis,
243 1893 473 1975 suspensionis
495 1897 528 1959 et
549 1893 751 1960 interdicti...
769 1913 852 1979 quae
874 1894 1015 1959 formula
1037 1896 1116 1960 satis
1139 1895 1292 1980 exprimit

108 2016 311 2084 voluntatem
326 2017 537 2084 absolventis:
554 2017 595 2082 cf.
613 2015 814 2086 D’Anuibale
827 2016 866 2104 (l,
879 2019 968 2104 353).
986 2018 1049 2084 Sed
1065 2019 1292 2086 contradicunt

108 2142 219 2227 plures
244 2143 333 2209 iuter
355 2163 433 2228 quos
463 2144 532 2228 ipse
555 2143 586 2209 S.
604 2142 790 2228 Alphonsus
813 2141 885 2228 (Vl,
901 2143 990 2230 597).
1015 2143 1141 2210 Verum
1165 2119 1291 2209 ratione

108 2259 214 2333 minus
230 2267 399 2352 probabili,
416 2268 491 2352 quia
507 2272 658 2333 asserunt
672 2267 876 2334 absolutioni
890 2270 1059 2354 praevium
1082 2289 1153 2334 esse
1170 2268 1290 2335 debere

107 2389 276 2458 iudicium
292 2389 497 2475 Superioris.
523 2392 603 2456 Nam
626 2411 745 2456 revera
760 2393 794 2456 in
809 2393 922 2478 primis
945 2395 1124 2477 requiritur
1138 2399 1290 2477 potestas

109 2518 141 2581 et
162 2517 324 2582 uoluntas
347 2515 544 2590 absolvendi,
569 2515 654 2582 unde
677 2516 784 2582 valide
806 2516 985 2583 absolvitur
1009 2520 1104 2584 etiam
1123 2523 1289 2598 mortuus,

109 2638 256 2714 imatus,
281 2643 335 2704 aut
359 2644 564 2722 contuentium
588 2659 690 2724 quare
714 2660 756 2705 ex
778 2645 941 2723 potestate
964 2644 1199 2718 eiectantem,
1224 2663 1291 2707 non

109 2779 150 2825 ex
173 2758 299 2828 iudicia
326 2761 521 2828 absolventis
545 2763 709 2847 pensanda
732 2768 781 2829 est
803 2764 854 2827 vis
877 2763 1097 2830 absolutionis
1122 2801 1137 2813 -
1161 2767 1292 2831 Revera

108 2886 239 2951 nonnisi
262 2885 387 2952 directe
409 2885 622 2954 absolvuntur
637 2907 812 2962 censurae;
837 2907 938 2972 quare
957 2889 1150 2973 rescriptum
1170 2887 1292 2954 editum

109 3029 129 3073 a
154 3010 187 3076 S.
218 3007 333 3076 Officio
364 3015 461 3096 atque
490 3012 536 3075 ita
563 3031 754 3096 expressum
778 3011 818 3076 ad
849 3017 1036 3097 sequentem
1060 3013 1290 3096 quaestionem,

110 3154 244 3220 nempe:
271 3143 289 3169 ‘⁶
306 3135 360 3200 Aa
383 3133 548 3202 absolutio
572 3136 655 3201 data
677 3136 716 3200 in
738 3135 872 3202 casibus
893 3135 1147 3222 arqentioribus
1170 3155 1192 3200 a
1215 3155 1292 3201 aen-

109 3262 201 3328 sans
231 3261 334 3327 etiam
364 3280 517 3328 senonas
548 3281 640 3328 uoao
669 3263 703 3328 S.
727 3262 886 3348 Pontifici
911 3263 1103 3335 reservatis,
1127 3261 1166 3326 in
1189 3281 1292 3329 sensu

110 3385 210 3452 Decr.
235 3384 271 3450 S.
297 3385 333 3486 9.
358 3385 619 3468 nemanso,
643 3387 685 3454 sit
708 3406 854 3454 ornnem
876 3389 928 3453 cet
952 3391 1084 3453 tantam
1108 3405 1292 3453 marsnam

113 3545 130 3560 ·
148 3512 188 3577 R.
207 3511 420 3596 Affirmatioe
440 3511 487 3578 ad
507 3512 579 3586 1⁰⁶2,
597 3513 753 3599 neqotioe
768 3512 814 3577 ad
830 3511 891 3574 2111
908 3519 1046 3595 partem
1063 3509 1097 3588 ”;
1115 3513 1162 3590 (S.
1180 3509 1220 3578 Ο.
1237 3511 1293 3577 die

110 3631 153 3695 19
167 3631 257 3716 Aap.
274 3631 360 3696 1891
381 3667 399 3680 -
420 3629 723 3718 senonenses)
749 3667 766 3680 -
792 3632 929 3718 intelligi
944 3634 989 3698 ite
1004 3631 1099 3698 debet
1115 3637 1150 3698 ut
1166 3633 1293 3698 directe

112 3754 263 3820 dicantur
293 3755 417 3820 absolvi
448 3775 573 3840 quoque
603 3762 738 3841 peccata
767 3757 877 3822 taliter
904 3763 1083 3832 reservata,
1112 3757 1151 3822 de
1179 3757 1293 3841 quibus

110 3885 236 3947 tantum
260 3885 366 3966 potest
381 3900 451 3946 esse
466 3883 610 3966 quaestio
634 3881 717 3966 quad
742 3881 974 3947 absolutionem
995 3882 1161 3949 directam
1176 3882 1229 3946 vel
1244 3883 1293 3946 in·

111 4003 288 4072 directam.

204 4128 277 4194 129·
300 4128 585 4238 Quum
607 4129 844 4202 absolutionem
864 4131 947 4196 heac
971 4135 1165 4198 teneantur:

201 4254 232 4340 1)
257 4255 338 4320 Cum
369 4273 508 4320 censura
536 4257 578 4320 sit
607 4256 771 4323 vinculum
804 4257 989 4322 extrinsece
1020 4277 1042 4322 a
1072 4257 1149 4323 iare
1170 4257 1224 4323 vel
1248 4255 1291 4330 aa

113 4378 247 4446 umine
270 4378 445 4455 inductum,
462 4381 568 4465 prouti
592 4386 696 4465 potest
712 4382 781 4465 quis
797 4381 943 4467 pluribus
959 4381 1140 4448 huiusmodi
1155 4381 1293 4449 vinculis

258 4505 319 4558 Sac.
340 4503 424 4574 Lepa.
689 4527 690 4530 ¹
1144 4507 1176 4562 13
