3296 5108
529 325 572 370 ne
596 324 749 370 nsurcrrs
774 323 815 368 ar
839 322 958 369 rearis
1267 304 1329 368 401

246 446 320 512 311.
340 447 384 510 De
408 465 446 510 eo
462 447 516 528 qui
532 447 670 531 seipsum
685 445 813 511 mutilat
828 445 992 530 singulare
1008 443 1053 529 (l)
1071 451 1128 517 est,
1145 463 1192 511 eae
1208 464 1281 511 cart.
1300 447 1332 522 6,

156 571 232 636 ctist.
250 569 308 644 55,
326 576 361 635 ut
383 567 439 634 fiat
461 570 652 654 irregularis
674 571 734 635 etsi
758 568 893 634 membri
911 573 1190 651 partemtantum
1207 576 1334 656 utputa

156 699 281 778 partem
306 693 396 779 digiti
420 691 479 758 sibi
502 693 682 766 adsciderit‚
707 713 822 778 nempe
846 692 886 756 ob
914 693 1086 778 specialem
1111 695 1295 760 saeuitiam.
1315 731 1332 744 -

157 819 240 892 Quia
255 820 318 882 iam
334 817 374 882 ab
390 825 496 885 aetate
507 817 692 904 apostolica,
707 818 852 882 nonnulli
869 818 952 882 male
968 818 1334 904 interpretantesverba

157 940 346 1025 evangelica
364 941 433 1004 ausi
449 945 524 1004 suut
538 939 597 1004 sibi
613 939 729 1004 virilia
749 938 950 1011 abscindere,
968 939 1072 1003 studio
1088 939 1252 1019 castitatis,
1270 943 1332 1004 sta·

156 1069 260 1128 tutum
284 1064 355 1135 fuit,
380 1084 407 1129 c.
425 1083 451 1129 c.
469 1063 502 1134 3.
520 1063 592 1144 4,5
618 1063 670 1130 De
686 1082 778 1146 corp.
803 1063 936 1134 vitiatis,
957 1062 1017 1127 hos
1040 1060 1111 1126 fieri
1135 1063 1335 1148 irregulares

158 1189 303 1271 quamvis
326 1187 474 1252 arbitrati
498 1192 562 1252 sint
585 1207 619 1252 se
643 1187 828 1270 obsequium
852 1194 1020 1271 praestare
1045 1188 1120 1252 Dee.
1140 1223 1156 1234 -
1176 1186 1284 1261 Quare
1300 1188 1334 1251 in

158 1311 231 1375 loro
254 1318 392 1376 externo
416 1331 512 1395 quum
536 1332 599 1376 non
623 1317 848 1396 praesumatur
865 1313 1046 1396 ignorantia
1070 1313 1148 1376 iuris
1171 1317 1238 1375 tam
1260 1331 1334 1397 per·

158 1439 269 1522 speeti,
287 1437 419 1519 quisque
443 1437 550 1501 virilia
575 1436 632 1501 sibi
657 1437 880 1522 amputaverit,
900 1435 1036 1500 babetur
1055 1435 1334 1520 i1·regularis;sed

158 1562 192 1623 iu
215 1560 292 1642 foro
318 1561 449 1626 interno
474 1560 520 1645 (2)
544 1568 678 1625 excusat
709 1560 792 1624 bona
823 1558 901 1624 fides
930 1579 1011 1642 quae
1036 1561 1060 1624 si
1085 1559 1240 1645 probetur
1264 1562 1333 1624 evi-

158 1682 275 1746 denter
306 1685 401 1746 etiam
433 1684 466 1745 in
496 1682 574 1764 foro
606 1689 746 1750 oceano
778 1684 891 1747 eximit
921 1681 961 1746 ab
989 1659 1240 1766 irregularitate.
1266 1682 1334 1746 Imo

159 1808 234 1889 quia
265 1826 406 1871 canones
441 1815 559 1872 carent
589 1807 629 1872 de
659 1827 697 1872 eo
729 1809 780 1890 qui
812 1807 926 1872 virilia
956 1805 1015 1871 sibi
1045 1805 1196 1879 abscidit,
1225 1813 1336 1872 censet

160 1926 359 1992 D’Annibale
392 1937 424 1992 et
452 1929 508 1993 alii
540 1929 603 1994 DD.
628 1929 712 2014 apud
744 1930 774 1996 S.
799 1929 939 2014 Alphea.
965 1927 1032 1992 VII
1056 1927 1245 2013 (389-418),
1270 1948 1334 1994 uon

159 2055 272 2138 vigere
296 2055 579 2139 irregularitatem,
599 2057 624 2119 si
650 2056 816 2120 testiculos
839 2059 961 2120 tantum
982 2054 1041 2119 sibi
1057 2053 1235 2119 absciderit.
1254 2053 1334 2118 Itan

160 2180 187 2242 si
211 2181 280 2262 quis
304 2181 336 2242 in
362 2200 459 2244 causa
483 2179 543 2244 luit
567 2181 711 2263 quamvis
735 2180 913 2250 inhonesta.
940 2185 1073 2264 utputa
1096 2182 1170 2262 quia
1197 2180 1335 2263 turpiter

159 2301 277 2386 agebat
292 2323 363 2368 cum
382 2323 493 2384 uxore,
511 2309 545 2370 ut
560 2306 611 2368 vir
628 2305 657 2368 ei
673 2303 820 2368 adultero
837 2303 950 2368 ‘ciritio
975 2305 1198 2388 amputaverit,
1220 2307 1336 2389 quippe

162 2449 280 2494 revera
303 2429 361 2494 sibi
378 2432 445 2513 ipse
461 2451 524 2494 non
541 2433 727 2515 amputavit,
744 2430 870 2495 videtur
886 2427 1030 2516 effugere
1050 2430 1334 2515 irregularitatem.

162 2553 341 2636 Utcumque
366 2574 419 2618 res
442 2552 537 2618 dubia
561 2561 618 2619 est.

251 2679 326 2744 312.
345 2679 487 2744 Conreos
502 2680 714 2763 principales
731 2678 784 2764 (cf.
803 2701 890 2765 supr.
909 2701 939 2744 n.
957 2681 1337 2762 39)ce1·tumestincu1·-

161 2819 238 2865 rere
261 2801 534 2886 irregularitatem
558 2823 673 2887 nempe
697 2804 923 2884 azaneorum
946 2803 1096 2868 bibentes
1119 2823 1189 2888 arg.
1215 2823 1288 2887 cap.
1313 2803 1337 2868 3

161 2925 204 2991 de
227 2925 383 2991 bonticid.
401 2927 437 2990 in
460 2927 503 3008 6,·
527 2947 642 3011 nempe
659 2946 795 2992 conreos
817 2930 982 3008 socratem
1000 2929 1074 2992 item
1092 2947 1228 2992 conreos
1247 2929 1337 3014 phy-

161 3049 247 3117 sicos
263 3069 320 3114 seu
337 3051 708 3126 executorescriminis3
725 3071 793 3135 arg.
812 3070 839 3118 c.
857 3071 883 3116 c.
901 3051 932 3123 6,
950 3051 1001 3130 18,
1019 3046 1049 3114 li.
1069 3056 1089 3114 t.
1106 3052 1147 3116 X.
1167 3087 1185 3098 ·
1204 3053 1251 3116 De
1265 3070 1337 3116 con-

162 3176 228 3238 reis
252 3174 446 3240 accessoriis
470 3175 544 3258 quia
567 3174 678 3240 nullibi
703 3177 735 3238 in
760 3175 831 3238 iure
854 3175 931 3238 satis
955 3194 1109 3260 expresse
1137 3180 1264 3240 cautum
1290 3179 1338 3238 est

162 3299 240 3362 istos
264 3299 434 3363 incurrere
457 3299 741 3384 irregularitatem,
763 3299 839 3362 hinc
863 3299 1077 3364 adhaeremus
1099 3301 1239 3384 opinioni
1264 3299 1338 3364 Car-

164 3421 279 3486 dinalis
294 3405 493 3487 D'nnoibale
518 3425 561 3488 ita
585 3425 805 3488 ratiocinantis
822 3420 860 3506 (Ι,
880 3423 971 3506 424);
991 3444 1007 3484 o
1027 3425 1070 3488 nt
1086 3430 1201 3488 neutro
1218 3426 1251 3487 in
1267 3423 1338 3488 foro

164 3541 201 3611 fit
223 3545 413 3628 irregularis
438 3545 464 3608 is
488 3545 547 3629 qni
569 3565 639 3610 non
659 3545 832 3628 probibuit
854 3549 999 3630 quamvis
1022 3567 1063 3610 ex
1087 3547 1206 3610 iustitia
1228 3547 1338 3631 probi·

164 3667 243 3733 bere
267 3667 445 3742 debuisset;
470 3689 572 3752 eoque
596 3671 699 3735 minus
715 3671 767 3753 qui
785 3675 900 3734 rutam
924 3670 1049 3736 leubacii.
1073 3669 1217 3734 Dubitari
1234 3673 1338 3755 potest

255 3895 294 3964 (l)
314 3895 447 3966 Equidem
466 3896 489 3948 si
510 3897 571 3966 quis
590 3913 643 3949 nou
663 3896 715 3950 sibi
735 3897 853 3950 sedulii
872 3903 977 3966 partem
998 3897 1114 3951 membri
1128 3895 1271 3949 abscindat
1284 3911 1338 3948 nou

164 4003 197 4056 flt
216 4001 379 4070 irregularis
398 4003 463 4073 quia
482 4003 579 4056 stricte
598 4002 781 4072 intelligenda
801 4008 843 4058 est
862 4004 1001 4057 sententia
1021 4004 1066 4056 cit.
1080 4001 1209 4067 carronis3
1227 4001 1296 4055 adeo
1309 4009 1340 4054 ot

164 4109 211 4180 qui
231 4109 283 4163 sibi
303 4115 429 4178 amputat
447 4111 601 4165 membrum
615 4110 722 4164 aridum
735 4117 764 4165 et
777 4111 884 4178 inutile,
899 4111 985 4166 veluti
1000 4116 1109 4166 sextum
1123 4109 1251 4179 digitum,
1264 4125 1340 4163 cum·

164 4215 282 4287 demque
301 4217 469 4286 superfluum
488 4234 544 4272 non
563 4221 606 4272 est
626 4218 796 4286 irregularis.
817 4217 957 4288 Gaspurri,
976 4219 1037 4272 416.

255 4324 294 4392 (2)
314 4323 342 4377 Si
361 4341 428 4378 rere
446 4325 474 4378 iu
494 4329 557 4396 foro
578 4334 692 4380 externo
712 4325 785 4378 bona
800 4325 867 4379 fides
881 4342 935 4378 non
949 4326 1089 4394 probetur,
1104 4328 1133 4378 et
1146 4323 1340 4392 irregularitas

165 4430 331 4485 decernatur
349 4433 470 4498 incursa,
491 4431 559 4487 haec
578 4432 749 4488 observanda
768 4438 810 4486 est
830 4433 913 4486 etiam
933 4433 961 4484 in
982 4438 1046 4503 foro
1066 4433 1184 4486 interno.

275 4553 335 4606 Suc.
356 4553 433 4624 Lapa
1198 4550 1233 4603 26
