3266 5102
525 303 568 350 os
593 301 746 350 oenicrts
770 301 812 348 nr
836 300 954 347 consus
1288 277 1331 346 73

149 423 317 488 conclusio
341 424 457 508 quoad
475 424 621 507 praetia
645 442 709 488 non
734 423 914 507 estmagni
938 419 1098 507 ponderis,
1116 439 1212 505 quum
1236 419 1332 484 iudici

149 545 377 612 ecclesiastico
393 547 490 613 liceat
502 548 535 612 in
547 566 685 611 conreos
698 547 724 610 si
736 563 800 610 non
814 543 1041 625 ordinariam,
1054 544 1167 610 saltem
1180 550 1333 612 catraor·

147 670 329 736 dinariam
346 691 480 756 poenam
498 672 598 736 ferre.
618 671 665 737 Of.
684 671 800 736 Smalz.
819 671 864 735 a’t.
882 669 935 736 De
953 670 1075 753 poena
1094 672 1116 752 ἓ
1132 669 1175 736 31
1188 691 1255 756 seq.
1274 669 1329 756 (l).

242 792 360 876 Dispici
383 793 477 858 debet
499 813 657 878 quaenam
681 793 798 860 delicta
821 799 1036 858 coerceantur
1056 811 1122 876 per
1140 813 1176 860 se
1191 800 1223 859 et
1239 797 1332 879 quasi

150 916 271 982 delicta
294 920 349 984 sai
370 920 513 1006 pencris.
531 921 697 984 -Porro
721 919 803 984 haec
819 918 936 984 delicta
951 921 996 983 ita
1011 925 1238 1004 nuncupantur
1257 905 1332 1005 quia

58 1095 61 1102 .
149 1039 395 1127 distinguuntur
416 1061 436 1106 a
459 1043 583 1110 delictis
607 1043 838 1128 principalibus
862 1041 976 1126 quibus
999 1043 1190 1108 inserviunt.
1214 1043 1332 1129 Utputa

244 1218 284 1286 (l)
304 1217 428 1273 Celebris
448 1227 490 1272 est
508 1219 580 1288 apud
599 1217 795 1274 criminalistes
814 1218 951 1290 quaestio,
965 1235 1000 1270 an
1020 1219 1115 1273 eadem
1129 1221 1218 1288 poena
1236 1235 1332 1274 omnes

151 1325 305 1394 complices
324 1325 477 1380 mulctandi
496 1327 562 1391 sint,
575 1342 608 1382 eo
627 1327 700 1397 quia,
722 1325 763 1378 uti
784 1323 869 1380 habet
883 1324 1021 1395 Ulpianus
1035 1308 1100 1396 (lea.
1116 1328 1153 1378 15
1171 1327 1199 1398 ff.
1219 1329 1256 1381 ad
1277 1329 1331 1398 lep.

156 1433 240 1486 Comi.
263 1435 300 1487 de
317 1437 447 1502 sicariis).
465 1435 549 1488 «Na
573 1436 686 1488 interest
706 1437 813 1488 occidat
834 1437 909 1504 puts,
931 1451 968 1486 aa
993 1451 1106 1488 causam
1129 1439 1227 1489 martis
1248 1455 1331 1508 prae·

153 1540 216 1594 beat
231 1557 261 1600 »z
281 1539 355 1595 idem
374 1545 455 1596 sonat
473 1541 520 1596 lex
537 1555 554 1596 t(
569 1541 597 1595 Is
616 1544 665 1612 qai
683 1559 779 1612 opem,
798 1543 828 1612 ff.
849 1541 890 1595 De
909 1545 1003 1612 sartis.
1024 1541 1059 1594 Et
1078 1541 1132 1594 DD.
1152 1542 1333 1598 diversimode

155 1645 335 1715 interpretati
355 1652 419 1702 eunt
439 1647 488 1701 has
507 1647 584 1716 leges
604 1653 632 1702 et
653 1647 681 1700 in
699 1647 824 1701 diversas
842 1646 997 1700 sententias
1009 1646 1218 1701 descenderunt.
1232 1647 1334 1702 Schola

155 1747 255 1803 ltaliae
273 1767 362 1821 usque
381 1749 534 1816 abhorruit,
554 1752 594 1804 uti
616 1750 698 1804 docet
711 1749 861 1812 Gandinus,
882 1749 922 1804 De
942 1751 1098 1820 maleficiis,
1111 1751 1146 1804 ab
1161 1750 1333 1805 admittenda

154 1856 252 1912 eadem
273 1858 457 1927 imputatione
476 1858 565 1928 quoad
587 1873 683 1912 omnes
707 1857 871 1926 compliceS,
890 1857 937 1911 sad
963 1857 1091 1910 distinxit
1116 1858 1207 1912 varios
1233 1859 1333 1928 gradus

153 1971 184 2020 et
202 1967 311 2034 species
331 1965 536 2035 complicitatis.
557 1995 571 2007 -
590 1965 691 2020 Schola
710 1964 818 2018 Gallice
837 1967 932 2020 secuta
952 1963 1125 2032 principium,
1142 1963 1171 2015 ia
1189 1981 1222 2019 re
1241 1967 1334 2018 crimi-

154 2071 223 2136 nali,
243 2073 273 2122 in
291 2071 394 2142 primis
412 2081 440 2124 et
458 2083 522 2125 arcte
541 2075 643 2134 omnia,
666 2074 843 2142 propositam
868 2069 1051 2140 delinquendi
1069 2072 1245 2139 pensandam
1265 2088 1335 2138 essa·

155 2178 209 2245 (uti
230 2178 351 2232 uidimus
370 2183 487 2248 egentes
506 2179 538 2234 de
557 2184 660 2234 conatu
679 2179 814 2244 criminis)
833 2179 927 2232 docuit
950 2193 1045 2232 omnes
1066 2177 1215 2248 complicas
1238 2180 1333 2235 eedem

154 2283 343 2352 imputatione
362 2289 391 2338 et
410 2283 475 2338 hinc
495 2285 591 2340 eadem
610 2300 699 2354 poena
718 2283 816 2353 dignos
834 2283 976 2338 habendos
995 2299 1063 2338 esse.
1083 2283 1202 2338 Proinde
1221 2286 1250 2339 in
1268 2285 1333 2340 Cod.

156 2405 236 2458 poen.
256 2389 382 2455 Gallico,
403 2390 492 2444 adhuc
511 2410 535 2443 a.
557 2391 601 2444 59
618 2408 673 2460 seq.
700 2388 752 2442 hoc
776 2390 944 2458 principium
963 2389 1094 2442 sancitur.
1115 2419 1130 2429 ·
1151 2391 1192 2444 Ex
1209 2391 1334 2459 adversa,

155 2494 185 2546 in
204 2491 261 2548 Cod
281 2494 343 2548 ltal.
363 2494 497 2549 hodierno
516 2499 570 2549 art.
588 2494 625 2548 63
643 2493 702 2564 pari
723 2509 812 2564 poena
836 2491 969 2563 plectitur
986 2497 1124 2548 mandans
1142 2505 1169 2548 et
1184 2499 1334 2550 mandata·

155 2605 218 2656 rius
238 2607 267 2655 et
286 2601 315 2654 in
335 2617 438 2670 genere
457 2601 582 2655 criminis
600 2611 699 2654 auctor
717 2599 831 2654 moralis
844 2605 872 2656 et
886 2601 1011 2654 coarctas
1024 2600 1147 2655 criminis
1163 2614 1304 2656 executor.
1318 2633 1333 2643 -

154 2709 197 2760 Cf.
217 2706 351 2772 Cernere,
369 2709 406 2772 ἐξ
425 2707 487 2771 472,
501 2705 561 2760 457.
582 2704 611 2758 ln
627 2706 729 2761 ceteris
749 2703 851 2774 dispari
872 2721 960 2774 poena
979 2705 1168 2773 percelluntur
1186 2707 1335 2778 complices

154 2815 248 2868 habita
268 2816 378 2868 ratione
402 2814 519 2866 aratoris
543 2812 590 2867 vel
614 2813 732 2866 minoris
757 2813 883 2881 influxus
909 2811 1028 2882 efficacis
1047 2812 1076 2866 in
1095 2813 1217 2866 criminis
1236 2831 1336 2870 enecu-

156 2919 272 2972 tionem.
291 2917 357 2970 -ln
376 2918 436 2972 iure
456 2917 536 2972 Rom.
556 2935 610 2971 nou
636 2934 715 2972 secus
735 2933 767 2970 ac
794 2919 822 2971 in
849 2917 917 2971 Can.
935 2917 1127 2972 tantummodo
1146 2919 1175 2973 in
1194 2921 1336 2976 nonnullis

156 3025 334 3095 grauioribus
353 3030 382 3078 et
401 3024 586 3078 atrocioribus
604 3024 768 3078 criminibus
787 3023 897 3094 aequali
924 3040 1013 3092 poena
1033 3025 1161 3080 mulctati
1179 3031 1244 3080 sunt
1263 3028 1335 3082 indi·

157 3131 342 3185 scriminatim
361 3130 486 3184 criminis
505 3139 634 3186 auctores
654 3136 682 3185 et
701 3147 797 3184 omnes
823 3131 987 3200 complicem
1011 3130 1059 3184 sed
1080 3129 1132 3184 hoc
1157 3133 1236 3202 quasi
1255 3150 1337 3188 erce·

153 3239 258 3307 ptionis
278 3240 316 3291 ad
335 3241 427 3290 instar
451 3241 480 3291 et
506 3236 534 3290 in
560 3241 697 3292 maiorem
716 3236 841 3290 criminis
865 3237 1084 3290 detestationem.
1103 3236 1145 3290 Ita
1163 3237 1193 3289 in
1213 3237 1336 3292 l.1.l.4

156 3347 240 3416 prat,
263 3347 283 3398 l.
303 3345 339 3397 10
356 3347 386 3416 ff.
406 3347 443 3399 ad
462 3345 494 3398 L.
516 3344 570 3398 lal.
589 3346 741 3398 maiestatis
755 3348 783 3398 et
797 3344 817 3398 l.
842 3345 862 3397 7
884 3343 948 3398 Cod.
967 3346 1005 3397 ad
1017 3345 1049 3397 L.
1072 3344 1153 3398 Cora.
1173 3347 1208 3400 dc
1226 3347 1337 3400 sicariis

157 3451 340 3506 renunciatur
353 3451 469 3522 quisque
483 3451 578 3520 poeuis
591 3451 736 3516 obnoxius,
756 3455 835 3505 cuias
848 3467 907 3520 ope,
921 3452 1038 3505 consitio
1056 3452 1210 3506 dolomate
1229 3456 1336 3524 factura

158 3572 207 3628 cst,
226 3561 332 3614 crimen
351 3559 516 3630 perpetrari.
539 3559 589 3614 Uti
603 3563 681 3628 patet
693 3558 765 3611 haud
779 3557 907 3612 dissimili
926 3559 1046 3613 formula
1059 3561 1206 3614 verborum
1225 3561 1254 3613 iu
1273 3559 1337 3628 lege

156 3670 293 3725 canonice
312 3664 503 3738 peicelluntur
523 3669 563 3722 rei
582 3668 636 3722 etsi
654 3669 804 3721 accesserit
817 3667 963 3720 criminum
977 3667 1145 3736 graviorum.
1166 3668 1256 3721 Etiam
1275 3668 1337 3722 iure

159 3773 238 3829 Rom.
259 3774 398 3828 habentur
417 3773 535 3827 crimina
554 3773 782 3829 extraordinaria
801 3778 829 3828 et
849 3789 954 3842 poenae
971 3775 1232 3839 extraordinariae‚·
1251 3789 1337 3844 quare

158 3899 193 3937 ex
212 3883 265 3936 hoc
284 3883 371 3940 etiam
389 3883 481 3952 capite
501 3883 582 3936 istius
600 3886 725 3952 systema
743 3881 850 3936 accedit
868 3881 903 3934 ad
922 3881 1033 3950 regulae
1059 3881 1127 3935 iuris
1152 3897 1230 3950 poen.
1250 3879 1339 3936 eccle·

159 3988 274 4041 siastici.
288 4015 323 4073 7-
338 3987 367 4041 ln
381 3987 553 4057 propositum
567 3986 675 4041 utiliter
688 3987 721 4040 cs.
737 3985 862 4050 Cocceio
880 3985 1103 4040 Exercitationes
1116 3987 1252 4050 curiosae,
1272 3986 1301 4038 V.
1315 3987 1336 4038 2

157 4095 285 4148 dimac.
296 4096 339 4148 De
352 4095 425 4148 socia
439 4095 565 4147 criminis
582 4122 597 4132 -
614 4093 717 4157 Besier,
736 4093 777 4147 De
794 4094 876 4146 sociis
894 4093 1083 4162 delinquendi,
1102 4091 1230 4158 Utrecht,
1247 4091 1336 4143 1852.

160 4202 265 4268 Laden,
286 4204 329 4257 De
347 4205 421 4258 socio
440 4203 538 4258 delicti
555 4203 685 4273 pancrati
703 4213 729 4256 ct
748 4202 872 4271 speciali.
893 4201 1088 4256 Ienae1845.
1108 4201 1205 4266 Cassa,
1226 4203 1267 4254 De
1289 4217 1339 4252 aa·

161 4315 283 4366 ctortaas
304 4313 476 4366 delictorum
503 4311 666 4380 psycotopis
685 4307 1118 4376 -Hauniee-1835·Foursac‚
1144 4309 1186 4363 De
1212 4309 1240 4361 la
1267 4325 1339 4360 conz-

159 4421 257 4489 plicita'
270 4450 285 4460 -
299 4419 439 4474 Toulouse
460 4417 537 4472 1875.
