3302 5100
294 270 360 338 586
750 292 956 342 iniecerint
978 293 1014 342 v.

353 553 639 594 excommunicandum
658 553 705 602 Qut
725 553 891 602 uouemus
909 555 1013 595 eniens
1032 553 1253 595 Pnoeosfflones
1271 553 1409 594 noceam.

365 734 436 790 Sese.
459 735 490 790 13
509 753 543 792 ex
562 751 622 790 cen.
646 736 672 789 ll
695 735 728 790 de
747 735 865 790 Ructat.
884 736 960 792 «Ne
980 745 1087 790 tantum
1113 737 1325 792 Sacramentum
1342 733 1469 805 (Eucha-

293 841 400 912 ristiae)
419 845 533 913 tradique
557 853 639 914 atque
658 845 720 898 ideo
740 847 768 898 in
787 853 905 898 mortem
924 854 951 900 et
970 845 1228 900 condemnationem
1251 853 1387 907 tumtur,
1407 853 1469 896 eta-

292 954 345 1006 tuit
361 961 443 1020 atque
465 952 593 1008 declarat
617 954 679 1022 ipsa
704 953 806 1006 Sancto
831 951 968 1020 Synodue,
988 951 1057 1018 illis,
1077 968 1147 1022 quoe
1171 951 1339 1006 commentia
1360 953 1472 1020 peccati

292 1060 421 1112 mortuiis
448 1069 557 1130 procat,
581 1069 834 1130 quantamcumque
859 1060 941 1112 etiam
968 1075 998 1114 ee
1026 1059 1160 1115 contritos
1185 1061 1352 1124 existiment,
1375 1059 1471 1112 hatita

292 1167 371 1235 copia
390 1167 566 1237 confessoris,
584 1168 742 1222 necessario
757 1168 994 1238 praemittendam
1011 1183 1072 1221 ease
1087 1166 1297 1238 Confeeeimem
1308 1181 1472 1220 sacramen·

291 1271 385 1325 talem.
405 1272 436 1326 Si
453 1274 514 1342 quis
532 1282 626 1327 autem
645 1276 819 1326 contrarium
831 1275 942 1336 docere,
949 1275 1121 1342 praedicare
1134 1273 1181 1327 oel
1193 1273 1378 1342 pertinaciter
1389 1287 1469 1324 atse-

290 1395 366 1444 rere,
378 1396 428 1434 seu
441 1383 525 1434 etiam
534 1381 648 1451 publice
660 1382 827 1452 disputando
840 1383 997 1451 defendere
1007 1382 1222 1451 praesumserit,
1235 1397 1268 1434 eo
1281 1381 1341 1450 ipso
1352 1395 1470 1434 excom-

291 1490 449 1542 municatus
468 1492 605 1544 existat».

363 1595 433 1648 Sese.
453 1595 487 1648 nt
506 1612 541 1650 ex
559 1611 618 1665 cap.
640 1595 651 1652 l
674 1595 707 1651 de
727 1595 788 1650 nef.
807 1599 888 1650 matr.
907 1597 1130 1651 «Dubitandum
1149 1612 1205 1650 non
1224 1605 1273 1660 eet,
1293 1595 1471 1648 clandestina

290 1703 478 1767 matrimonia,
498 1703 586 1756 libero
606 1703 828 1756 contrahentium
847 1717 984 1756 consensu
997 1704 1084 1773 facta,
1097 1711 1162 1755 rota
1177 1710 1205 1755 et
1216 1715 1286 1755 uera
1300 1717 1359 1755 esse
1371 1701 1473 1754 matri·

289 1811 391 1872 monia,
410 1809 544 1879 quamdiu
567 1809 695 1863 Ecclesia
714 1825 747 1862 en
766 1809 848 1863 irrita
867 1825 923 1862 non
941 1809 1016 1878 fecit,
1036 1818 1063 1862 et
1080 1810 1202 1879 proinde
1228 1809 1291 1862 iure
1316 1806 1472 1860 damnandi

289 1922 353 1968 curet
372 1915 426 1978 itti,
445 1925 475 1968 ut
494 1931 540 1968 eos
560 1915 661 1968 Sancta
681 1915 809 1982 Synodm
827 1915 1001 1969 atmthemate
1020 1914 1145 1977 damnat,
1158 1914 1206 1984 qui
1225 1930 1258 1967 eo
1276 1929 1346 1968 uere
1358 1929 1393 1966 ac
1406 1922 1470 1966 rata

290 2037 350 2074 esee
367 2032 479 2094 nepam,
497 2024 598 2092 quique
616 2022 691 2091 folco
709 2019 859 2092 affirmant,
878 2022 1058 2076 niatrimonia
1069 2039 1087 2074 a
1100 2020 1169 2088 tiliis
1186 2020 1315 2092 familiae
1329 2024 1390 2073 sine
1403 2036 1470 2073 con-

288 2144 372 2184 sensu
383 2141 533 2200 parentum
546 2139 688 2185 contracta
701 2130 782 2182 irrita
801 2144 871 2195 etse,
890 2140 917 2183 et
934 2139 1067 2200 parentet
1086 2147 1120 2183 ea
1138 2137 1202 2182 rata
1213 2129 1261 2183 uel
1275 2129 1359 2182 irrito
1372 2131 1472 2200 facere

287 2253 373 2308 poste
387 2251 414 2292 tt.

361 2560 422 2615 Hae
440 2571 504 2614 sunt
522 2561 821 2614 excommunicationes
839 2575 909 2630 quoa
927 2561 1065 2629 indixisse
1090 2559 1287 2614 Tridentinum
1310 2558 1470 2613 Concilium

287 2670 454 2736 reperimus.
476 2665 608 2736 Sequitur
625 2666 707 2718 modo
729 2661 808 2719 snitu
821 2665 933 2718 Domini
950 2665 1051 2719 Nostri
1071 2663 1243 2730 Constitutio,
1256 2682 1340 2735 quom
1353 2667 1470 2730 referre

288 2775 498 2843 assumpsimus.

364 2997 570 3039 suenansmnns
588 2997 681 3038 innan
700 2997 883 3038 sennennnn
903 2998 1001 3038 sunno
1019 2997 1162 3038 nonmmoi
1182 2997 1384 3038 assueverat.

376 3198 397 3252 1.
416 3197 629 3267 Suspensionem
653 3197 713 3266 ipso
737 3198 813 3251 iacto
834 3197 980 3252 incurrunt
999 3214 1016 3250 a
1034 3213 1147 3252 suorum
1172 3196 1378 3252 Beneficiorum
1403 3213 1470 3267 pen-

286 3307 414 3378 ceptione
433 3306 467 3360 ad
483 3303 690 3373 beneplacitum
709 3302 736 3357 S.
756 3303 834 3359 Sedis
854 3303 987 3373 capitula
1005 3309 1035 3360 et
1053 3304 1215 3360 Conventus
1234 3303 1425 3360 Ecclesiarum
1440 3311 1471 3359 et

286 3413 520 3468 Monasteriornrn
545 3411 649 3481 aliique
674 3426 779 3475 omnen,
805 3411 853 3481 qui
877 3411 911 3464 ad
938 3410 1050 3466 illarum
1076 3429 1124 3466 eeu
1149 3410 1263 3466 illorum
1288 3411 1415 3482 regimen
1441 3415 1471 3466 et

285 3521 555 3576 administrationem
565 3517 704 3588 recipiunt
717 3517 869 3586 Episcopos
878 3515 988 3572 aliosve
1003 3516 1148 3572 Praelatos
1161 3517 1195 3572 de
1209 3517 1360 3587 praedictis
1373 3517 1470 3572 Eccle-

287 3628 336 3682 eiie
354 3644 402 3682 een
421 3624 599 3680 Monasteriie
617 3622 691 3693 apud
708 3623 824 3678 eandem
844 3621 870 3676 S.
890 3621 990 3677 eedem
1008 3623 1107 3693 quovis
1126 3622 1208 3677 modo
1230 3623 1366 3693 provisos,
1385 3627 1472 3678 ante-

285 3750 369 3805 quam
387 3733 441 3802 ipei
459 3731 637 3786 exhibuerint
656 3729 779 3784 Litteras
797 3727 969 3798 apostolicae
988 3728 1021 3783 de
1041 3745 1092 3782 sna
1110 3729 1295 3799 promotione.
1352 3801 1354 3804 Α

375 3839 408 3893 11.
436 3838 650 3908 Suspensionem
679 3851 728 3905 per
755 3835 907 3906 triennium
934 3853 952 3889 a
979 3834 1130 3890 collatione
1158 3834 1294 3889 Ordinem
1322 3836 1383 3905 ipao
1408 3835 1470 3890 iure

284 3945 432 3999 incurrunt
450 3941 572 4012 aliquem
590 3939 752 3994 ordinantes
771 3941 878 4010 absque
896 3938 982 3994 titulo
1002 3939 1144 4004 Beneficii,
1163 3939 1210 3994 vel
1229 3939 1391 4009 patrimonii
1406 3956 1471 3994 cnm

284 4055 367 4120 pacto
386 4053 417 4102 ut
435 4047 580 4102 ordinatae
600 4061 654 4100 non
675 4048 755 4115 petet
773 4046 807 4099 ab
826 4045 896 4116 ipsis
914 4045 1061 4101 alimenta.

373 4151 420 4206 111.
439 4151 653 4220 Suspenstonem
673 4165 722 4220 per
734 4166 838 4204 annum
858 4151 893 4205 ab
912 4149 1047 4205 Ordinem
1059 4149 1306 4206 administratione
1324 4150 1386 4220 ipso
1401 4150 1468 4205 iure

284 4257 433 4310 incurrunt
459 4254 622 4309 ordinantes
649 4253 773 4310 alienum
803 4255 944 4310 subditum
968 4255 1054 4310 etiam
1080 4255 1131 4310 snb
1156 4257 1307 4327 praetextu
1333 4255 1470 4310 Beneficii

285 4361 380 4416 atatim
399 4360 566 4427 conterendi,
586 4363 635 4414 eut
653 4359 709 4413 iam
734 4360 840 4428 collati,
860 4360 908 4417 sed
933 4361 1049 4416 minime
1074 4360 1248 4426 sufficientia,
1273 4363 1383 4432 absque
1408 4360 1472 4415 eiua
