3306 5102
542 337 585 381 oa
608 335 763 382 samoris
788 335 828 380 rr
854 332 971 380 ronnrs
1280 313 1346 380 353

168 461 316 545 infamia
329 460 414 544 facti
426 481 507 546 quaa
523 460 598 526 inde
610 462 758 527 aufertur
771 480 830 545 per
842 461 1099 542 conversionem,
1112 460 1345 526 absolutionem

169 591 202 650 et
223 585 383 670 publicam
407 603 557 650 errorum
581 571 854 649 retractationem.
881 583 987 648 Porro
1011 584 1094 648 ratio
1117 581 1156 647 ob
1180 603 1275 667 quam
1298 583 1345 648 illi

168 731 355 795 persuasura
372 715 430 782 est,
447 709 627 776 huiusmodi
644 710 918 796 irregularitatem
935 728 1000 772 uon
1016 709 1097 773 oriri
1119 720 1165 772 ee
1187 706 1344 790 infamio,

168 841 217 904 est
241 835 352 902 eadem
375 836 625 922 irregularitatis
645 835 817 919 antiquitas
832 853 914 919 pene
936 834 1131 917 apostolica.
1150 835 1239 899 Tunc
1256 855 1344 906 vero,

167 957 308 1028 advertit
332 965 464 1033 Auctor.
490 981 555 1026 non
579 960 711 1047 vigebat
735 961 959 1046 irregularitas
982 979 1026 1026 ecc
1048 959 1196 1042 infamia
1220 960 1276 1046 (l).
1418 927 1424 943 ⁸

256 1086 332 1152 264.
359 1087 480 1152 Varum
497 1087 530 1152 in
549 1089 620 1153 iure
644 1088 745 1174 magis
762 1086 889 1151 videtur
912 1085 1046 1152 fundata
1068 1088 1227 1153 sententia
1244 1084 1345 1152 ll'An-

169 1211 275 1276 nibale
298 1216 331 1277 et
354 1212 438 1277 hanc
461 1232 587 1296 sequor.
606 1249 621 1260 -
643 1213 723 1278 Nam
747 1211 938 1277 documenta
960 1210 1059 1276 allata
1080 1231 1101 1276 a
1124 1212 1164 1275 cl.
1189 1212 1344 1297 Gasparri

169 1336 306 1422 probant
322 1338 596 1423 irregularitatem
613 1358 656 1402 ex
672 1338 811 1408 haeresi,
824 1336 879 1402 sed
892 1336 1068 1402 nullimode
1084 1339 1245 1410 evincunt,
1260 1337 1345 1403 hanc

167 1465 343 1548 provenire
365 1484 407 1528 ex
430 1464 504 1548 ipso
527 1465 659 1545 delicto,
683 1484 748 1528 non
772 1483 817 1530 eac
841 1463 997 1546 infamia.
1023 1464 1075 1528 Ex
1097 1463 1235 1528 adverso
1258 1465 1345 1529 infra

166 1591 367 1673 explicantes
390 1608 548 1672 quaenam
564 1608 722 1675 personae
746 1588 941 1654 contrahant
957 1588 1042 1654 hauc
1058 1588 1344 1674 irregularitatem,

166 1722 275 1780 textus
297 1714 493 1780 adducemus
517 1713 630 1797 quibus
646 1714 685 1779 de
702 1715 943 1800 irregularitate
959 1732 1004 1779 em
1020 1712 1167 1796 infamio
1183 1717 1216 1778 in
1232 1712 1344 1780 haere·

166 1842 247 1904 ticos
270 1839 355 1905 edita
378 1859 532 1924 expresse
555 1844 699 1905 cavetur.

257 1966 390 2031 Demum
402 1967 477 2049 quia
492 1965 532 2029 cl.
546 1966 701 2070 Gasparri
715 1965 865 2049 opinatur
877 1962 1056 2028 huiusmodi
1071 1964 1344 2049 irregularitatem

167 2093 338 2156 incurrere
368 2091 535 2156 dumtaxat
565 2090 748 2156 haereticos
779 2089 922 2156 addictos
954 2095 1061 2156 sectae
1085 2088 1263 2161 damnatae,
1291 2090 1342 2154 rel
1418 2123 1420 2126 v

166 2217 348 2282 haereticos
363 2215 578 2300 personaliter
602 2235 660 2300 per
683 2215 874 2281 sententiam
891 2214 1066 2306 damnatos,
1084 2216 1175 2280 istam
1192 2234 1272 2278 vero
1296 2217 1343 2280 ef-

166 2341 281 2426 fugere
304 2341 487 2405 haereticos
506 2339 661 2423 publices
677 2339 732 2404 sed
748 2359 813 2402 non
829 2339 1009 2406 damnatos
1025 2338 1199 2411 sententia,
1216 2337 1344 2405 videtur

165 2465 335 2530 admittere
351 2465 503 2550 implicite
516 2465 789 2549 irregularitatem
804 2464 925 2528 incurri
942 2480 986 2528 ex
1001 2463 1215 2538 damnatione,
1229 2484 1344 2549 nempe

165 2609 208 2657 ex
232 2593 392 2657 sententia
415 2591 536 2672 iudicis,
553 2589 700 2675 generali
723 2591 884 2656 sententia
903 2589 1084 2654 damnantis
1104 2590 1272 2673 quamdam
1296 2613 1343 2657 se·

165 2723 249 2782 ctam
274 2718 512 2782 haereticorum
537 2715 589 2780 vel
617 2715 827 2800 peculiariter
857 2715 1053 2800 singularem
1085 2715 1247 2782 hominem
1271 2736 1345 2779 con-

165 2843 355 2908 demnantis.
374 2841 436 2906 Sed
460 2840 685 2925 irregularitas
701 2860 782 2923 quae
799 2840 1003 2906 contrahitur
1025 2861 1067 2904 ex
1091 2842 1251 2908 sententia
1270 2860 1343 2906 con·

165 2968 378 3032 damnationis
402 2987 465 3032 non
490 2971 593 3052 potest
616 2937 687 3030 esse
703 2966 765 3030 nisi
781 2966 1007 3051 irregularitas
1022 2985 1067 3031 eac
1085 2965 1242 3048 infamia,
1261 2986 1343 3049 quae

165 3093 372 3175 consequitur
403 3093 505 3175 ipsum
538 3091 662 3154 crimen
690 3089 884 3155 iudicialiter
911 3089 1138 3156 denunciatum
1166 3092 1218 3155 vel
1242 3092 1342 3177 ipsam

164 3235 309 3302 poenam.
329 3217 409 3284 Nam
433 3217 659 3301 irregularitas
681 3214 746 3296 fer.
761 3221 844 3280 sent.
863 3234 926 3279 non
947 3215 1148 3301 intelligitur,
1166 3220 1200 3284 at
1215 3237 1343 3302 semper

164 3344 345 3410 incurritur
367 3341 441 3425 ipso
466 3341 568 3424 focio,
601 3340 641 3406 ad
668 3343 773 3407 instar
798 3341 1139 3424 quasi-inhabilitatis,
1171 3343 1217 3409 uti
1250 3341 1343 3407 docet

164 3468 233 3551 ipse
256 3467 296 3531 cl.
322 3468 478 3551 Gasparri
502 3487 533 3530 n.
563 3466 624 3531 164
648 3462 706 3552 (2).

253 3731 294 3801 (l)
312 3731 364 3785 Sed
385 3730 454 3786 haec
473 3731 589 3785 assertio
608 3747 662 3784 non
682 3730 792 3785 videtur
810 3731 966 3786 omnimode
979 3733 1092 3787 veritati
1105 3732 1264 3799 cohaerere,
1277 3735 1343 3804 quia

164 3855 248 3908 supra
267 3838 385 3892 vidimus
403 3837 567 3907 Apostolum
586 3837 704 3891 Paulum
724 3837 902 3906 expostulare
922 3853 970 3907 pro
996 3839 1129 3893 ministris
1147 3839 1252 3908 altaris,
1273 3841 1341 3895 lide-

163 3945 233 4000 lium
259 3947 360 4000 bonum
385 3947 571 3999 testimonium
593 3944 663 3999 adeo
682 3948 713 3997 ut
730 3950 823 3999 essent
842 3947 1113 4015 irreprehensibiles,
1133 3963 1231 4017 nempe
1257 3949 1341 4002 etiam

163 4049 253 4121 quoad
270 4051 414 4120 publicam
426 4054 541 4121 samam.
555 4050 706 4106 Praeterea
718 4050 860 4105 Ecclesiae
879 4051 1027 4120 disciplina
1045 4053 1074 4106 in
1093 4052 1249 4107 haereticos
1262 4055 1342 4110 modo

163 4157 319 4225 benignior,
347 4156 429 4211 modo
456 4157 578 4211 severior
603 4155 700 4210 habita
727 4161 777 4210 est.
806 4157 846 4210 Cf.
872 4155 1092 4226 Thomassinum,
1118 4159 1148 4212 P.
1175 4158 1215 4224 ΙΙ,
1244 4160 1291 4213 lib.
1318 4161 1340 4227 1,

162 4279 223 4331 cap.
245 4263 286 4314 62
304 4279 344 4332 sq.

253 4371 292 4437 (2)
312 4369 384 4422 Sane
396 4370 419 4423 si
433 4369 604 4436 admittatur,
619 4368 855 4438 irregularitatem
869 4370 1014 4439 provenire
1034 4387 1068 4424 ex
1086 4375 1145 4441 ipsa
1159 4373 1262 4425 delicto
1277 4370 1341 4427 hae·

163 4477 241 4543 rasis,
260 4477 329 4530 satis
349 4494 404 4531 nou
422 4478 552 4532 videntur
571 4477 681 4548 probari
707 4478 886 4533 limitationes
904 4495 921 4532 a
939 4479 1069 4548 Gasparri
1095 4479 1253 4549 appositam
1273 4479 1338 4550 quin

272 4584 332 4639 Suc.
352 4585 430 4656 Leqa
1161 4586 1196 4639 23
1264 4623 1266 4630 ,
