3312 5108
309 279 353 343 02
850 299 933 345 rans
959 299 980 344 1.

307 422 384 486 tiam
402 439 545 506 gravem,
559 423 617 486 etsi
630 440 649 484 a
665 427 797 506 peccato
814 423 941 486 mortali
954 442 1017 486 non
1032 423 1213 502 immunem,
1227 423 1253 486 si
1270 423 1330 486 ista
1347 426 1490 486 caterae

308 565 364 608 seu
389 544 545 611 obtectice
564 545 651 607 illam
671 545 864 628 gravitatem
884 564 948 608 non
967 546 1097 630 attingit
1116 565 1197 628 quae
1219 546 1330 630 poenis
1350 543 1489 628 percelli

308 667 389 732 solet
424 687 568 752 quaeque
603 670 708 753 puniri
741 675 885 754 praestat
915 671 948 734 in
980 670 1052 734 foro
1087 673 1242 743 exterum
1268 674 1300 734 et
1331 669 1413 734 haec
1439 674 1492 734 est

307 809 425 856 masso
448 796 480 855 et
501 791 636 874 supino.
656 793 808 857 Pontifex
831 793 913 858 haec
936 791 1091 857 edicendo
1114 791 1237 857 adaesit
1262 793 1383 876 regulis
1408 793 1491 855 iuris

309 936 389 980 rom.
406 937 448 980 ex
465 919 485 980 l.
503 918 535 981 6.
550 920 586 1001 ff.
604 919 653 983 Dc
667 919 733 982 iar.
751 923 783 983 et
796 918 875 1000 fact.
895 919 1077 1004 ipsoram„
1094 919 1251 984 scilicet«
1270 917 1342 983 Nec
1361 919 1492 1000 supina

306 1039 503 1124 tqaoraatia
515 1039 660 1122 ferendo
677 1045 755 1105 est...
768 1060 830 1106 occ
841 1042 1043 1124 scrupuloso
1059 1039 1257 1124 iptcoroatio
1271 1039 1443 1125 cmqeado
1458 1061 1489 1104 s.

309 1157 403 1226 Hanc
426 1163 572 1246 regulam
589 1167 717 1227 secutus
741 1162 839 1226 iudex
863 1162 1101 1226 ecclesiasticus
1124 1163 1223 1225 evitat
1247 1160 1394 1245 scopulos
1411 1160 1491 1225 hinc

307 1286 382 1352 inde
405 1307 506 1370 aeque
529 1287 732 1360 devitandos;
758 1288 909 1350 nimirum
924 1285 1048 1352 sinendi
1065 1287 1253 1370 impunitam
1270 1287 1489 1371 ignorantiam

308 1413 454 1498 graviter
477 1417 509 1476 et
536 1411 707 1477 evidentur
731 1411 940 1496 culpabilem3
966 1431 1027 1476 nec
1043 1431 1108 1475 non
1124 1410 1257 1476 arcendi
1275 1408 1422 1474 fidelesa
1444 1411 1491 1476 la-

233 1573 239 1586 ·
308 1537 397 1617 queis
420 1553 613 1619 poenarum,
639 1536 899 1620 quotiescumque
923 1554 1046 1620 poenae
1077 1533 1312 1618 impositionem
1340 1533 1490 1618 praecise

308 1677 373 1722 uon
397 1659 580 1743 expostulat
603 1659 682 1723 ordo
708 1660 846 1725 socialis.

397 1781 490 1846 Hanc
515 1783 599 1846 viam
624 1783 725 1866 magis
749 1783 948 1846 conformem
978 1782 1172 1846 ordinationi
1196 1787 1356 1845 externae
1383 1781 1490 1845 socie-

307 1903 381 1971 tatis
406 1907 467 1970 iam
492 1907 575 1971 inire
599 1907 704 1990 coepit
728 1906 906 1990 Gregorius
933 1907 998 1970 Vll
1023 1925 1082 1970 sua
1105 1904 1213 1972 Const.
1242 1925 1260 1965 a
1281 1903 1486 1976 Quantam»

308 2027 345 2090 ia
383 2046 457 2092 con.
488 2025 566 2098 103,
598 2047 689 2092 cacas.
723 2027 767 2108 11,
793 2046 824 2111 q.
857 2025 881 2091 3
912 2026 995 2090 unde
1018 2026 1198 2091 consultum
1232 2025 1303 2099 fuit,
1328 2027 1491 2090 minorem

308 2152 673 2216 excommunicationem
707 2170 772 2214 non
807 2153 979 2215 incurrere
1010 2151 1071 2214 nisi
1102 2151 1155 2234 qui
1186 2148 1260 2214 dolo
1296 2147 1380 2212 malo
1413 2168 1490 2212 oum

308 2278 594 2342 excommunicatis
621 2278 923 2350 communicassent;
953 2296 970 2338 a
1002 2275 1178 2349 Quoniam,
1211 2277 1256 2340 ait
1288 2275 1489 2360 (Pontifex),

308 2403 457 2468 multos...
482 2423 540 2486 pro
572 2421 669 2466 causa
699 2402 1041 2466 excommunicationis
1070 2403 1179 2485 perire
1210 2400 1354 2484 quotidie
1378 2403 1491 2466 cerni-

308 2549 387 2600 mus,
413 2528 527 2612 partim
551 2528 757 2614 querenda.
786 2529 903 2612 partim
932 2527 1040 2592 nimio
1069 2526 1321 2608 siinpttcttote...
1353 2525 1492 2590 anathe-

307 2653 400 2718 matis
413 2654 636 2717 sententIam...
647 2659 863 2738 temperamus
877 2675 894 2716 »
910 2651 966 2738 (l).
980 2651 1196 2726 Quamobrem
1205 2650 1392 2715 Bonifacius
1402 2651 1489 2714 VIII

307 2776 412 2860 legem
443 2775 608 2860 ampliavit
637 2775 677 2840 ad
707 2778 860 2860 cuiusque
890 2777 1021 2860 generis
1044 2795 1165 2861 poenas
1188 2781 1221 2840 et
1248 2775 1347 2839 certis
1377 2774 1492 2840 limiti-

309 2899 367 2964 bus
391 2898 584 2962 constrinxit
607 2897 835 2983 indulgentiam
853 2899 943 2970 iuris
960 2897 1176 2984 ipocrontiae
1201 2917 1315 2964 causa.
1339 2897 1388 2963 Cf.
1411 2897 1493 2962 San-

307 3023 397 3096 chez,
423 3023 476 3089 Dc
499 3029 580 3090 cazat.
605 3023 676 3090 Lib.
703 3025 763 3089 IX.
788 3025 847 3105 32,
872 3025 924 3091 31.

398 3150 575 3274 ΨΜ
605 3149 730 3216 demum
762 3171 804 3215 an
835 3153 1038 3237 ignorantiae
1069 3151 1163 3235 culpa
1191 3150 1354 3216 metienda
1377 3153 1418 3218 sit
1442 3169 1493 3216 em

308 3275 439 3374 desidia
462 3255 619 3358 ipsosuti
642 3281 810 3342 autumant
834 3277 966 3361 Scyrus,
998 3276 1160 3340 Tltasoor.
1187 3274 1260 3340 Lz'b.
1286 3275 1313 3346 1,
1331 3293 1405 3356 cop.
1432 3273 1490 3348 18,

310 3419 343 3463 a.
376 3399 419 3482 4,·
452 3401 635 3478 Bonaetm,
659 3399 709 3464 De
741 3419 829 3464 cens.
857 3401 894 3463 ia
921 3419 997 3484 qen.
1029 3398 1123 3481 Disp.
1156 3394 1191 3469 1,
1221 3417 1251 3482 q.
1286 3399 1353 3468 IX,
1385 3417 1423 3481 p.
1458 3399 1490 3478 1,

308 3545 342 3588 u.
361 3525 391 3588 lt.
408 3559 424 3570 -
441 3531 473 3588 et
496 3529 646 3588 auctores
669 3523 710 3588 ibi
736 3526 835 3604 citati,
852 3524 905 3587 vel
929 3525 1032 3608 potius
1055 3542 1101 3587 etc
1124 3522 1313 3596 obiectant
1337 3525 1492 3609 opinatur

309 3647 445 3715 Suarez.
472 3647 521 3713 De
545 3667 632 3713 coms.
658 3649 697 3711 D.
724 3649 745 3712 f
752 3649 781 3710 V
800 3647 870 3714 Sec.
888 3649 940 3721 10,
964 3669 997 3712 o.
1015 3648 1066 3712 10.
1093 3683 1111 3694 -
1138 3647 1381 3733 Respondemus
1401 3649 1492 3715 hanc

308 3770 482 3838 secundam
514 3773 705 3836 seutentiam
729 3773 891 3836 veriorem
923 3790 993 3836 esse
1024 3771 1259 3854 philosophice
1289 3773 1489 3856 inspectam;

307 3869 363 3962 sed
380 3897 513 3982 primam
530 3899 632 3983 magis
649 3899 847 3962 conformem
865 3917 935 3963 esse
951 3903 1019 3963 tum
1036 3899 1117 3964 iuris
1134 3917 1214 3962 rom.
1232 3901 1300 3962 tum
1325 3916 1488 3961 canonum

308 4025 424 4088 rationi
447 4023 616 4106 loquendi,
641 4043 702 4090 nec
734 4043 798 4088 non
827 4024 1033 4107 appIIcati0ni
1064 4023 1163 4098 iuris;
1196 4043 1270 4088 nam
1301 4022 1398 4086 iudex
1431 4025 1490 4106 qui

397 4305 436 4376 (1)
457 4307 531 4361 Haec
550 4305 727 4370 Constilutio,
746 4323 781 4362 ex
799 4311 892 4362 mente
913 4307 1065 4373 Pontificis,
1084 4308 1122 4360 ad
1144 4315 1254 4376 tempus
1279 4304 1337 4358 lata
1356 4305 1420 4368 fuit,
1439 4304 1489 4360 sed

309 4414 408 4464 notant
428 4410 495 4476 DD„
514 4427 548 4466 ex
567 4411 686 4480 receptis
704 4411 828 4465 moribus
846 4411 966 4466 evasisse
986 4415 1159 4481 perpetuam.
