3312 5108
545 307 589 354 nn
614 305 770 391 nnnioris
792 306 835 352 ar
864 304 984 354 renuis
1310 282 1353 349 39

180 449 198 486 e
228 421 412 526 §.alliarias²
434 425 587 514 fallacia,
612 425 822 514 machinatio
843 427 889 522 ad
912 423 1261 516 oiraaazoenieailam‚
1290 422 1354 504 sal·

173 552 329 632 landam,
355 552 592 636 cleeipieadam
624 553 773 620 attenua.
803 550 998 623 adhibita»
1032 571 1078 617 ear
1108 552 1171 636 lep.
1202 552 1229 616 1.
1259 551 1354 631 §De

171 677 248 742 dolo
273 677 374 744 malo.
401 712 419 726 ·
445 677 542 760 Dolus
565 676 851 772 malza'deliclum
876 655 1049 746 constituit,
1066 695 1139 740 oum
1166 695 1209 740 ex
1233 675 1289 738 illo
1307 694 1354 739 se·

172 810 290 888 quatur
314 805 467 870 damnum
491 803 636 886 ordinem
661 803 814 868 socialem
830 807 1033 888 pervertens,
1056 803 1206 866 nimirum
1222 801 1353 866 violatio

172 930 280 1015 legum
304 930 487 1014 poenalium
511 929 557 1015 (2)
581 931 735 1015 cuiusque
758 931 907 1004 civitatis,
932 931 977 994 uti
1001 926 1161 1014 signifieat
1180 929 1239 994 lea*
1253 928 1351 1011 55ff.

173 1087 190 1100 ·
214 1051 265 1116 De
287 1050 392 1132 sartis
417 1087 435 1100 ·
474 1051 726 1136 «Molendum
756 1052 913 1120 voluntas
940 1057 970 1118 el
996 1050 1213 1133 propositam
1243 1049 1353 1116 delin-

176 1172 310 1257 quentis
334 1173 546 1259 clistinpuuat
561 1195 591 1244 ›.
609 1193 709 1273 quare
722 1174 936 1238 communiter
959 1170 1110 1238 definitur
1126 1171 1232 1237 dolus:
1251 1191 1268 1234 a
1295 1171 1353 1238 Vo·

172 1299 287 1364 lanias
317 1319 374 1364 seu
401 1299 618 1382 propositam
648 1298 868 1383 delinquendi
893 1319 922 1360 ›.
947 1300 1050 1363 Actus
1075 1297 1185 1368 dolosi,
1210 1297 1352 1381 quinon

175 1425 374 1489 mulctantur
404 1424 477 1510 lege
507 1425 644 1510 poenali,
676 1415 806 1490 obnoxii
829 1429 905 1490 sunt
927 1423 1054 1490 aetiani
1077 1443 1135 1489 seu
1161 1423 1352 1506 eoeoeptioai
1412 1422 1415 1436 '

175 1549 239 1614 doli
271 1551 303 1613 in
327 1568 365 1613 re
391 1548 478 1612 civili
501 1569 557 1614 seu
573 1549 620 1616 ad
642 1549 906 1614 indeuiaitatem.
936 1547 1073 1623 Quinam
1089 1550 1154 1614 sint
1177 1548 1296 1612 limites
1319 1549 1351 1612 in

172 1673 286 1758 quibus
310 1673 495 1740 continetur
517 1674 615 1741 dolas
646 1675 759 1739 malas
781 1676 814 1740 in
839 1695 875 1739 re
898 1674 1012 1756 cirili;
1036 1679 1070 1738 et
1094 1675 1223 1757 quinam
1248 1673 1302 1737 elii
1318 1675 1352 1737 in

171 1795 285 1880 quibus
310 1796 411 1862 dolus
432 1797 546 1862 malus
568 1796 654 1880 parit
676 1795 822 1869 crimen,
848 1793 1032 1882 assignandi
1056 1802 1174 1860 sunta
1202 1794 1276 1879 lege
1300 1815 1353 1879 po·

170 1923 282 1994 sitiva.
307 1924 354 1989 uti
388 1923 622 2007 explicavimus
645 1942 743 2008 supra
765 1942 800 1986 a.
825 1921 883 1988 24.

260 2048 466 2133 Propositum
499 2051 605 2114 autem
638 2067 695 2112 seu
726 2047 875 2111 voluntas
898 2045 1102 2130 delinquendi
1121 2043 1191 2108 'non
1213 2043 1352 2110 habetur

169 2173 239 2238 sine
263 2172 417 2238 libertale
439 2172 472 2236 in
496 2173 623 2236 actione
646 2176 679 2237 et
701 2173 771 2236 sino
795 2171 985 2256 counitione
1008 2171 1077 2235 sive
1099 2168 1180 2254 legis
1208 2168 1352 2253 poenalis

170 2298 240 2362 sive
263 2297 371 2362 damni
393 2297 517 2378 saliem,
543 2317 585 2361 ex
611 2296 668 2362 tali
696 2302 770 2362 actu
802 2297 955 2362 secuturi.
982 2331 999 2344 ·
1034 2294 1124 2362 Unde
1152 2295 1230 2390 cloio
1258 2313 1352 2378 oppo-

170 2424 294 2486 nuntur
316 2419 368 2524 air
391 2425 424 2484 et
446 2426 555 2484 melus
577 2439 620 2522 ex
643 2425 737 2505 parte
761 2418 949 2518 libertati&
965 2421 998 2484 et
1009 2436 1109 2483 error
1133 2422 1164 2482 et
1188 2435 1286 2484 casus
1309 2435 1352 2482 ex

169 2501 320 2522 ,ῤ’-111...-

169 2549 264 2629 parte
287 2524 490 2632 coanitiaais
512 2565 570 2609 seu
592 2545 786 2611 intellectas.

188 2635 527 2734 ''alfmuiusffi‘adi
552 2687 682 2751 causae,
697 2667 876 2734 afficientes
900 2667 1114 2734 moralitatem
1137 2667 1277 2731 ectasin
1294 2683 1351 2730 suo

170 2795 261 2860 fonte
285 2813 342 2860 seu
359 2795 392 2858 in
402 2783 565 2860 'libertale
575 2799 610 2858 et
629 2793 807 2880 intellecta,
825 2796 858 2859 in
875 2795 946 2859 iure
970 2794 1105 2879 positivo
1133 2789 1352 2858 aestimandae

168 2925 245 2984 sunt
267 2918 378 2983 habita
405 2919 533 2983 ratione
556 2919 635 2984 iuris
662 2918 835 2993 naturalis;
852 2923 884 2983 et
899 2919 1030 3003 planum
1053 2923 1112 2984 est.
1137 2915 1352 2981 Nihilominus

169 3043 219 3107 ius
240 3042 415 3126 positivum
437 3041 470 3106 in
493 3040 639 3126 pluribus
662 3043 714 3106 vel
738 3041 931 3108 determinat
954 3043 1004 3107 ius
1027 3041 1186 3113 naturale,
1210 3039 1352 3118 maxime

168 3169 201 3232 in
225 3165 354 3232 casibus
377 3165 411 3230 in
434 3164 548 3249 quibus
571 3166 654 3231 ratio
682 3166 761 3230 iuris
793 3165 950 3230 naturalis
973 3183 1037 3230 non
1061 3165 1138 3232 setis
1163 3166 1213 3230 est
1239 3161 1351 3247 explo-

169 3295 250 3370 rata,
273 3290 327 3355 vel
352 3289 471 3375 aliquid
494 3303 668 3375 praeterea
699 3291 882 3376 expostulat
912 3289 996 3373 quod
1019 3291 1090 3355 iure
1114 3287 1255 3356 naturali
1287 3307 1351 3352 non

168 3405 411 3498 exquireretur,¹
432 3415 488 3478 vel
509 3414 703 3480 determinat
725 3412 878 3498 quasdam
902 3413 1072 3500 generales
1095 3412 1235 3497 regulas,
1260 3411 1350 3495 quasi

168 3537 449 3622 praesumptiones
464 3537 544 3600 iuris
557 3541 671 3622 utputa
687 3535 790 3620 quoad
807 3533 964 3601 inflexum
981 3536 1110 3616 aetatis,
1130 3555 1243 3608 serras,
1260 3555 1302 3599 ne
1317 3535 1350 3598 in

167 3661 397 3748 singulafacti
420 3663 530 3747 specie
553 3661 778 3746 inquirendum
802 3663 843 3726 sit
866 3661 906 3726 de
929 3663 961 3726 vi
987 3663 1066 3727 iuris
1089 3661 1246 3726 naturalis
1271 3657 1327 3744 (1).

258 3789 410 3854 lamvero
434 3807 477 3852 ex
500 3787 589 3854 hisee
613 3787 802 3860 rationibus,
816 3805 897 3870 quae
921 3792 1013 3852 actus
1036 3786 1253 3851 moralitatem
1282 3783 1351 3848 affi-

256 3997 298 4068 (1)
317 3997 358 4052 Cf.
370 3997 520 4064 Niccolini,
533 4001 693 4059 Quaestiani
702 4001 732 4054 ai
744 4000 839 4054 alirino
849 4028 865 4038 -
877 3999 987 4062 Fraser,
996 3998 1114 4052 Dissert.
1128 4017 1165 4052 aa
1178 4008 1203 4051 et
1216 4007 1352 4068 quatenus

65 4173 70 4184 ι
166 4109 197 4158 in
216 4106 380 4160 cananiam
399 4107 571 4176 imputandis
589 4107 673 4161 aetati
691 4107 1049 4176 delinquentiamhabenda
1069 4108 1104 4160 sil
1123 4109 1203 4162 ratio.
1215 4106 1352 4160 Amstela·

166 4213 252 4266 darni.
276 4211 356 4267 1881.
378 4241 394 4252 ·
419 4211 579 4279 Svinderen,
598 4213 640 4267 De
659 4215 721 4268 iura
737 4215 855 4284 poenali
872 4215 1008 4268 hodierna
1028 4218 1104 4268 circa
1122 4217 1253 4268 minares.
1283 4213 1352 4267 Gro-

167 4317 278 4387 ninqae.
302 4317 380 4373 1885.
404 4347 420 4358 ·
446 4319 525 4374 lnter
543 4323 652 4374 veteres
672 4319 812 4386 Narbona,
832 4321 874 4376 De
892 4329 997 4386 aetam
1018 4325 1046 4374 et
1066 4320 1225 4386 Beronium,
1245 4320 1287 4373 De
1307 4324 1352 4390 ef-

167 4425 286 4493 fectibus
305 4425 426 4479 minaris
443 4427 541 4480 aetatis
559 4428 635 4482 eirca
653 4428 807 4482 iadiaialia
826 4427 969 4494 Panormi,
991 4427 1066 4482 1661.
