3302 5100
641 324 850 374 snnncsrum
872 326 906 373 v.
1295 307 1357 375 591

184 462 236 500 nus
254 447 284 500 in
302 461 352 501 suo
370 447 467 516 vigore
486 447 671 517 perstiterunt
689 447 747 501 sive
767 462 816 517 pro
835 447 869 501 R.
888 447 1034 502 Pontificis
1059 421 1208 514 electione,
1226 447 1286 502 sive
1311 463 1362 517 pro

183 553 294 610 interno
313 554 450 624 regImine
462 569 701 624 quorumcumque
713 553 842 608 ordinum
860 557 890 609 et
908 535 1101 610 institutorum
1114 555 1296 625 regularium,
1309 571 1361 612 nee

183 675 239 714 non
262 674 499 732 quorumcumque
525 657 718 729 collegiorum,
738 661 998 732 congregationum,
1024 665 1155 715 coetuum
1181 659 1361 734 locorumque

183 766 292 834 piorum
312 765 508 840 cuiuscumque
528 767 648 823 nominis
668 772 717 821 aut
736 768 847 836 generis
866 767 932 832 sint,
951 783 998 820 ess
1017 783 1113 822 omnes
1131 767 1226 820 firmas
1244 781 1313 834 esse,
1332 772 1361 824 et

183 869 213 924 in
231 887 282 925 suo
300 871 401 927 robore
421 888 586 942 permanere
604 871 733 926 uolumus
752 876 781 926 et
799 870 982 927 declaramus.

255 975 416 1032 «Ceterum
436 976 619 1043 decernimus,
638 977 667 1032 in
686 977 765 1030 novis
784 977 1004 1049 quibuscumque
1023 977 1247 1032 concessionibus
1260 993 1293 1032 ac
1307 978 1362 1048 pri·

185 1085 305 1156 vilegiis,
324 1101 397 1156 quaa
414 1085 449 1139 ab
469 1084 633 1155 Apostolica
652 1083 722 1139 Sede
747 1083 861 1139 concedi
884 1084 973 1138 cssivis
998 1085 1157 1152 contigerit,
1178 1083 1256 1139 nullo
1280 1085 1362 1139 modo

179 1206 218 1244 ,ac
236 1189 345 1244 ratione
363 1186 486 1258 intelligi
512 1203 645 1259 umquam
670 1188 781 1254 debere,
800 1192 850 1242 aut
873 1204 953 1258 posse
977 1187 1173 1258 comprehendi
1198 1186 1361 1245 facultatem

185 1289 346 1345 absolvendi
365 1306 383 1344 a
402 1290 519 1358 casibus,
539 1293 569 1344 et
587 1291 712 1345 censorie
730 1289 902 1362 quibuslibet
921 1291 1048 1344 Romano
1061 1289 1190 1344 Pontifici
1204 1292 1362 1358 reservatis,

185 1399 239 1452 nisi
257 1397 290 1452 de
309 1398 344 1452 iis
361 1397 488 1453 formalis
507 1396 641 1468 explicita
660 1414 693 1452 sc
712 1397 854 1452 individua
873 1399 979 1453 mentio
992 1399 1067 1452 lacta
1080 1397 1199 1451 tuerint:
1212 1415 1283 1470 quae
1296 1414 1362 1453 vero

172 1505 334 1576 privilegia
352 1509 404 1559 aut
420 1504 581 1570 facultates,
600 1506 658 1561 sive
684 1523 701 1562 a
721 1506 984 1560 Praedecesaoribus
1008 1503 1126 1572 Nostris,
1151 1507 1210 1560 sive
1235 1507 1321 1560 etiam
1346 1523 1363 1561 a

183 1611 271 1666 Nobis
289 1612 407 1667 cuilibet
425 1613 533 1678 coetui,
546 1613 652 1679 Ordini,
668 1613 897 1683 Gorrgregationi,
916 1612 1060 1678 Societati,
1074 1617 1104 1667 et
1117 1611 1257 1682 Instituto,
1278 1615 1363 1668 etiam

185 1717 309 1787 regulari
328 1719 451 1773 cuiusvis
469 1719 582 1789 speciei,
602 1719 655 1774 etsi
676 1717 758 1773 titulo
777 1717 913 1789 peculiari
934 1717 1068 1788 praedito,
1088 1723 1173 1789 atque
1192 1722 1277 1773 etiam
1300 1718 1374 1790 spe·¹

185 1821 251 1877 ciali
270 1823 411 1878 mentione
430 1822 515 1892 digno
534 1840 551 1877 a
569 1824 668 1895 quovis
687 1840 817 1894 rrmquam
830 1828 954 1893 tempore
973 1822 1027 1876 huc
1046 1839 1133 1894 usque
1146 1839 1293 1878 concessae
1304 1827 1364 1880 tue-

185 1930 251 1996 rint,
270 1946 303 1985 ea
322 1931 424 1996 omnia,
436 1946 539 2001 easque
552 1946 650 1986 omnes
664 1930 766 1985 Nostra
779 1929 831 1984 hac
849 1930 1057 1985 Constitutione
1070 1934 1223 1996 reuocatas,
1236 1948 1364 2002 suppres-

184 2057 238 2103 sas,
256 2045 286 2094 et
304 2039 425 2094 abolitas
444 2056 504 2095 esse
529 2040 666 2106 volumus,
686 2045 770 2110 prout
789 2056 886 2111 reapse
911 2055 1084 2106 revocamus,
1103 2041 1309 2110 supprimimus,
1335 2047 1364 2095 et

185 2147 339 2212 abolemus,
352 2149 466 2203 minime
480 2149 689 2219 refragantibus
707 2152 758 2204 aut
776 2149 953 2203 obstantibus
967 2146 1124 2218 privilegiis
1135 2149 1363 2218 quibuscumque,

184 2255 270 2309 etiam
289 2254 465 2324 specialibus,
486 2254 702 2324 comprehensis,
716 2253 761 2309 vel
781 2270 844 2320 non,
863 2254 892 2308 in
911 2269 1027 2322 corpore
1039 2254 1181 2320 iurisaut
1194 2253 1364 2324 Apostolicis

185 2362 448 2428 Constitutionibus,
473 2367 502 2418 et
526 2364 626 2434 quavis
651 2363 862 2418 confirmatione
888 2361 1059 2431 Apostolica,
1079 2361 1124 2415 vel
1148 2360 1363 2416 immemorabili

185 2471 272 2526 etiam
291 2471 499 2534 consuetudine,
519 2475 568 2525 aut
587 2469 644 2524 alia
669 2485 843 2541 quacumque
866 2469 1000 2525 firmitate
1028 2471 1166 2524 roboratis
1191 2468 1365 2541 quibuslibet

183 2577 270 2631 etiam
289 2576 386 2631 formis
404 2593 436 2630 ac
456 2578 610 2641 tenoribus,
630 2581 659 2632 et
678 2592 740 2629 cum
761 2576 904 2647 quibusvis
922 2575 1114 2646 derogatoriis,
1135 2575 1254 2647 aliisque
1273 2575 1365 2630 effica-

184 2683 307 2738 cioribus
326 2688 355 2738 et
374 2682 496 2738 insolitis
509 2681 655 2750 clausulis,
668 2683 769 2754 quibus
788 2684 924 2748 omnibus,
936 2687 1074 2753 quatenus
1086 2699 1155 2753 opus
1168 2684 1213 2750 sit,
1226 2683 1363 2752 derogare

184 2789 354 2845 intendimus
373 2793 403 2844 et
420 2789 593 2859 derogamus.

257 2894 411 2949 «Firmum
437 2897 532 2949 tames
551 2910 611 2950 esse
630 2893 758 2948 volumus
783 2893 944 2948 absolvendi
967 2892 1134 2948 facultatem
1160 2911 1176 2947 a
1200 2874 1364 2950 Tridentina

187 3001 299 3072 Synodo
318 3001 461 3071 Episcopis
481 3017 639 3056 concessam
661 3001 734 3055 Sese.
750 3001 857 3054 XXIV
872 3019 931 3072 cop.
953 3001 991 3054 Vl
1005 3002 1046 3056 Dc
1065 3005 1183 3071 reform.
1204 3002 1232 3054 in
1251 3002 1364 3072 quibus-

186 3124 305 3179 cumque
318 3107 442 3162 censuris
456 3106 634 3177 Apostolicae
654 3107 718 3163 Sedi
737 3107 789 3162 hac
809 3107 912 3162 Nostra
927 3107 1133 3164 Constitutione
1152 3109 1310 3175 reservatis,
1329 3109 1364 3163 iis

186 3215 297 3267 tantum
316 3215 451 3282 exceptis,
470 3229 539 3284 quas
559 3213 655 3268 Eidem
681 3214 861 3283 Apostolicae
880 3214 944 3270 Sedi
963 3215 1078 3290 speciali
1103 3215 1183 3269 modo
1208 3222 1365 3271 reservatae

185 3319 397 3375 declaravimus.

257 3425 476 3482 «Decernenles
494 3428 544 3482 has
563 3427 695 3496 Litteras,
715 3433 800 3500 atque
813 3431 907 3484 omnia
925 3435 954 3485 et
972 3430 1092 3500 singula,
1106 3447 1177 3502 quae
1196 3432 1223 3485 iu
1243 3432 1284 3485 eis
1296 3447 1364 3484 con-

186 3536 288 3590 stituta
306 3553 338 3589 ac
357 3536 471 3592 decreta
489 3541 562 3604 sunt,
582 3553 734 3608 omnesque
753 3542 781 3592 et
800 3538 935 3607 singulas,
948 3555 1019 3610 quae
1032 3540 1061 3594 in
1074 3539 1177 3594 eisdem
1189 3541 1281 3594 tactae
1300 3547 1365 3593 sunt

185 3657 221 3694 ex
239 3641 427 3696 anterioribus
447 3641 700 3696 constitutionibus
719 3642 967 3698 praedecessorum
987 3650 1154 3708 nostrorum,
1173 3649 1258 3715 atque
1278 3647 1363 3700 etiarn

188 3745 306 3813 Nostris,
326 3750 375 3800 aut
395 3764 429 3801 ex
449 3746 513 3801 aliis
532 3748 618 3800 sacris
638 3746 797 3802 canonibus
823 3749 1051 3820 quibuscumque,
1071 3751 1157 3805 etiam
1176 3749 1365 3804 conciliorum

186 3851 372 3920 Generalium,
394 3859 422 3908 et
441 3854 527 3924 ipsius
541 3854 707 3921 Tridentini,
720 3856 897 3923 mutationes,
912 3857 1117 3926 derogationes,
1131 3861 1205 3912 ratas
1219 3862 1248 3912 et
1260 3858 1363 3924 firmas,

187 3973 219 4012 ac
237 3959 393 4028 respective
412 3963 474 4013 rata
493 3963 578 4032 atque
596 3961 677 4014 firma
696 3977 756 4015 esse
775 3965 804 4015 et
822 3963 891 4027 fore,
910 3977 1028 4032 suosque
1041 3961 1183 4030 plenarios
1196 3966 1225 4016 et
1238 3963 1364 4031 integros

186 4065 302 4120 effectus
319 4066 462 4132 obtiner03
475 4067 570 4137 sicque
583 4073 611 4122 et
626 4083 680 4122 non
700 4067 785 4123 aliter
799 4068 828 4121 in
842 4069 1002 4137 praemissis
1021 4087 1070 4139 per
1089 4085 1276 4141 quoscumque
1290 4070 1363 4124 ludi·

184 4183 231 4222 ces
250 4167 420 4233 ordinarios,
434 4174 463 4222 et
480 4167 638 4237 Delegatos,
651 4169 737 4224 etiam
752 4169 904 4222 Causamm
919 4169 1022 4223 Palatii
1034 4169 1191 4239 Apostolici
1205 4170 1365 4236 Auditores,

185 4291 219 4327 ac
238 4273 264 4326 S.
285 4274 318 4326 a.
338 4274 369 4327 Ε.
389 4273 561 4341 cardinales,
586 4275 673 4329 etiam
698 4275 732 4330 de
759 4275 858 4330 Latere
885 4275 1013 4346 Legatos,
1032 4294 1065 4330 ac
1084 4276 1263 4346 Apostolicae
1287 4276 1365 4331 Sedis

186 4379 316 4445 Nuntios,
327 4397 359 4434 ac
369 4381 481 4451 quossis
495 4380 567 4436 alios
580 4399 756 4454 quacumque
770 4383 998 4452 praeeminentia,
1011 4399 1043 4436 ac
1057 4387 1195 4453 potestate
1208 4386 1364 4455 fungentes,
