3296 5108
550 332 593 377 uu
618 331 771 378 usnrcrrs
794 331 837 378 ar
860 331 982 379 Poenus
1289 311 1355 376 369

45 481 78 523 m
97 461 102 523 Ξ
176 455 344 521 celebrare
369 477 387 518 r
404 458 487 542 quio
509 475 704 524 persecare
716 463 861 540 propter
875 457 1080 524 debilitatem
1094 476 1158 523 rec
1172 457 1246 523 sine
1260 477 1354 524 seon·

176 581 256 647 doto
275 587 421 665 propter
443 580 693 665 deformitatem
724 581 868 648 membri
899 583 961 648 hoc
990 581 1065 667 fieri
1088 601 1190 664 posse
1213 582 1355 668 confidi·

5 728 94 780 ,κ
176 725 252 770 mae
269 727 298 770 n.
314 709 357 771 At
379 706 412 770 in
435 725 509 788 cop.
534 708 550 770 t
575 707 624 772 De
647 726 739 790 corp.
757 705 860 772 vitiat.
878 709 1071 792 permissum
1086 707 1146 772 luit
1162 706 1354 793 presbytero

177 831 306 896 Missam
331 833 500 897 celebrare
525 852 542 895 e
561 852 637 898 cum
660 833 733 916 ipse
747 852 817 898 rora
830 833 1020 917 perdiderit
1044 838 1176 900 tontum
1191 833 1234 899 de
1249 833 1354 921 digito

6 991 12 1030 .·
44 971 92 1036 ss-:zz
175 956 260 1044 quin
281 957 356 1023 sim
379 958 541 1025 scandalo
562 959 668 1042 possit
691 958 884 1025 solemniter
912 959 1082 1025 celebrare
1099 981 1129 1024 n.

311 1083 345 1162 4)
369 1083 460 1148 Haec
488 1084 724 1170 irregularitas,
750 1103 814 1149 non
837 1104 929 1150 secus
954 1084 1108 1157 acellae,
1134 1085 1284 1169 prohibet
1306 1106 1354 1150 su·

65 1255 69 1264 .
175 1209 371 1291 sceptionem
387 1207 534 1273 ordinum
550 1214 582 1274 et
594 1229 661 1292 per
676 1227 882 1293 consequens
907 1209 1095 1274 exercitium
1117 1215 1353 1294 susceptorum;

175 1333 241 1404 sed,
273 1333 313 1398 ob
345 1333 574 1420 indulgentiam
607 1336 695 1416 iuris,
727 1336 790 1399 iam
818 1334 968 1417 promoti
998 1334 1037 1399 ob
1072 1336 1352 1420 supervenientem

175 1457 459 1543 irregularitatem,
483 1459 695 1546 prohibentur
719 1460 917 1525 tantumdem
940 1459 980 1525 ab
1008 1461 1165 1526 exercitio
1189 1461 1274 1526 illius
1297 1481 1353 1527 or-

174 1585 260 1651 dinis
282 1607 376 1672 quem
407 1607 472 1652 non
495 1587 559 1654 rite
582 1592 637 1652 aut
659 1607 776 1655 secure
806 1607 869 1654 nee
895 1588 969 1653 siae
998 1589 1161 1656 scandolo
1193 1609 1352 1654 exercere
1395 1597 1399 1605 '

175 1710 294 1776 valent.
321 1747 338 1760 ·
365 1711 455 1777 Unde
481 1713 570 1796 Papa
600 1731 700 1796 usque
731 1713 910 1778 faciliorem
941 1732 977 1777 se
1003 1713 1137 1797 praebet
1167 1715 1200 1778 in
1225 1714 1352 1800 dispen-

174 1837 297 1900 satione
320 1837 533 1922 impertienda
552 1838 720 1920 promotis
743 1857 837 1922 quam
857 1838 1123 1922 promovmdis;
1146 1859 1215 1925 arg.
1234 1861 1261 1907 c.
1279 1862 1305 1907 c.
1326 1841 1353 1906 2

175 1959 228 2027 De
250 1961 361 2028 cleric.
385 1967 513 2047 oegrot.
529 1963 563 2026 X
577 1962 653 2042 (ΙΙΙ,
672 1964 707 2043 6)
731 1967 764 2028 et
790 1963 803 2026 l
831 1963 881 2028 De
904 1982 995 2046 corp.
1012 1962 1116 2028 vitiat.
1133 1963 1168 2028 X
1181 1963 1219 2047 (Ι,
1237 1965 1305 2044 20).

307 2085 341 2174 5)
365 2087 448 2161 Quia
470 2086 590 2172 diversi
614 2087 733 2173 gradus
756 2087 1009 2154 seminationis
1033 2094 1179 2173 spectant
1198 2092 1237 2156 ad
1255 2091 1351 2157 conii-

174 2212 319 2278 ciendam
343 2211 375 2280 εἰ
393 2215 620 2281 eucharistiam
645 2216 679 2278 in
701 2213 859 2280 sacrificio
885 2216 1012 2290 Missae,
1037 2219 1090 2302 qui
1118 2237 1181 2283 non
1204 2219 1269 2285 rite
1295 2226 1352 2287 aut

173 2359 292 2406 secure
315 2360 377 2405 nec
399 2339 473 2406 eine
495 2341 659 2407 scandolo
689 2340 819 2406 Missam
844 2341 1014 2408 celebrare
1039 2343 1135 2416 valet,
1161 2344 1351 2429 prohibetur

172 2467 318 2550 aprima
341 2441 467 2549 quoque
491 2471 634 2530 tonsura.

307 2591 340 2674 6)
367 2590 477 2665 Quoad
501 2593 565 2655 iam
587 2598 762 2675 promotos
777 2594 829 2676 qui
847 2595 942 2659 moto
956 2593 1023 2679 fide
1046 2595 1245 2660 occultantes
1260 2596 1347 2662 deie-

172 2721 258 2781 ctum
276 2716 406 2780 ordines
428 2718 552 2801 assequi
577 2724 758 2802 potuerunt,
776 2718 810 2783 hi
826 2717 975 2782 videntur
992 2739 1056 2783 non
1072 2740 1165 2804 posse
1186 2723 1349 2803 iuvocare,

172 2840 205 2903 in
228 2859 317 2904 suam
342 2846 476 2925 partem,
494 2840 724 2927 indulgentiam
748 2861 805 2907 seu
828 2841 1097 2928 dispensationem
1120 2845 1200 2908 iuris
1215 2847 1349 2930 permit·

171 2969 269 3032 tentis
293 2968 421 3033 clericis
444 2969 515 3032 ium
534 2969 703 3050 promotis
727 2969 918 3035 exercitium
946 2969 1074 3034 illorum
1099 2969 1246 3035 ordinum
1270 2992 1349 3056 quos

172 3093 242 3156 sine
265 3092 416 3156 scandalo
436 3113 594 3178 peragere
610 3093 734 3169 valent;
758 3094 912 3177 siquidem
936 3095 1152 3180 praesumitur
1168 3096 1228 3178 ius,
1245 3097 1348 3180 quoad

172 3215 231 3280 hos
254 3221 426 3301 promotos,
444 3218 530 3283 nolle
552 3219 753 3304 dispensare;
778 3239 870 3284 secus
894 3221 946 3285 isti
969 3239 1013 3286 ex
1037 3240 1095 3285 sua
1118 3221 1240 3286 malitia
1263 3242 1346 3286 com-

171 3338 298 3404 modum
323 3347 531 3425 reportarent
554 3341 609 3427 (Ι).

260 3463 337 3528 282.
357 3465 445 3540 ‘Quia
476 3465 674 3552 irregulares
698 3486 763 3531 non
794 3472 869 3533 sunt
898 3467 938 3532 ad
970 3469 1222 3535 ecclesiasticum
1246 3473 1346 3535 servi-

171 3588 250 3651 tium
269 3591 497 3671 promovendi
520 3597 552 3656 et
569 3594 631 3657 iam
649 3592 810 3675 promoti,
828 3596 1078 3678 superveniente
1094 3596 1346 3680 irregularitate,

171 3714 356 3779 ministrare
379 3736 443 3780 non
468 3717 592 3790 debent,
617 3719 677 3782 nisi
705 3722 861 3802 quatenus
889 3721 967 3786 iuris
994 3720 1193 3807 indulgentia
1216 3725 1345 3808 patitur,

170 3857 285 3904 munus
315 3840 545 3926 Episcoporum
578 3848 626 3908 est
654 3843 835 3929 invigilare,
860 3865 902 3910 ne
930 3845 1129 3930 irregulares
1153 3849 1185 3910 iu
1216 3868 1344 3913 sacrum

258 4051 297 4120 (l)
318 4051 369 4104 Hic
388 4051 548 4106 invocamus
566 4054 672 4106 motum
685 4055 766 4108 fidem
786 4055 912 4125 quamvis
930 4055 1057 4111 absolute
1070 4057 1250 4112 admittamus
1269 4060 1345 4128 priu-

168 4158 272 4227 cipium
290 4176 308 4212 a
326 4159 491 4215 d'Aunibale
511 4160 681 4215 inculcatum
700 4162 875 4230 (1,406,n0t.
893 4163 946 4234 18),
966 4166 990 4218 b.
1010 4164 1054 4218 vel
1073 4181 1110 4217 m.
1129 4165 1211 4220 fidem
1232 4184 1285 4220 nou
1304 4168 1346 4220 iu·

168 4266 268 4320 ducere
288 4266 524 4336 irregularitatem
543 4271 609 4338 quia
628 4268 697 4323 haec
715 4285 732 4322 a
750 4271 810 4324 iure
833 4271 951 4340 positivo
976 4272 1184 4326 constituuntur
1201 4277 1231 4326 et
1248 4285 1345 4329 nostra

167 4377 337 4429 emistimutio
348 4393 447 4431 rerum
468 4383 611 4431 ueritatem
628 4395 684 4430 non
703 4388 806 4444 mutat,
823 4378 870 4432 sed
889 4380 966 4433 moto
982 4379 1050 4434 fides
1069 4380 1097 4434 in
1118 4379 1240 4436 themate
1254 4385 1344 4437 atten-

167 4479 257 4535 denda
275 4485 317 4536 est
336 4487 473 4554 quatenus
491 4484 600 4538 videtur
618 4486 730 4540 obstare
749 4485 857 4539 indulto
872 4486 1093 4556 dispensationis.
1227 4548 1231 4556 ,

277 4587 337 4640 Soc.
357 4585 435 4656 Lego
1202 4594 1236 4645 24
