3296 5108
304 288 370 353 400
826 307 910 355 ruas
934 308 957 353 1.

302 434 350 500 uit
374 432 479 498 Gonst.
497 453 526 498 st
548 433 700 514 furiosus
723 434 755 498 in
773 433 871 498 Olem.
896 434 980 498 uuio.
1006 432 1056 498 De
1072 432 1229 500 homicid.
1245 454 1262 495 c
1276 431 1485 516 arserimus

303 563 363 626 aut
384 557 503 640 lufaus
524 577 583 624 seu
599 558 773 624 dormiens
793 557 1108 630 homiuemmutitet
1122 577 1183 624 seu
1202 557 1331 639 occidit,
1348 560 1483 625 uultum

302 701 348 748 eu
371 681 433 749 boc
462 681 752 767 iacputaritatem
781 682 937 748 incurrit.
966 683 1009 748 Et
1032 682 1122 748 ictam
1147 683 1190 748 de
1212 683 1271 749 itte
1295 702 1480 757 canemus,

301 808 371 892 qui,
387 811 531 873 martem
546 807 645 872 aliter
660 806 769 872 uitare
791 825 862 872 aaa
877 807 1004 880 valeus,
1021 827 1122 870 ,surim
1138 808 1257 872 occidit
1272 810 1322 872 rtet
1345 809 1485 875 mutilat

302 931 537 999 invasorem».
552 933 594 996 Et
609 933 642 996 in
659 931 763 1016 prima
778 937 871 1016 parte
887 931 1077 997 Constitutio
1094 931 1280 997 considerat
1295 953 1404 998 casum
1417 953 1482 1018 quo

301 1061 391 1123 actus
408 1077 471 1122 nou
496 1063 544 1124 est
567 1057 747 1130 humanus,
765 1056 821 1122 sed
846 1057 1002 1136 bauaima
1018 1057 1216 1142 proindeque
1240 1079 1258 1122 e
1278 1078 1483 1144 quacumque

301 1181 416 1245 morali
430 1186 461 1245 et
478 1180 612 1246 iuridiea
627 1181 835 1266 imputatione
847 1180 1006 1254 immunis,
1021 1180 1104 1264 quod
1117 1180 1157 1245 ad
1173 1183 1273 1266 irreg.
1286 1201 1332 1247 ea
1343 1182 1480 1266 delicta·

300 1306 334 1370 in
356 1307 459 1371 altera
490 1311 582 1392 parte
612 1305 731 1390 aliquid
762 1307 838 1372 novi
866 1307 1039 1378 constituit,
1066 1305 1252 1392 derogando
1279 1307 1343 1370 iuri
1372 1309 1480 1373 veteri

301 1429 394 1513 quod,
418 1431 451 1493 in
475 1449 605 1515 genere,
631 1408 825 1494 homicidam
849 1435 904 1495 aut
926 1449 998 1495 eum
1023 1433 1077 1515 qui
1100 1431 1238 1496 alterum
1269 1431 1481 1496 mutilaverat

300 1555 340 1620 ad
356 1573 392 1622 se
405 1573 536 1640 suaque
550 1554 635 1620 bona
651 1553 852 1620 defendenda
867 1554 1082 1640 irregularem
1102 1553 1306 1620 decernebat.
1325 1555 1372 1620 Ol.
1391 1555 1479 1620 Van.

300 1680 418 1766 Espen.
443 1680 464 1745 l.
488 1701 516 1745 c.
539 1701 573 1745 u.
598 1678 631 1748 3.
657 1685 689 1743 et
713 1679 860 1764 Philipps
887 1681 907 1744 l.
933 1699 979 1754 c.;
1006 1683 1083 1744 item
1107 1699 1226 1746 eauau.
1252 1679 1292 1754 6,
1317 1679 1391 1746 dist.
1418 1680 1479 1760 60,

299 1803 332 1868 in
357 1789 503 1869 Decreta.
522 1803 581 1868 Ille
604 1823 683 1868 vero
699 1803 817 1869 dieitur
840 1803 914 1869 iure
930 1823 1016 1871 aava
1033 1804 1306 1888 irregularitatem
1331 1801 1479 1889 effugere

299 1929 353 2013 qui
376 1929 491 1994 occidit
513 1934 569 1994 aut
592 1929 727 2001 mutilat,
752 1929 854 2014 aliter
876 1935 1020 1994 mortem
1044 1929 1153 1994 citare
1175 1948 1240 1992 non
1262 1930 1395 2010 valeus,
1419 1949 1479 1994 seu

298 2060 431 2120 serrata
454 2055 688 2121 arroderaraiue
711 2056 904 2138 inculpatae
929 2057 1058 2120 tutelae.
1076 2055 1123 2121 of.
1142 2075 1223 2138 quae
1244 2055 1478 2139 explicavimus

299 2199 329 2244 n.
355 2180 408 2246 30.

388 2305 426 2368 ln
451 2303 594 2369 subiecta
615 2303 752 2367 materia
767 2304 842 2386 quia
865 2305 923 2368 iste
940 2322 1033 2367 casus
1050 2305 1179 2387 ponitur
1202 2303 1363 2367 adinstar
1381 2323 1476 2368 exce

297 2425 414 2509 ptionis
437 2433 470 2490 et
486 2425 702 2511 derogationis
725 2427 805 2491 iuris
827 2427 949 2490 veteris
972 2427 1159 2498 communis,
1177 2425 1235 2490 etsi
1252 2425 1371 2490 leviter
1387 2424 1475 2490 dubi·

295 2553 384 2614 tetur
406 2567 446 2612 an
464 2549 534 2632 quis
553 2548 785 2634 aliquantisper
801 2549 979 2613 excesserit
993 2548 1110 2612 limites
1125 2547 1321 2630 inculpatae
1338 2547 1474 2630 tutelae,

296 2674 493 2759 respondere
520 2675 670 2740 debemus
697 2695 756 2760 pro
784 2674 1034 2759 irregularitate.
1060 2673 1154 2737 Hauc
1182 2672 1329 2758 regulam
1358 2671 1476 2756 probat

297 2798 430 2880 Gitaldi,
447 2799 599 2882 Exponit,
616 2799 703 2864 iuris
716 2803 809 2882 pout.
826 2798 874 2878 Il,
889 2803 965 2863 sect.
984 2796 1058 2863 823
1072 2817 1121 2883 sq.
1137 2833 1154 2846 -
1170 2798 1300 2862 Revera
1320 2797 1352 2862 S.
1370 2797 1472 2882 Gong.

297 2925 416 2990 Concil.
442 2926 475 2990 iu
507 2924 608 2990 dubiis
638 2925 696 2989 sibi
721 2926 873 3010 promotis
902 2924 941 2988 de
965 2925 1136 2988 existentia
1162 2924 1414 3008 irregularitatis
1437 2925 1472 2986 in

295 3049 449 3115 eiusmodi
472 3049 597 3115 casibus
620 3069 749 3134 semper
773 3049 950 3135 respondit:
972 3049 1184 3132 affirmative
1199 3045 1313 3112 saltem
1330 3047 1371 3112 ad
1391 3068 1470 3114 cau-

295 3174 414 3254 telam;
430 3175 574 3256 quamvis
597 3173 723 3238 facilem
748 3172 918 3237 indulserit
941 3171 1220 3256 dispensationem.
1244 3172 1293 3234 lta
1316 3176 1406 3255 patet
1428 3191 1471 3234 ex

294 3296 462 3361 Thesauro
480 3296 730 3361 Resolutionum.
749 3331 767 3342 -
785 3296 910 3360 Verum
928 3296 1101 3360 necessitas
1121 3293 1288 3359 occidendi
1303 3298 1360 3358 aut
1376 3295 1470 3359 muti-

294 3421 381 3486 landi
396 3422 533 3486 alterum
557 3422 591 3486 in
612 3421 667 3486 sui
689 3421 907 3488 defensionem
932 3441 997 3484 uon
1013 3427 1062 3484 est
1077 3421 1208 3484 omnino
1229 3418 1397 3491 absoluta,
1414 3419 1470 3483 sed

293 3544 388 3606 etiam
405 3559 584 3610 nannum.
598 3546 755 3624 quatenus
771 3541 886 3625 aliquis
899 3545 1002 3625 potest
1017 3539 1076 3604 sibi
1093 3538 1264 3604 consulere
1279 3538 1358 3622 luga
1370 3539 1470 3603 veluti

292 3665 448 3740 clericus3
472 3664 555 3749 quod
577 3670 684 3730 tamen
708 3683 772 3728 uon
796 3663 845 3728 fas
869 3669 918 3730 est
940 3663 1041 3736 militi,
1059 3665 1113 3746 qui
1139 3663 1249 3727 taliter
1272 3661 1333 3726 sibi
1356 3681 1468 3726 consu·

293 3789 372 3863 leus,
396 3789 496 3854 veluti
519 3789 696 3855 utoratiter
718 3795 862 3854 mortuus
886 3793 943 3852 est.
969 3823 985 3833 -
1010 3788 1102 3852 Boua
1125 3785 1316 3871 temporalia
1339 3785 1465 3851 defendi

292 3920 424 4000 possunt
453 3918 558 3980 morta
587 3915 788 3998 aggressoris
811 3932 867 3978 seu
894 3912 986 3984 furis,
1010 3917 1169 3997 quatenus
1194 3911 1353 3978 istasunt
1380 3911 1466 3976 vitae

291 4041 484 4105 necessaria.
511 4073 528 4088 -
553 4037 778 4114 Quamobrem,
804 4058 822 4102 e
846 4055 941 4102 seusu
966 4038 1141 4110 contrario,
1166 4035 1231 4100 DI).
1258 4033 1377 4100 docent
1402 4053 1464 4098 non

291 4165 392 4231 licere
415 4165 576 4230 bominem
593 4163 740 4230 occidere
757 4163 963 4229 adtuendam
987 4161 1102 4228 bonam
1126 4162 1256 4242 famam,
1281 4162 1357 4244 quia
1380 4159 1467 4224 ordi-¹

291 4291 383 4354 nario
406 4295 535 4374 praesto
559 4295 633 4354 sunt
654 4288 718 4352 alia
747 4289 853 4354 media
879 4287 993 4371 quibus
1020 4286 1079 4352 sibi
1111 4286 1257 4352 consulat
1280 4303 1463 4371 aggressus.

292 4413 340 4481 cf.
366 4415 536 4500 Gasparini
559 4414 632 4481 438
653 4433 701 4498 sq.
