3296 5108
562 324 605 371 nn
630 325 783 372 nnurcms
807 326 849 373 ur
873 326 992 374 Ponuts
1289 307 1354 372 423

178 467 294 534 magno
311 448 481 524 Vatican0‚
502 448 604 514 doctis
627 451 707 515 viris
723 449 763 514 ad
787 456 980 536 argumenta
1003 447 1150 535 paranda
1173 449 1307 516 delectis
1323 451 1354 514 id

176 567 339 657 negotium
356 571 444 638 dedit
461 578 496 639 ut
511 573 734 658 expenderent
745 579 842 658 atque
854 576 1065 639 aestimarent
1078 573 1219 659 Regulus
1236 573 1354 640 Indicis

176 699 353 770 universas,
372 697 585 784 iudiciumque
607 699 736 764 ferrent
750 699 825 784 quid
848 699 888 766 de
912 701 952 765 iis
975 699 1061 765 facto
1086 719 1165 785 opus
1189 705 1283 766 esset.
1302 699 1354 764 Illi

175 821 425 892 commutandas,
455 821 728 886 consentientibus
758 823 935 894 sententiis,
968 819 1164 887 indicavere.
1200 821 1291 887 ldem
1319 842 1354 886 se
1448 848 1449 857 ¹

176 952 210 1013 et
231 948 353 1013 sentire
376 953 410 1011 et
431 951 544 1031 petere
566 946 744 1013 aConcilio
760 948 889 1031 plurimi
910 967 952 1012 ex
969 945 1120 1012 Patribus
1143 952 1256 1032 aperte
1279 966 1352 1031 pro·

176 1069 358 1137 litabantur.
375 1072 606 1158 Episcoporum
619 1073 743 1138 Galliae
760 1077 874 1139 extant
885 1073 947 1138 hac
963 1071 1002 1138 de
1019 1093 1056 1137 re
1071 1073 1201 1138 litterae
1217 1091 1352 1156 quarum

176 1201 335 1264 sententia
352 1202 409 1267 est.
426 1216 560 1263 necesse
576 1218 648 1264 esse
664 1205 696 1263 et
711 1199 781 1264 sine
798 1200 1002 1268 cunctatione
1026 1197 1209 1264 faciendum
1225 1203 1260 1262 ut
1274 1197 1354 1263 ittae

175 1321 327 1410 Reputue
350 1329 380 1389 et
402 1325 565 1390 uniuersa
586 1343 643 1391 res
665 1324 794 1391 Iudicis
815 1343 903 1392 uooo
923 1343 1070 1408 prorsus
1092 1323 1193 1391 modo
1215 1328 1354 1389 nostrae

175 1449 277 1512 aetati
288 1447 409 1514 metius
424 1453 645 1532 attemperate
661 1453 695 1514 et
708 1447 887 1514 observatu
901 1447 1051 1530 faciliori
1062 1447 1351 1513 instaurarentur.

177 1571 264 1638 Idem
281 1593 319 1637 eo
342 1579 488 1658 tempore
512 1573 662 1640 iudicium
687 1574 748 1638 suit
772 1574 1003 1659 Episcoporum
1028 1573 1352 1664 Germaniaqplane

174 1699 351 1783 petentium
368 1703 401 1763 ut
417 1697 570 1784 Reputae
586 1699 758 1764 Iudicis...
778 1699 903 1764 recenti
925 1699 1088 1765 reuisioui
1103 1703 1135 1764 et
1156 1697 1352 1764 reductione

173 1821 424 1888 summittantur.
451 1821 573 1896 Quibus
604 1823 753 1908 Episcopi
786 1825 960 1889 concinunt
995 1845 1036 1889 ex
1071 1825 1183 1900 Italia,
1214 1824 1348 1909 aliisque

174 1964 193 2009 e
216 1944 402 2030 regionibns
426 1945 619 2029 complures.

267 2091 284 2131 e
301 2069 361 2144 Qui
379 2069 505 2153 quidem
522 2088 644 2142 omnes,
662 2071 688 2136 si
706 2075 897 2155 temporum,
914 2072 940 2136 si
957 2071 1175 2135 institutorum
1199 2071 1350 2151 civilium,

175 2196 201 2259 si
225 2214 350 2260 morum
383 2169 573 2279 populorum
604 2193 763 2259 habeatur
786 2196 878 2268 ratio,
904 2214 982 2260 sane
1007 2215 1111 2279 aequa
1133 2194 1296 2280 postulant
1318 2202 1352 2260 et

173 2338 246 2383 cum
277 2324 426 2383 materna
449 2318 616 2384 Ecclesiae
640 2326 772 2384 sanctae
796 2319 932 2384 caritate
960 2319 1196 2383 convenientia.
1221 2318 1350 2383 Etenim

173 2445 206 2506 in
229 2447 294 2506 tam
319 2443 418 2508 celeri
435 2423 638 2528 ingeniorum
661 2463 768 2515 cursu,
786 2443 892 2508 nullus
915 2449 964 2508 est
987 2444 1194 2509 scientiarum
1218 2463 1350 2529 campus

171 2570 206 2633 in
229 2588 291 2652 quo
314 2588 379 2632 non
396 2568 524 2633 litterae
539 2568 689 2634 licentius
705 2574 901 2643 excurrant;
926 2567 1000 2634 inde
1017 2568 1349 2670 pestilentissimorum

171 2692 327 2757 librorum
359 2691 542 2776 quotidiana
571 2693 736 2758 colluvies.
761 2692 852 2768 Quod
875 2713 955 2758 vero
979 2695 1110 2778 gravius
1133 2699 1191 2766 est,
1216 2694 1248 2758 in
1284 2699 1348 2758 tam

173 2818 289 2904 grandi
311 2817 396 2882 malo
418 2837 483 2882 non
508 2818 600 2883 modo
624 2820 800 2884 connivent
823 2818 878 2884 sed
902 2837 1052 2904 magnam
1075 2818 1240 2884 licentiam
1271 2817 1348 2884 dant

172 2943 261 3028 leges
291 2941 447 3027 publicae.
475 2943 560 3006 Hinc
592 2961 634 3007 ex
662 2961 726 3007 nna
758 2947 852 3026 parte
882 2943 1028 3026 suspensi
1062 2943 1349 3027 religioneanimi

172 3065 392 3150 plurimorum,
417 3084 461 3130 ex
483 3066 588 3130 altera
610 3063 764 3149 quidlibet
786 3065 915 3150 legendi
938 3067 1094 3149 impunita
1117 3066 1218 3150 copia.

264 3211 281 3250 a
295 3188 393 3252 Hisce
409 3189 507 3273 igitur
519 3187 727 3254 incommodis
742 3187 933 3254 medendum
946 3191 1008 3255 rati
1022 3189 1084 3254 duo
1097 3187 1246 3254 facienda
1258 3187 1348 3254 duxi-

171 3329 241 3375 mus
265 3331 306 3376 ex
330 3310 443 3396 quibus
467 3293 719 3398 norma'agendi
743 3313 774 3376 in
798 3312 861 3377 hoc
885 3331 1006 3398 genere
1023 3319 1114 3378 certa
1130 3317 1162 3377 et
1177 3313 1347 3398 perspicua

172 3433 319 3500 omnibns
335 3439 491 3521 suppetat.
510 3436 670 3502 Videlicet
694 3436 859 3504 librorum
875 3436 1088 3521 improbatae
1105 3435 1255 3502 lectionis
1271 3435 1345 3500 diti-

171 3559 363 3642 qeutissime
385 3560 581 3645 recoquosci
604 3560 766 3632 Iudicem,
791 3559 925 3625 subinde
949 3564 1109 3625 maturum
1133 3579 1206 3625 cum
1220 3579 1223 3584 ·
1237 3559 1345 3632 fuerit,

171 3683 216 3745 ita
246 3685 448 3768 recognitum
472 3683 599 3769 vulgari
631 3657 788 3750 iussimus.
815 3686 993 3749 Praeterea
1024 3683 1064 3750 ad
1094 3686 1180 3771 ipsas
1202 3683 1346 3770 Regulos

171 3811 309 3871 mentem
333 3805 507 3872 adiecimus
527 3827 652 3892 easque
666 3808 886 3880 decrevimus,
903 3808 1067 3875 incolumi
1082 3827 1203 3875 earum
1218 3813 1347 3874 matura

171 3930 303 4015 efficere
338 3933 514 4017 aliquanto
546 3933 717 4000 molliores
746 3933 795 3998 ita
820 3935 928 4016 plane
961 3938 998 3998 ut
1028 3933 1070 3999 iis
1100 3933 1344 4016 obtemperare,

170 4054 356 4123 dummodo
372 4057 449 4142 quis
463 4057 600 4142 impertio
623 4059 716 4124 mato
739 4077 810 4124 uou
832 4057 883 4132 sit,
906 4076 1012 4144 praue
1035 4057 1253 4142 arduumque
1276 4075 1346 4123 esse

169 4199 240 4246 nou
258 4183 376 4264 possit.
403 4184 440 4248 ln
464 4201 526 4266 quo
550 4201 614 4246 non
641 4181 735 4246 modo
767 4183 916 4267 exempla
941 4183 1106 4266 sequimur
1132 4183 1344 4247 Decessorum

172 4303 378 4378 Nostrorum,
411 4305 465 4371 sed
490 4311 671 4370 maternum
698 4305 866 4372 Ecclesiae
888 4304 1027 4370 studium
1055 4307 1235 4385 imitamur3
1263 4325 1345 4389 quae

169 4427 297 4510 quidem
320 4429 401 4494 nihil
418 4435 483 4495 tam
500 4431 657 4514 expetivit
679 4448 773 4513 quam
789 4449 824 4494 se
840 4428 1007 4513 impartire
1030 4428 1211 4515 benignam,
1228 4447 1345 4495 sanan-
