3290 5100
292 304 359 368 524
817 331 900 378 rans
924 331 947 377 1.

381 449 492 523 Quoad
523 451 722 516 conditiones
749 454 843 518 buius
871 455 1051 539 prohibitae
1078 457 1280 520 alienationis
1309 461 1344 523 et
1366 456 1475 540 quoad

291 595 414 660 genera
438 576 605 642 bonorum
629 577 773 643 subiecta
797 579 873 645 huic
897 580 1115 664 prohibitioni,
1136 581 1341 647 subaudimus
1365 581 1474 666 expli-

291 700 450 766 cationem
466 703 548 766 tituli
563 702 611 768 De
622 702 724 768 rebus
736 705 905 770 Ecclesiae
920 705 1115 772 alienandis
1130 709 1181 772 ael
1196 727 1276 779 aon,
1291 709 1344 791 qui
1360 707 1476 772 titulus

291 829 432 912 pertinet
448 828 488 893 ad
504 833 675 894 tractatum
694 830 743 894 lle
758 829 859 896 rebus
875 835 908 894 et
924 831 1027 895 solum
1045 832 1218 897 recolimus
1233 835 1265 896 in
1283 833 1345 897 bac
1362 831 1473 898 Const.

292 949 498 1017 Ambitiosoe
520 951 652 1017 decerni
676 952 759 1038 quod
783 956 810 1018 si
834 954 1013 1020 alienantes
1037 955 1121 1019 bona
1138 955 1305 1020 Ecclesiae
1327 955 1473 1040 praesul·

291 1083 390 1161 geant
404 1077 559 1162 dignitate
575 1079 756 1164 Episcopali
781 1080 833 1143 vel
857 1081 1018 1146 Abbatiali
1034 1081 1247 1148 subiicientur
1263 1102 1327 1146 non
1344 1103 1476 1146 excom-

292 1206 498 1270 municationi
522 1204 578 1268 sed
601 1225 725 1289 poenae
749 1206 910 1271 interdicti
928 1207 968 1271 ab
988 1210 1138 1292 ingressu
1161 1209 1194 1271 in
1219 1209 1409 1272 Ecclesiam.
1431 1211 1475 1272 At

291 1325 399 1393 const.
419 1330 480 1410 Ap.
499 1324 595 1392 Sedis
618 1326 658 1391 de
681 1327 853 1393 interdicto
878 1331 1073 1394 mentionem
1090 1350 1154 1394 non
1171 1331 1250 1394 fecit
1272 1350 1312 1394 ao
1334 1331 1474 1414 proinde

293 1453 464 1518 exulavit·

381 1579 561 1643 Praeterea
583 1585 698 1644 contra
722 1579 895 1646 inferiores
915 1582 1079 1665 praelatos
1103 1587 1135 1646 ot
1151 1581 1289 1646 clericos
1312 1581 1476 1646 habentes

291 1704 487 1792 dignitatem,
517 1711 731 1790 personatum,
756 1704 905 1778 officium,
937 1705 1138 1778 beneficium.
1171 1707 1389 1791 praebendam
1418 1709 1472 1770 vel

290 1831 613 1903 administrationem,
638 1833 663 1894 si
691 1830 834 1894 alienent
857 1831 942 1894 bona
975 1833 1097 1916 proprii
1120 1830 1268 1896 beneficii
1292 1832 1345 1896 vel
1370 1831 1472 1918 digni-

291 1958 364 2023 tatis
387 1961 460 2029 eto.‚
485 1955 596 2020 eadem
622 1956 848 2040 Extravagans
872 1955 980 2020 Consi.
1002 1954 1209 2021 Ambitiosae
1231 1955 1382 2021 decernit
1406 1958 1471 2040 pri-

290 2083 450 2146 vationem
474 2082 590 2146 borum
614 2083 730 2146 iurium
755 2083 823 2166 ipso
840 2081 926 2144 lacto
951 2080 1192 2145 incurrendam.
1207 2117 1224 2128 -
1244 2083 1370 2146 Verum
1395 2081 1473 2145 inde

290 2212 386 2272 enata
401 2211 449 2271 est
464 2207 597 2292 elegans
612 2207 770 2290 quaestio;
796 2225 910 2290 nempe
935 2211 1042 2270 utrum
1060 2206 1142 2270 baec
1158 2225 1262 2290 poena
1278 2207 1473 2289 privationis

289 2333 424 2417 amplius
448 2333 565 2416 vigeat,
582 2337 748 2415 postquam
772 2330 929 2394 articulus
954 2331 1059 2396 Const.
1080 2331 1143 2412 Ap.
1162 2329 1239 2396 Sed.
1265 2331 1346 2402 tulit,
1365 2330 1472 2413 quoad

289 2477 414 2532 aranee,
438 2458 618 2521 alienantes
645 2460 677 2519 et
702 2455 895 2540 recipientes
926 2455 1304 2519 excommunicationem.
1331 2455 1468 2538 lnquam

290 2620 308 2632 -
322 2583 437 2668 quoad
453 2601 569 2649 omnes
584 2601 617 2657 -;
631 2601 703 2645 nam
720 2587 817 2645 antea
828 2579 935 2646 (lonst.
952 2579 1159 2646 Ambitiosue
1171 2581 1347 2666 Episcopos
1361 2589 1393 2644 et
1407 2581 1471 2645 Ab·

288 2708 378 2773 bates
394 2707 581 2772 alienantes
597 2703 757 2791 plectebat
773 2706 945 2770 interdicto
961 2704 1001 2768 ab
1019 2705 1166 2788 ingressu
1184 2705 1371 2780 Ecclesiae;
1388 2705 1472 2772 alios

288 2833 451 2918 praelatos
474 2832 647 2896 inferiores
670 2832 860 2916 privationis
876 2850 988 2915 poena.
1007 2830 1103 2895 Modo
1121 2831 1267 2894 nonnulli
1286 2831 1348 2894 DD.
1368 2831 1471 2894 veluti

289 2956 694 3030 Lehmkuh111,a.97c
721 2960 889 3021 autumant
919 2957 1095 3040 Episcopos
1126 2962 1159 3020 et
1190 2955 1330 3020 Abbates
1361 2955 1472 3020 adbuc

288 3084 393 3148 teneri
416 3082 636 3148 tantummodo
660 3082 833 3146 interdicto
857 3080 923 3144 lato
945 3081 985 3146 ab
1004 3083 1140 3148 Extrav.
1159 3081 1376 3164 ambitiosae,
1403 3102 1471 3147 non

288 3210 620 3274 excommunicatione
642 3209 708 3272 lata
730 3227 750 3271 a
774 3207 881 3272 donst.
905 3207 971 3290 Ap.
990 3207 1087 3288 seu.‚·
1111 3211 1144 3271 et
1169 3207 1213 3271 De
1237 3207 1370 3291 Angelis
1395 3208 1428 3271 b.
1446 3215 1469 3272 Ι.

287 3353 322 3398 a.
347 3333 369 3397 A
392 3333 543 3417 opinatur
566 3331 626 3395 hos
650 3350 714 3395 non
744 3331 849 3394 teneri
878 3349 982 3412 neque
1010 3329 1193 3410 interdicto,
1217 3329 1377 3412 quiahoc
1401 3351 1470 3394 non

288 3459 458 3522 renovavit
481 3457 589 3522 Const.
610 3457 673 3538 Ap.
693 3455 781 3535 Sea,
805 3473 910 3538 neque
934 3455 1275 3526 excommunicatione,
1293 3455 1368 3536 quia
1387 3474 1470 3518 cen·

288 3602 365 3646 sura
387 3581 727 3646 excommunicationis
751 3583 881 3643 servata
904 3583 953 3643 est
975 3578 1176 3643 ad‘formam
1199 3578 1335 3642 Extrav.
1353 3579 1471 3646 Ambi-

289 3706 400 3773 tiosae.
426 3705 489 3772 Sed
513 3727 571 3770 nos
594 3707 759 3788 sequimur
784 3702 982 3770 D’Annibale
1005 3703 1039 3789 (t.
1062 3724 1089 3769 c.
1112 3723 1146 3769 n.
1171 3703 1248 3788 177)
1271 3705 1324 3787 qui
1348 3709 1471 3772 asserit

287 3829 619 3894 excommunicatione
651 3828 695 3892 ita
725 3828 924 3912 generaliter
954 3828 1020 3891 lata
1051 3828 1082 3890 in
1115 3825 1225 3893 Const.
1249 3827 1314 3912 Ap.
1339 3825 1420 3894 Sed.
1449 3864 1466 3876 ·

287 3973 403 4022 omnes
428 3989 445 4000 -
473 3973 607 4037 prorsus
641 3952 746 4015 teneri
778 3951 977 4034 recipientes
1008 3955 1040 4013 et
1071 3951 1261 4016 alienantes
1268 3972 1282 4034 ;
1313 3959 1345 4016 et
1377 3951 1469 4017 hunc

286 4081 450 4164 sequimur
473 4078 548 4144 dum
571 4079 738 4163 opinatur,
764 4075 882 4140 exinde
906 4096 1040 4160 poenam
1069 4077 1269 4161 pravalionis
1283 4074 1470 4143 ¹beneficio·

224 4189 226 4192 '
286 4227 357 4272 rum
382 4207 499 4270 iurium
523 4203 622 4269 fuisse
645 4202 812 4268 sublatam.
839 4200 1002 4286 utsupra
1025 4203 1149 4268 near.
1176 4203 1270 4268 Hanc
1293 4202 1471 4268 admittunt

286 4331 392 4396 adhue
411 4331 524 4414 vigere
548 4331 593 4394 De
616 4329 751 4414 Angelis
774 4329 794 4392 l.
817 4348 860 4410 c.;
883 4327 1058 4392 Sannina.
1082 4347 1115 4391 a.
1142 4328 1193 4392 14.

378 4458 513 4541 Insuper
526 4457 632 4521 Const.
647 4454 852 4520 Ambiliorae
867 4458 982 4518 contra
998 4473 1110 4518 omnes
1121 4452 1270 4518 decernit
1281 4453 1468 4520 nullitatem
