3312 5108
314 311 358 376 48
837 331 921 381 alas
946 333 968 380 1.

314 453 449 539 proinde
472 456 584 538 poenis
609 454 899 521 entraordinariis
921 453 1020 520 iudex
1036 455 1273 521 ecclesiasticus
1293 455 1499 520 animadver-

313 583 385 646 tere
408 583 513 666 potest
536 581 571 643 in
595 599 667 645 eum
691 597 770 643 sane
793 579 902 664 gravis
925 578 1041 664 culpae
1064 599 1128 644 non
1152 585 1319 664 expertem
1338 579 1395 666 (l).

403 703 457 770 30.
472 702 594 768 Causae
611 701 770 767 hactenus
785 702 967 768 recensitae
983 703 1125 768 animum
1141 703 1284 769 afficiunt
1297 705 1330 768 in
1342 703 1499 768 facultate

313 831 381 892 tum
406 825 635 912 capnoscitiua
656 831 723 891 tum
747 825 913 909 affectiva.
930 826 1061 892 Directa
1076 847 1156 891 reru
1170 825 1309 892 influunt
1328 828 1363 891 iu
1382 826 1497 890 volun-

314 955 414 1016 tatem
438 972 495 1016 seu
519 953 551 1014 in
576 951 662 1016 elect
663 953 768 1016 ionem
791 949 885 1016 liberi
910 951 1046 1026 arbitrii,
1070 951 1121 1018 uis
1144 957 1177 1017 et
1200 958 1317 1019 melus.

404 1077 466 1143 Vis
489 1077 622 1178 impedit
645 1096 878 1162 quamcumque
903 1077 1092 1144 electionem
1119 1100 1214 1162 quum
1231 1079 1430 1146 stimularis
1446 1078 1497 1143 rei

215 1293 218 1302 Ι
315 1202 419 1288 impet
420 1221 461 1268 ns
483 1204 538 1269 mci
561 1183 674 1269 resisti
696 1223 765 1269 nan
784 1208 904 1286 potest,

405 1326 510 1392 Metus
533 1347 598 1422 pon
621 1328 751 1412 perimit
773 1325 911 1392 liberum
936 1327 1105 1394 arbitrium
1122 1327 1205 1412 quod
1220 1333 1329 1392 tamen
1348 1333 1498 1393 movetur

315 1450 378 1516 snb
400 1452 522 1517 mentis
545 1451 772 1536 trepidatione
795 1451 836 1518 ab
854 1451 1050 1535 pmiculnm
1081 1452 1213 1518 instans
1235 1458 1301 1518 ant
1324 1451 1498 1534 futurarm·

315 1573 361 1637 ita
385 1561 469 1640 inim
493 1574 619 1641 definiri
644 1578 726 1642 solet
749 1582 862 1642 metus.
889 1612 908 1626 ·
934 1578 1082 1643 lamvero
1106 1577 1233 1661 quando
1256 1577 1371 1660 aliquis
1390 1577 1497 1661 legem

314 1700 415 1766 violat
437 1697 478 1763 ad
502 1694 716 1783 effugiendum
741 1699 920 1782 periculum
942 1717 1048 1784 praee
1071 1703 1103 1762 et
1133 1697 1191 1762 sibi
1224 1698 1342 1762 iniuria
1371 1695 1496 1762 illatum

316 1823 568 1895 seuinimstnm,
593 1821 779 1887 nonhabet
806 1823 1004 1908 propositum
1036 1820 1241 1906 delinquendi
1271 1821 1328 1887 sed
1360 1819 1497 1888 intendit

315 1947 349 2010 in
373 1965 462 2010 suam
486 1943 713 2010 defensionem.

406 2067 619 2143 Quamobrem
644 2069 723 2174 quis
740 2068 848 2156 legem
871 2068 997 2134 violans
1021 2088 1061 2134 ca
1082 2089 1246 2142 mensura,
1271 2087 1334 2153 qua
1357 2069 1497 2134 consulit

316 2192 497 2257 necessitat
492 2177 589 2255 rsuac
588 2165 815 2268 defensionis,
832 2210 897 2256 non
913 2190 1106 2276 intelligitur
1121 2190 1323 2275 delinquere;
1340 2196 1374 2256 at
1388 2191 1496 2257 delicti

316 2321 395 2385 tunc
417 2316 539 2384 malitia
561 2317 682 2402 incipit,
707 2337 780 2382 cum
804 2337 905 2404 agens
928 2319 963 2382 in
985 2317 1090 2404 legem
1118 2319 1251 2384 excedit
1278 2319 1361 2384 limit
1347 2324 1397 2385 tes
1419 2320 1497 2405 legi·

317 2446 414 2509 timae
438 2444 569 2524 tutelae,
586 2463 644 2508 seu
660 2445 883 2510 moderamen
906 2445 1103 2528 inculpatae
1126 2447 1258 2528 tutelae,
1276 2451 1311 2511 ut
1325 2445 1388 2512 dici
1404 2447 1496 2512 solet.

222 2536 225 2554 Ι
318 2571 405 2637 Hinc
428 2591 615 2657 aggressus.
632 2588 725 2634 arma
742 2575 936 2636 convertens
959 2572 992 2635 in
1016 2591 1242 2656 aggressuram
1266 2591 1404 2657 eumque
1427 2593 1500 2658 gra·

316 2696 403 2760 riter
425 2695 602 2758 vulnerans
627 2713 690 2758 non
714 2697 822 2778 patrat
845 2697 979 2768 crimen,
1005 2695 1175 2761 dummodo
1199 2691 1384 2762 offensionis
1410 2697 1497 2764 actio

317 2837 383 2883 non
405 2817 707 2906 praetergrediatur
730 2821 887 2884 terminos
910 2819 1115 2886 defensionis.

401 2942 564 3027 Magnum
580 2960 660 3006 vero
683 2941 821 3008 interest
844 2940 1017 3008 discrimen
1042 2941 1124 3026 quod
1140 2941 1241 3026 probe
1256 2941 1383 3007 adverti
1403 2941 1500 3008 debet

317 3067 403 3132 inter
426 3067 515 3151 leges
539 3065 692 3151 poenales
715 3066 827 3131 civiles
843 3072 876 3130 et
889 3067 979 3152 leges
1003 3066 1248 3148 ecclesiasticas,
1265 3071 1392 3132 metam
1413 3084 1497 3152 pra·

317 3207 394 3254 cem
417 3188 581 3262 iniustum
605 3187 690 3271 quod
713 3189 837 3254 attinet.
857 3223 874 3236 -
892 3187 976 3254 Nam
999 3188 1053 3253 hic
1068 3193 1173 3254 metus
1192 3206 1372 3273 provocans
1392 3189 1498 3252 civem

318 3313 358 3378 ad
382 3315 519 3379 aliorum
543 3315 616 3379 iura
631 3313 782 3379 violanda
805 3317 939 3380 excusat
953 3315 986 3377 in
1002 3313 1127 3399 legibus
1151 3312 1298 3378 civilibus
1313 3331 1332 3376 a
1349 3313 1496 3394 crimine,

318 3443 448 3503 servato
471 3438 706 3505 moderamine
729 3440 924 3522 inculpatae
948 3441 1088 3523 intelae;
1111 3439 1228 3522 quippe
1243 3443 1321 3504 tunc
1336 3438 1497 3503 suntiura

319 3561 460 3627 humana
475 3579 557 3644 quae
569 3561 606 3626 in
618 3562 825 3628 collisionem
842 3551 986 3642 veniunt·
1002 3566 1035 3626 et
1051 3563 1084 3625 in
1100 3561 1161 3626 hac
1177 3561 1265 3626 lucta
1279 3559 1449 3646 praevalet
1463 3561 1497 3624 iu

318 3689 439 3750 metum
455 3704 549 3770 passo
566 3687 615 3750 ius
631 3687 811 3771 personalis
829 3685 1025 3752 detensionis
1041 3687 1113 3756 iuri
1131 3707 1193 3770 quo
1206 3687 1261 3751 alii
1274 3688 1362 3752 cives
1375 3687 1499 3772 potiun-

319 3814 373 3874 tur
397 3807 437 3872 ad
461 3813 570 3873 sarcia
586 3815 618 3874 et
634 3815 720 3875 tecta
741 3809 966 3876 conservanda
984 3829 1043 3876 sua
1061 3809 1155 3876 bona.
1175 3845 1192 3858 -
1211 3808 1274 3876 Sed
1289 3811 1323 3873 in
1343 3807 1499 3890 sacietate

319 3933 539 3999 ecclesiastica
554 3953 619 3997 uon
636 3935 736 4000 semel
748 3937 820 3998 iura
832 3935 974 3999 humana
986 3934 1210 4000 contradicere
1225 3938 1359 4019 possunt
1373 3932 1499 3998 iuribus

319 4059 436 4125 divinis
452 4065 484 4125 et
500 4061 532 4123 in
548 4059 611 4124 hoc
627 4057 778 4125 conflictu
793 4060 888 4126 homo
911 4059 1005 4126 aedat
1020 4065 1146 4146 oportet
1162 4061 1239 4125 Deo.
1257 4059 1366 4126 Veluti
1382 4057 1500 4124 fedelis

320 4189 373 4272 qui
396 4191 535 4252 necatur
558 4185 618 4251 nisi
643 4186 742 4253 Deum
760 4190 866 4273 neget,
879 4187 965 4252 vitae
981 4190 1077 4251 antea
1093 4183 1276 4252 valedicere
1292 4163 1387 4251 debet
1402 4203 1500 4269 quam

409 4471 448 4540 (l)
468 4469 507 4524 Cf.
529 4469 707 4536 D'Annibale‚
726 4469 760 4536 ll,
779 4470 813 4524 38
832 4487 889 4542 seq.
