3290 5100
534 320 577 364 ua
601 319 753 366 numeris
777 321 820 367 ar
844 321 962 368 roaros
1272 303 1338 370 515

162 443 373 510 decernebat:
401 467 465 510 «..;
484 446 513 512 si
536 447 649 514 cleriei
670 445 812 528 suerint,
836 447 954 532 officiis
983 454 1013 512 et
1037 447 1203 534 beneficiis
1234 451 1337 516 eccle-

165 568 308 635 siasticis
328 569 537 652 spolientur;
560 570 589 634 si
613 570 692 636 laici
715 570 846 635 torrvdiu
869 576 1032 638 moneant
1061 573 1338 639 excommunico-

163 692 245 759 tiooi
271 693 417 767 subiecti,
442 693 549 760 doraec
579 694 793 778 solistumum
824 699 1104 778 competenter».
1130 696 1234 771 Quum
1259 718 1338 762 vero

163 818 269 883 donst.
294 818 359 902 Ap.
384 817 460 884 Sed.
493 819 771 885 indiscriminatim
794 822 954 904 loquatur,
979 821 1055 886 huic
1078 823 1338 887 excommunica-

163 945 241 1008 tioni
272 943 407 1010 subiecit
436 947 574 1013 clericos
604 951 637 1011 et
665 947 774 1020 laicos,
798 952 832 1012 et
862 950 1030 1031 quaeritur
1059 967 1100 1013 an
1132 969 1191 1035 per
1222 968 1339 1013 novam

163 1091 298 1156 poenam
323 1078 451 1138 veteres
474 1071 649 1158 abrogatae
673 1074 854 1139 censendae
881 1075 954 1148 sint,
979 1077 1053 1159 quia
1077 1096 1162 1141 nova
1189 1081 1340 1142 censetur

165 1198 267 1262 veteri
292 1197 475 1284 subrogata,
501 1219 543 1262 ex
567 1217 640 1281 cup.
658 1197 691 1272 4,
715 1199 824 1280 Sall„
849 1197 902 1264 De
924 1199 994 1266 iud.
1013 1201 1046 1264 X
1068 1198 1124 1284 (ΙΙ,
1144 1197 1185 1284 l).
1213 1201 1255 1264 Et
1276 1199 1340 1266 hoc

162 1317 302 1387 affirmat
318 1318 526 1402 D'Annibale‚
546 1322 673 1388 comm.
693 1321 755 1415 Ap.
775 1321 852 1386 Sed.
876 1341 909 1386 a.
927 1319 1003 1388 163.
1030 1321 1093 1386 Alii
1114 1320 1340 1389 contradicunt

163 1446 238 1527 quia
262 1446 294 1508 in
319 1447 370 1510 cit.
396 1465 465 1530 cap.
490 1447 524 1510 in
548 1445 685 1510 clericos
716 1447 867 1512 statuitur
891 1447 1030 1530 privatio
1054 1444 1283 1512 beneficiorum
1307 1453 1341 1512 et

163 1569 341 1636 officiorum
363 1572 428 1654 fer.
452 1578 535 1638 seat.
560 1575 592 1638 et
615 1570 654 1636 de
679 1573 769 1637 hisce
792 1573 905 1657 poenis
930 1573 1011 1638 nihil
1035 1577 1178 1638 statuere
1197 1573 1341 1639 intendit

164 1697 270 1762 Oonst.
297 1696 360 1780 Ap.
387 1696 493 1763 Sedis
518 1695 570 1762 Ita
600 1699 742 1762 sentiunt
769 1699 888 1764 (lomm.
913 1696 1071 1772 Patavini,
1097 1695 1170 1783 (lll.
1195 1697 1283 1784 339),
1308 1704 1341 1763 et

165 1822 267 1896 Ciuili,
290 1821 404 1905 5145.
430 1823 590 1898 Quocirca
614 1841 784 1888 versamur
807 1823 843 1888 in
866 1823 968 1890 dubio
991 1823 1078 1889 iuris
1102 1829 1134 1888 et
1156 1824 1234 1888 hine
1256 1823 1340 1908 quod

165 1947 329 2011 minimum
353 1951 402 2012 est
425 1948 606 2031 sequimur,
631 1946 846 2012 adhaerentes
873 1949 1052 2012 sententiae
1080 1946 1173 2014 Card.
1198 1946 1341 2013 D’Anni·

164 2070 247 2135 bale.
272 2071 423 2136 Ceterum
450 2072 533 2138 haec
564 2072 724 2138 sententia
747 2072 857 2135 verior
882 2071 1020 2148 videtur,
1044 2073 1120 2155 quia
1145 2073 1178 2136 in
1203 2071 1340 2138 clericos

163 2214 253 2261 nonu
268 2214 372 2280 poena
388 2196 561 2262 constituta
580 2200 638 2266 est,
656 2193 740 2260 unde
760 2201 809 2260 est
831 2195 922 2260 locus
944 2195 1188 2282 subropotiom'.
1205 2194 1341 2261 -Porro

164 2321 291 2404 quaudo
311 2341 376 2386 una
390 2341 494 2407 poena
510 2321 606 2386 alteri
621 2341 685 2386 non
702 2321 902 2408 intelligatur
917 2321 1113 2409 subropotu,
1128 2327 1208 2388 tunc
1227 2343 1293 2388 una
1308 2329 1340 2388 et

165 2446 270 2510 altera
292 2466 397 2531 poena
419 2448 522 2532 viget;
545 2447 646 2512 veluti
670 2447 704 2510 in
729 2465 805 2512 casu
829 2450 951 2526 nostre,
975 2446 1003 2510 si
1025 2447 1096 2529 quis
1110 2446 1237 2512 litteras
1253 2445 1339 2510 falsi-

166 2568 312 2638 ficaverit
326 2573 436 2654 eisque
452 2575 562 2657 postea
577 2591 653 2636 usus
668 2571 776 2653 suerit,
790 2575 959 2654 utramque
976 2571 1340 2636 excommunicationem

166 2699 313 2762 incurrit.

256 2823 392 2906 Insuper
408 2821 564 2886 articulus
580 2822 724 2888 nominat
739 2821 841 2886 solum
858 2821 984 2886 litteras
1001 2819 1210 2905 Apostolicas,
1228 2820 1340 2885 exclu-

166 2947 270 3012 dendo
301 2946 521 3032 epactarum
550 2950 584 3010 at
614 2945 741 3011 crimini
772 2945 804 3010 in
832 2964 871 3009 aa
902 2964 939 3010 re
969 2949 1198 3030 cooperatores
1233 2943 1339 3029 punit,

166 3091 280 3158 nempe
304 3091 401 3156 quum
424 3089 540 3154 opero,
565 3091 629 3134 non
653 3069 790 3155 simplici
813 3070 958 3150 oonsilio,
987 3074 1112 3136 utentes
1137 3067 1339 3135 coadiuvant.

166 3199 301 3283 inquam
331 3233 348 3245 -
372 3201 502 3263 alentes
527 3233 544 3244 -
569 3216 626 3262 seu
649 3215 714 3260 non
740 3195 969 3280 falsificoatea
998 3198 1023 3261 si
1051 3196 1194 3262 amenter
1222 3197 1341 3281 stipsi

165 3324 305 3388 iecerint
327 3342 393 3387 non
415 3341 509 3387 secus
532 3341 571 3387 ac
595 3321 767 3406 complices
794 3322 981 3388 occesserit.
1008 3357 1025 3369 -
1051 3320 1160 3395 Quare
1187 3326 1342 3404 utrosque

166 3452 340 3514 excusaret
363 3449 544 3534 ignorantia
568 3447 664 3512 etiam
688 3449 852 3530 affectato,
877 3447 968 3511 iuxta
991 3445 1076 3512 dicta
1097 3464 1177 3532 pop.
1202 3445 1262 3510 59.
