3266 5102
548 315 591 363 un
616 315 770 362 nnnroms
794 315 836 362 ar
860 315 980 364 renuis
1279 297 1344 362 115

160 437 292 501 Exinde
315 435 456 501 moribus
479 437 534 501 lex
557 437 602 502 ita
625 441 757 522 recepta
780 443 828 503 est
850 442 886 504 ut
908 438 999 503 nulla
1022 439 1246 520 requireretur
1264 455 1344 520 poe-

159 580 228 626 nce
251 558 384 626 inflictio
407 567 462 626 aut
485 561 682 634 declaratio,
707 561 763 626 sed
787 561 942 628 criminis
971 562 1234 649 expostularetur
1257 581 1343 628 com-

160 683 309 769 probatio
326 705 382 749 seu
398 684 583 759 declaratio,
600 687 647 749 uti
670 690 760 750 notat
777 686 980 761 Thesaurus;
1005 684 1210 769 quamobrem
1229 705 1342 770 super-

159 827 323 880 vacanea.
348 829 412 872 non
443 813 518 872 sunt
547 808 649 872 verba
679 809 761 894 legis
793 829 874 893 quae
905 809 1033 882 iubent,
1057 807 1148 874 nulla
1179 807 1343 874 declarata

159 952 275 1018 poena,
294 935 416 998 crimen
439 933 657 998 tantummodo
674 933 945 1018 comprobandum
970 955 1051 999 esse.
1069 935 1137 1000 Usu
1159 953 1238 998 vero
1255 953 1343 1000 rece-

159 1061 233 1142 pes
259 1077 325 1122 non
356 1057 455 1122 luisse
477 1060 511 1123 in
535 1059 621 1121 omni
652 1057 764 1142 rigore
788 1077 909 1144 poenas
933 1059 997 1123 hac
1020 1060 1191 1124 severiore
1218 1060 1343 1123 ratione

158 1182 253 1256 latas,
279 1185 451 1268 praecipue
475 1183 653 1249 desumitur
676 1204 719 1248 ex
734 1185 909 1251 contrariis
933 1185 1107 1249 Doctorum
1123 1181 1342 1270 opinionibus;

160 1325 263 1391 quare
287 1309 318 1372 in
343 1307 437 1373 dubio
461 1310 569 1373 mitior
592 1310 752 1375 sententia
774 1308 915 1374 tenenda
932 1314 989 1381 est,
1015 1310 1190 1394 praecipue
1214 1309 1247 1372 in
1271 1327 1344 1393 poe·

160 1431 300 1496 nalibus.
325 1431 372 1496 cf.
405 1431 605 1497 D'Annilrale
628 1433 667 1516 (Ι.
693 1432 780 1518 309).
808 1433 879 1498 Hoc
902 1433 1062 1518 principio
1089 1431 1213 1497 reflexo
1241 1432 1342 1497 resol-

159 1564 283 1623 vuntur
306 1558 511 1640 quaestiones
535 1577 617 1640 quae
641 1559 836 1624 obiiciuntur
867 1579 909 1624 ex
935 1557 1071 1624 testibus
1100 1557 1208 1624 allatis
1238 1563 1271 1623 et
1300 1579 1343 1623 ex

160 1682 233 1746 aliis
256 1681 288 1745 id
311 1701 425 1766 genus.
453 1717 470 1729 -
496 1681 710 1747 Nihilominus
741 1681 963 1748 difficultatem
991 1681 1071 1748 lacit
1093 1702 1199 1767 poena
1220 1682 1287 1748 lata
1309 1683 1342 1746 in

160 1809 400 1871 examinatores
431 1805 602 1891 synodales
625 1808 828 1872 simoniacos.
846 1807 943 1873 -Sed
968 1806 1099 1874 attende
1123 1811 1172 1873 est
1195 1807 1343 1893 specialis

159 1932 244 1996 ratio
280 1929 338 1996 sub
374 1951 437 2015 qua
471 1933 620 2016 imposita
650 1936 700 1997 est
730 1931 961 1998 beneficiorum
996 1933 1135 1998 amissio.
1168 1933 1227 1997 His
1258 1933 1342 1996 enim

159 2058 308 2142 imposita
332 2061 381 2121 est
402 2058 448 2121 uti
472 2057 616 2121 conditio
647 2057 787 2122 dimissio
818 2055 1049 2124 beneficiorum
1080 2078 1140 2143 pro
1172 2057 1344 2123 obtinenda

159 2179 362 2248 absolutione
385 2201 405 2246 a
427 2184 505 2248 vitio
528 2184 693 2247 simoniae.
716 2181 826 2257 Quare
849 2181 889 2248 ab
913 2184 989 2267 ipsis
1011 2182 1272 2248 satisfaciendum
1296 2187 1345 2248 est

160 2306 337 2372 conditioni
368 2309 551 2372 amissionis
581 2307 728 2372 beneficii
761 2328 825 2372 non
850 2307 973 2373 directe
1003 2309 1037 2372 in
1066 2327 1201 2394 poenam
1225 2307 1280 2374 sed
1304 2306 1345 2372 ad

160 2431 368 2496 obtinendam
399 2431 640 2496 absolutionem.
667 2432 758 2498 Unde
778 2453 845 2497 non
883 2433 991 2518 agitur
1013 2432 1054 2497 de
1077 2434 1257 2518 privatione
1288 2432 1344 2498 sed

159 2555 199 2620 de
223 2554 418 2640 obligatione
441 2557 482 2620 ad
504 2555 662 2622 beneficia
685 2555 882 2622 dimittenda.
909 2557 1039 2622 Suarez.
1065 2558 1086 2622 l.
1112 2577 1138 2622 c.
1162 2557 1255 2631 VIII,
1280 2555 1332 2623 13.

249 2681 459 2779 7431>0enas
482 2701 562 2745 vero
593 2700 674 2766 pure
703 2681 882 2770 aequaeuo
916 2701 974 2746 seu
1001 2680 1250 2753 inhabilitantes
1275 2681 1345 2766 pri-

156 2809 272 2868 vantes
296 2824 412 2889 nempe
435 2825 499 2870 non
523 2787 595 2870 iure
619 2807 682 2869 iam
706 2775 851 2889 quaesito
875 2805 933 2870 sed
950 2806 1129 2890 capacitate
1153 2805 1288 2870 iuridica
1304 2806 1345 2870 ad

158 2929 231 2993 iura
254 2929 460 3011 acquirenda,
485 2949 635 2994 necnon
659 2951 783 3016 poenae
806 2931 993 3010 irritantes,
1010 2935 1076 2994 tum
1101 2950 1143 2994 ex
1167 2931 1345 2995 intentione

156 3053 250 3138 legis,
270 3057 340 3116 tum
365 3073 406 3117 ex
429 3058 547 3118 natura
570 3055 686 3118 harum
710 3073 888 3139 poenarum
912 3053 1130 3118 aestimandae
1154 3058 1233 3131 sunt
1252 3073 1344 3129 suum

157 3172 512 3276 PQfisssjffetllfss,
524 3178 603 3275 ‘ipso
619 3177 709 3260 facto
734 3181 808 3242 ante
832 3195 1075 3276 quamcumque
1090 3176 1203 3241 iudicis
1220 3181 1345 3252 senten-

158 3299 524 3397 tiam-declaraturam:
548 3323 608 3387 pro
624 3279 726 3387 praxi
743 3303 826 3367 haec
842 3307 1016 3368 teneantur
1039 3305 1215 3387 praecepta
1230 3298 1266 3365 D'
1279 3302 1345 3366 An·

158 3425 268 3490 nibale
293 3427 314 3490 l.
341 3449 366 3493 c.
396 3429 476 3492 «De
499 3427 550 3492 his
574 3447 655 3511 qnae
679 3429 867 3512 acquirendi
887 3430 1098 3512 capacitatem
1121 3426 1264 3491 adimunt
1279 3447 1343 3491 non

157 3553 236 3616 satis
253 3552 415 3624 convenit,
429 3573 503 3617 narn
521 3552 645 3636 quidam
659 3558 773 3617 tenent
788 3554 876 3618 nulla
891 3553 1039 3638 indigere
1056 3553 1218 3617 sententia
1232 3550 1345 3615 iudicis

156 3675 393 3750 declaratoria;
418 3649 483 3740 alii
504 3681 620 3742 contra
650 3683 777 3762 putant:
803 3678 881 3741 mihi
904 3679 994 3762 prior
1026 3677 1186 3742 sententia
1216 3674 1345 3740 videtur

155 3799 273 3866 vamur
296 3796 329 3883 (a
351 3820 413 3883 qna
436 3801 473 3890 in
494 3801 566 3865 foro
591 3805 729 3865 externo
753 3801 811 3864 vix
842 3799 1026 3866 recedimus
1053 3805 1108 3866 aut
1131 3819 1172 3862 ne
1195 3800 1252 3863 vix
1274 3799 1345 3882 qui·

156 3922 261 4009 deml:
285 3926 448 4008 posterior
480 3931 551 3990 tuto
575 3926 607 3989 in
631 3924 703 3989 foro
727 3926 954 3990 conscientiae.
985 3925 1027 3990 Et
1050 3923 1133 3989 idem
1161 3923 1201 3988 de
1232 3924 1345 4008 poenis

155 4048 361 4113 irritantibus
389 4069 515 4132 quoque
537 4049 710 4114 tenendum
733 4054 858 4134 puto».
883 4049 1005 4133 Nempe
1027 4068 1087 4132 pro
1111 4047 1184 4111 soro
1208 4051 1346 4111 externo

156 4171 285 4255 quando
309 4172 409 4238 iudex
433 4173 503 4238 sive
526 4174 699 4238 aestimare
721 4173 838 4239 debeat
862 4171 998 4239 effectus
1020 4173 1136 4237 harum
1168 4190 1345 4256 poenarum

155 4297 224 4360 sive
248 4316 309 4381 per
331 4299 523 4363 sententiam
548 4296 719 4362 declarare
743 4297 873 4364 easdem
897 4297 996 4362 fuisse
1020 4297 1223 4369 commissas,
1244 4297 1346 4400 inten-

157 4420 237 4484 tioni
260 4420 343 4506 legis
359 4421 530 4486 inhaereat
544 4421 714 4488 iudicando
730 4441 854 4507 poenae
874 4419 1008 4488 effectus
1023 4442 1043 4486 a
1058 4423 1224 4486 momento
1239 4421 1347 4484 crimi-
