3306 5102
517 319 559 364 un
583 319 736 366 nnmoms
761 320 802 365 nr
826 320 944 366 porrus
1252 303 1318 368 295

144 437 266 502 clarior
281 435 317 502 fit
332 443 364 502 et
379 437 650 504 accommodatior
665 441 740 525 quia
755 439 1013 524 irregularitates
1030 446 1105 505 sunt
1121 460 1242 525 poenae
1260 443 1318 504 im-

143 562 295 647 propriae
311 568 343 628 et
357 564 447 647 quasi
464 562 682 630 inhabilitates
696 563 776 629 adeo
793 569 827 630 ut
842 565 906 630 DD.
925 565 977 649 qui
1000 565 1210 651 expostulant
1233 567 1317 629 irre-

143 688 326 772 gularitatis
349 709 537 775 expressam
560 692 707 758 notitiam
730 691 771 756 ad
794 691 880 756 hanc
902 690 1131 757 incurrendam
1149 691 1320 760 videantur

143 814 336 881 subvertere
359 823 549 902 conceptum
573 818 824 904 irregularitatis
852 837 912 882 nec
940 837 1005 882 non
1034 819 1178 884 criminis
1201 819 1317 883 eccles.

146 940 358 1006 Nihilominus
382 942 546 1007 contraria
570 943 730 1008 sententia
761 948 810 1008 est
841 943 1017 1008 communis
1041 949 1073 1008 et
1096 942 1126 1008 S.
1153 943 1319 1028 Alphonso

153 1065 230 1146 Vll,
253 1064 321 1131 351
344 1064 482 1133 habetur
504 1065 588 1132 sctis
612 1065 810 1150 probabitts:
834 1065 876 1132 of.
902 1066 1082 1151 Schmalzg.
1108 1068 1127 1134 t.
1146 1088 1172 1133 c.
1190 1085 1224 1132 a.
1241 1067 1318 1131 108.

146 1191 190 1256 At
212 1189 298 1254 hanc
316 1209 376 1254 nos
399 1189 543 1258 dicemus
565 1191 754 1258 eatriasece
774 1192 981 1276 probabilem,
1007 1213 1070 1257 non
1094 1211 1173 1258 sane
1195 1193 1319 1258 intrin-

144 1315 368 1382 secaveram
392 1316 454 1381 hoc
477 1318 555 1382 satis
578 1322 627 1382 est
650 1323 685 1382 ut
708 1337 879 1383 versemur
902 1319 934 1382 in
959 1317 1060 1385 dubio
1084 1319 1180 1383 iuris.
1197 1317 1319 1384 —Sed
1411 1335 1415 1342 ·

145 1437 325 1523 Schmalzg.
350 1441 371 1505 l.
397 1460 424 1506 c.
448 1459 481 1504 n.
506 1439 578 1506 108
601 1440 695 1508 docet
725 1441 871 1526 regulam
902 1460 923 1505 a
952 1440 1044 1506 nobis
1074 1442 1252 1526 expositam
1284 1441 1321 1506 in

143 1565 253 1646 prasci
282 1570 469 1649 receptam,
501 1566 683 1632 terrendam
713 1567 853 1634 ornatae
885 1585 964 1633 esse.
989 1567 1060 1632 Non
1084 1568 1188 1631 minus
1211 1565 1320 1631 decre-

143 1687 229 1752 torio
250 1687 394 1753 eamdem
418 1686 644 1774 complectitur
667 1689 892 1764 Sumen—XL,
909 1689 944 1770 5,
963 1689 1041 1774 9sq.

234 1811 309 1878 201.
327 1812 506 1876 Praeterea
517 1813 684 1896 quaeritur
696 1831 737 1876 an
751 1813 804 1896 qui
817 1810 930 1876 dubius
947 1817 996 1876 est
1011 1815 1118 1876 utrum
1131 1812 1198 1896 ipse
1215 1813 1320 1876 incur·

144 1938 227 2001 rerit
258 1937 532 2024 irregularitatem
563 1939 638 2022 quia
660 1942 811 2002 versatur
835 1937 888 2001 vel
911 1937 944 2000 in
968 1936 1070 2002 dubio
1092 1937 1180 2002 iuris
1202 1938 1254 2001 vel
1286 1939 1318 2001 in

145 2061 247 2128 dubia
273 2061 373 2145 facti,
400 2063 675 2148 irregularitatem
704 2063 881 2127 incurrisse
912 2061 1066 2126 dicendus
1089 2063 1141 2126 sit.
1175 2062 1226 2126 Ad
1249 2082 1319 2127 rem

144 2190 226 2253 istae
248 2188 383 2274 regulae
407 2193 596 2254 teneantur:

282 2314 313 2399 l)
330 2315 368 2379 In
384 2315 495 2400 primis
511 2319 668 2398 quatenus
679 2313 812 2379 dubium
830 2319 879 2381 est
896 2314 1125 2388 collectivum,
1142 2315 1213 2399 quis
1232 2314 1321 2380 sedu-

144 2439 209 2504 lam
225 2458 356 2524 operam
373 2438 528 2506 adhibere
551 2439 645 2505 debet
661 2437 701 2502 ad
717 2439 941 2523 inquirendam
958 2441 1146 2514 veritatem
1170 2438 1220 2503 fas
1236 2440 1320 2504 enim

145 2565 192 2628 illi
216 2585 281 2629 non
304 2570 353 2630 est
376 2567 420 2631 ita
435 2564 602 2660 dubitanti,
619 2585 683 2629 non
699 2565 888 2650 praehabita
909 2566 1124 2650 inquisitione,
1141 2586 1177 2631 se
1199 2565 1321 2631 habere

144 2687 186 2754 ab
211 2689 452 2773 irregularitate
475 2691 664 2764 immunem;
689 2709 783 2754 secus
807 2690 891 2752 enim
916 2709 951 2754 se
974 2695 1154 2773 exponeret
1176 2691 1321 2775 periculo

145 2809 285 2875 violandi
308 2812 411 2896 legem
438 2810 621 2892 Ecclesiae,
647 2810 729 2894 quod
749 2817 799 2876 est
821 2831 923 2896 grave
946 2815 1123 2895 peccatum.
1151 2812 1323 2880 Dumtaxat

146 2935 355 3020 excipiendus
371 2941 420 3000 est
435 2955 528 3000 casus
544 2955 606 3019 quo
623 2942 738 3020 urgeat
753 2937 863 3022 gravis
877 2937 1052 3002 necessitas
1068 2943 1100 3001 et
1116 2942 1240 3024 tempus
1257 2959 1321 3003 non

145 3066 294 3146 suppetat
309 3060 549 3127 deliberationis
573 3063 647 3145 quia
666 3061 843 3146 periculum
861 3063 957 3128 estin
974 3081 1074 3135 mora,
1092 3067 1204 3148 utputa
1225 3083 1320 3146 quum

146 3185 294 3252 beneficii
311 3185 499 3272 capessendi
514 3187 671 3252 amittitur
686 3187 814 3252 occasio
829 3186 891 3252 nisi
908 3187 1015 3251 statim
1028 3186 1111 3253 istud
1124 3193 1320 3272 acceptetur.

147 3313 276 3380 Etenim
299 3313 389 3399 leges
405 3311 642 3378 ecclesiasticae
667 3333 730 3376 non
755 3311 897 3398 obligant
913 3331 986 3376 cum
1008 3317 1073 3376 tam
1090 3314 1181 3399 gravi
1206 3313 1321 3376 incom-

147 3437 251 3502 modo.
278 3436 577 3524 Schmalzgrueber.
602 3439 622 3504 l.
648 3437 700 3504 cit.
724 3458 757 3503 a.
776 3436 824 3502 78
829 3457 843 3521 ;
867 3437 1276 3522 s.nlph0ns.‚V11,316.

281 3562 314 3650 2)
338 3563 370 3630 Si
395 3563 585 3649 praehabita
600 3563 744 3648 diligenti
768 3563 973 3646 inquisitione
988 3565 1058 3647 quis
1074 3563 1131 3629 sibi
1150 3561 1322 3630 efformare

147 3709 214 3754 non
236 3688 344 3754 valeat
362 3687 574 3771 probabilem
598 3689 826 3754 conscientiam
852 3691 926 3772 quia
949 3688 1054 3754 obstat
1077 3707 1141 3754 non
1164 3709 1321 3774 spernen·
1365 3688 1370 3697 '

148 3813 221 3876 dum
247 3831 347 3898 grave
370 3810 499 3877 dubium
522 3813 590 3878 sive
614 3812 701 3878 iuris
719 3813 788 3876 sive
810 3809 903 3893 sacti,
921 3817 998 3877 tunc
1015 3811 1247 3878 recurrendum
1272 3819 1322 3881 est

146 3936 187 4002 ad
211 3938 369 4022 principia
392 3937 560 4022 generalia
583 3956 665 4021 quae
688 3936 905 4002 determinant
929 3958 992 4002 non
1015 3939 1138 4004 incurri
1161 3940 1322 4024 irregula-

148 4063 277 4128 ritatem
295 4061 421 4127 dubiam
438 4063 505 4128 sive
522 4082 568 4129 ecc
583 4063 659 4128 iure
674 4065 742 4128 sive
758 4082 804 4129 ea
821 4063 923 4144 facto.
948 4064 1077 4138 Suarea,
1095 4065 1165 4130 XL.
1191 4067 1222 4130 6.

282 4187 316 4272 3)
340 4186 452 4263 Quoad
477 4187 618 4254 dubiam
641 4187 728 4254 iaris
752 4208 816 4254 non
839 4190 964 4254 incerta
987 4195 1037 4254 est
1059 4191 1207 4255 voluntas
1230 4191 1323 4274 legis·

148 4312 270 4394 latoris,
292 4333 388 4398 quum
411 4313 445 4378 in
469 4331 543 4396 cap.
561 4313 611 4384 18,
637 4313 686 4380 De
708 4319 792 4384 seat.
817 4332 947 4380 eccam.
972 4314 1009 4379 ia
1032 4315 1056 4378 6
1079 4314 1234 4389 edicatur,
1251 4334 1322 4380 nort

147 4439 282 4504 iactrrri
311 4437 604 4522 irregularitatem
634 4437 701 4501 nist
729 4437 811 4503 haec
840 4439 877 4503 ia
908 4438 984 4504 iure
1010 4438 1052 4504 sit
1075 4457 1248 4520 capressa.
1279 4439 1323 4502 At
