3302 5100
748 276 957 326 abnuerunt
980 275 1031 323 111.

814 523 912 579 Garun
931 523 968 578 X.

582 670 627 725 De
646 669 860 724 denunciatione
877 683 1034 738 praemon
1054 667 1201 721 librorum

382 849 433 900 ’27.
453 847 585 910 Quamvis
604 846 806 903 catholicorum
824 847 950 902 omnium
968 845 1014 910 ait,
1033 845 1155 900 maxime
1172 859 1269 899 eorum
1287 843 1336 915 qui
1351 842 1486 898 doctrina

299 951 473 1021 praevalent,
492 951 662 1022 perniciosos
681 951 768 1006 libroa
787 952 941 1022 Episcopia,
953 955 1004 1006 aut
1017 949 1196 1021 Apostolicae
1214 948 1278 1004 Sedi
1296 947 1487 1010 denunciam

300 1057 329 1112 id
347 1063 441 1114 umen
460 1059 575 1130 speciali
593 1059 678 1114 titulo
698 1061 820 1130 pertinet
833 1061 867 1114 ad
882 1060 1011 1126 Nuntios,
1031 1059 1181 1130 Delegatoe
1200 1057 1386 1128 Apostolieoa
1405 1055 1486 1112 loco·

301 1181 363 1220 rum
381 1139 551 1228 ordinarios,
569 1170 654 1237 atque
669 1166 802 1221 Rectoree
816 1167 1041 1222 Univeraitatum
1053 1165 1196 1220 doctrinae
1214 1163 1298 1220 laude
1312 1164 1486 1218 florentium.

384 1271 433 1350 ¹28.
454 1271 572 1341 Expedit
592 1276 622 1325 ut
635 1271 664 1325 in
683 1287 831 1342 pravorum
850 1271 986 1326 librorum
1005 1271 1221 1326 denunciatione
1240 1287 1295 1325 uon
1313 1268 1405 1324 solum
1418 1269 1486 1324 libri

302 1375 402 1432 titulun
420 1377 568 1442 indicetur,
587 1377 634 1432 sed
649 1379 744 1444 etiam,
758 1377 848 1450 quoad
862 1377 924 1434 fieri
937 1382 1038 1448 puteat,
1051 1393 1152 1432 musae
1165 1381 1342 1448 exponantur
1358 1377 1395 1431 ob
1414 1393 1488 1447 quoe

301 1482 375 1538 liber
392 1500 510 1538 censura
527 1484 629 1554 dignua
647 1485 834 1540 existimatur.
853 1485 890 1540 lia
909 1490 1003 1540 autem
1016 1485 1051 1539 ad
1063 1501 1133 1558 quoe
1151 1483 1331 1539 denunciatio
1348 1482 1486 1549 defertur,

301 1594 428 1645 sanctum
447 1593 511 1656 erit,
528 1590 757 1646 denunciantium
775 1593 890 1647 nomina
908 1597 1018 1648 secrete
1035 1607 1156 1646 servare.

391 1698 434 1752 29.
456 1699 609 1766 Ordinarii‚
634 1701 720 1754 etiam
746 1705 889 1772 tamquam
916 1699 1045 1769 Delegati
1071 1699 1149 1754 Sedis
1174 1697 1368 1768 apostolieae,
1388 1696 1488 1761 libros,

302 1803 415 1876 tubaque
427 1807 532 1876 scripta
546 1810 629 1860 noxia
641 1809 669 1860 in
683 1825 734 1860 sua
751 1807 874 1863 Dioeeeai
889 1805 965 1862 edita
977 1806 1022 1861 vel
1040 1806 1141 1860 diffusa
1154 1807 1335 1876 proscribere,
1349 1810 1408 1861 ete
1427 1821 1489 1859 rna·

303 1907 385 1963 uibus
397 1908 519 1964 fidelium
532 1911 642 1965 auterre
654 1911 793 1965 studeant.
806 1910 850 1965 Ad
862 1909 1054 1980 Apostolicum
1065 1909 1198 1964 iudicium
1211 1926 1246 1964 ee
1257 1909 1387 1965 delerant
1398 1926 1489 1980 opera

303 2015 348 2070 vel
367 2016 479 2086 scripta,
498 2033 569 2087 quae
594 2017 725 2072 subtilius
750 2033 868 2073 examen
893 2017 1019 2085 exigunt,
1037 2015 1083 2071 vel
1102 2017 1130 2070 iu
1149 2017 1251 2087 quibua
1273 2016 1308 2070 ad
1331 2015 1488 2071 salutarem

303 2121 432 2176 effectum
452 2123 684 2194 consequendum,
703 2139 849 2194 supremae
867 2123 1045 2177 auctoritatis
1063 2123 1206 2177 sententie
1224 2121 1330 2193 requiri
1345 2121 1488 2176 videatur.

787 2354 947 2410 TITULUS
965 2354 999 2409 ll.

693 2501 739 2556 De
759 2500 902 2556 Geuanra
919 2497 1096 2555 Librorum.

826 2679 924 2736 Garun
943 2679 963 2736 l.

1071 2765 1088 2794 θ

540 2805 581 2858 De
601 2803 741 2860 Praetutia
762 2805 901 2860 librorum
920 2821 1057 2860 censurae
1073 2807 1250 2877 praepositis.

393 2963 436 3018 30.
456 2964 546 3018 Penes
558 2980 628 3035 quos
640 2969 764 3034 potestas
776 2965 814 3020 sit
826 2981 967 3020 sacrorum
987 2963 1137 3020 bibliorum
1150 2964 1289 3020 editiones
1301 2968 1331 3018 et
1343 2962 1489 3019 versiones

305 3069 460 3140 adprobare
478 3070 523 3126 vel
543 3071 706 3141 permittere
725 3089 760 3127 ex
779 3071 814 3125 iie
832 3070 933 3143 liquet,
952 3089 1024 3143 quae
1043 3088 1127 3142 supra
1145 3070 1183 3141 (n.
1201 3071 1230 3140 7)
1249 3074 1357 3125 statuta
1375 3073 1451 3124 aunt

394 3175 437 3231 31.
457 3176 555 3232 Libros
574 3178 608 3231 ab
628 3177 791 3247 Apostolica
809 3178 880 3234 Sede
902 3179 1071 3249 proscriptae
1095 3193 1176 3233 nemo
1201 3178 1304 3233 audeat
1327 3177 1432 3232 iterum
1457 3177 1488 3231 in

304 3282 396 3337 lucem
415 3282 512 3348 edere;
530 3283 603 3354 quod
625 3285 648 3338 si
674 3301 722 3360 ex¹
735 3285 814 3354 gravi
843 3291 872 3340 et
900 3285 1061 3340 rationabili
1090 3302 1190 3352 causa,
1209 3284 1362 3354 singularia
1389 3283 1489 3354 ulique

305 3387 433 3456 exceptio
457 3384 558 3440 bacin
577 3405 607 3442 re
627 3388 799 3443 admittenda
824 3389 966 3454 videatur,
987 3387 1014 3443 id
1040 3405 1181 3460 nunquam
1205 3389 1269 3454 fiet,
1288 3387 1342 3442 nial
1367 3389 1489 3442 obtenta

305 3491 382 3561 prius
401 3492 503 3548 Sacrae
522 3492 623 3547 indicis
641 3492 876 3564 congregationis
895 3494 1019 3560 licentia,
1032 3495 1205 3566 sanatisque
1224 3493 1433 3548 conditionibus
1451 3495 1489 3548 ab

305 3611 339 3651 ea
358 3595 544 3666 praescriptis.

395 3700 439 3755 32.
458 3701 535 3763 Quae
560 3703 594 3756 ad
621 3719 718 3756 causas
742 3703 986 3760 Beatificationum
1011 3709 1041 3760 et
1065 3704 1314 3760 Canonizetionum
1336 3703 1490 3759 Servorum

306 3805 356 3862 Dei
375 3812 525 3878 utcumque
544 3808 694 3878 pertinent,
707 3811 812 3880 absque
830 3811 1008 3881 beneplacito
1022 3809 1255 3880 Congrenatiouia
1267 3810 1360 3865 Sauria
1373 3810 1490 3866 Ritibun

304 3914 415 3970 tuendis
434 3916 617 3986 praepositae,
636 3915 774 3986 publicari
792 3921 944 3989 nequeunt

393 4018 437 4074 33.
456 4020 531 4076 Idem
549 4021 695 4076 dicendum
713 4022 747 4078 de
759 4021 979 4078 collectionibus
993 4023 1173 4080 Decretorum
1192 4023 1368 4094 singularum
1385 4023 1490 4078 Roma·

306 4144 405 4181 narum
427 4126 701 4198 Congregatiouum
728 4128 781 4184 hae
808 4130 939 4184 nimirum
965 4130 1154 4188 Collectiouea
1181 4132 1225 4186 edi
1254 4137 1414 4203 nequeant,
1434 4131 1489 4185 niei

307 4236 424 4289 obtenta
441 4237 518 4305 priua
536 4236 665 4304 licentia,
683 4242 714 4293 et
738 4239 856 4293 servatis
880 4239 1086 4294 conditionibus
1104 4258 1122 4295 a
1140 4239 1361 4296 moderatoribus
1386 4237 1488 4294 noima

306 4342 440 4415 cuiusque
458 4342 691 4415 congregationis
708 4347 894 4417 praescriptio
