3312 5108
263 281 305 348 10
691 363 695 372 ⁸
772 301 856 350 runs
879 301 902 347 1.

347 424 377 489 9.
403 425 494 490 Haec
517 423 679 508 inquisitio
703 443 785 508 quae
815 424 921 490 adhuc
956 426 1080 490 animos
1116 427 1277 511 exagitat,
1307 425 1435 490 enixius

259 545 380 611 institui
410 549 515 633 coepit
544 547 602 612 sub
626 549 755 613 saeculo
777 548 1000 634 praeterlapso
1028 549 1267 635 aphilosophis
1296 553 1329 614 et
1356 551 1437 614 iuris

259 671 436 737 criminalis
463 674 585 758 peritis,
609 674 663 758 qui
686 671 726 738 ad
750 693 887 739 examen
918 680 1111 740 revocantes
1133 675 1365 761 qualecumque
1388 679 1439 742 ius

260 797 424 878 potestatis
446 795 559 868 civilis,
584 799 728 862 severius
752 797 967 881 inquisierunt
989 798 1022 862 in
1038 799 1102 862 vim
1120 803 1152 864 et
1175 819 1266 863 usum
1290 799 1437 886 publicae

259 921 422 988 facultatis
445 922 607 1007 puniendi.
631 959 650 970 -
673 926 727 1004 At,
750 924 835 987 malo
859 922 935 996 fato,
961 922 1002 987 ab
1025 925 1126 1003 initio,
1142 943 1162 988 a
1177 924 1316 988 veritate
1339 925 1438 1009 longe

259 1045 431 1112 aberrandi
460 1047 639 1112 huiusmodi
670 1049 831 1132 inquisitio
855 1049 982 1114 occasio
1005 1048 1075 1113 fuit.
1105 1049 1235 1113 Revera
1258 1054 1335 1113 tunc
1358 1054 1436 1114 tem·

259 1173 346 1256 poris
369 1171 487 1239 abusus
509 1193 574 1238 non
598 1173 735 1240 deerant
757 1175 789 1238 in
813 1176 926 1262 poenis
949 1174 1162 1240 decernendis
1179 1181 1212 1240 et
1226 1174 1435 1262 applicandis.

260 1297 292 1358 et
307 1295 493 1380 poenarum
506 1297 660 1368 atrocitas
683 1297 890 1381 ipsarumque
912 1317 989 1362 usus
1004 1315 1069 1361 non
1085 1296 1185 1361 semel
1207 1295 1438 1381 improbandus

260 1417 404 1484 odiosum
418 1415 597 1484 offecerant
612 1427 644 1484 et
659 1424 840 1504 suspectum
857 1418 1019 1504 publicum
1045 1420 1181 1504 poenale
1205 1421 1435 1504 magisterium.

260 1539 322 1614 Qui
338 1542 422 1604 enim
438 1561 593 1606 summam
610 1541 728 1626 publici
752 1543 881 1626 imperii
905 1541 1101 1613 obtinebant,
1127 1542 1324 1609 invocabant
1346 1546 1437 1628 prin-

260 1666 376 1750 cipium
396 1689 414 1728 e
431 1665 532 1732 Solus
552 1665 690 1750 publico
713 1685 876 1750 supremo
900 1668 957 1733 len
979 1674 1047 1734 esto
1065 1688 1093 1732 s.
1120 1666 1204 1732 Huic
1228 1666 1438 1733 fundamento

259 1793 407 1858 innixum
433 1792 493 1858 fuit
519 1797 662 1879 systema
691 1794 828 1880 poenale
859 1792 1156 1878 Romanorumn),
1180 1812 1285 1877 neque
1317 1793 1439 1859 idcirco

260 1969 427 2024 evolvendae
445 1974 474 2023 at
492 1971 521 2024 in
550 1971 657 2038 praxim
680 1969 843 2024 iudiciorum
868 1969 1070 2039 explicandam,
1089 1969 1156 2040 quin
1176 1969 1312 2024 rationem
1338 1969 1438 2040 exqui-

260 2072 386 2126 ranivel
407 2073 577 2142 perpendant
602 2071 758 2126 huiusmodi
785 2072 886 2142 legum.
908 2071 943 2126 Hi
970 2070 1160 2126 iurisconsulti
1188 2087 1259 2141 pene
1278 2085 1439 2141 persuasum

260 2181 402 2236 habebant
426 2183 469 2241 ius
490 2181 635 2236 criminale
655 2198 709 2234 non
731 2197 810 2250 posse
830 2181 906 2251 exigi
928 2181 961 2234 ad
985 2181 1120 2235 scientiae
1139 2196 1282 2248 supremas
1307 2184 1336 2233 et
1354 2181 1440 2232 abso-

260 2287 334 2342 lutas
353 2303 471 2342 normas.
491 2287 592 2342 Nostro
611 2294 640 2342 et
660 2287 801 2358 superiore
822 2286 943 2352 saeculo,
957 2288 986 2340 in
1005 2287 1113 2357 primis,
1125 2287 1153 2339 in
1174 2285 1255 2339 ltalia
1276 2284 1440 2354 Filangieri,

259 2391 399 2456 Becearia,
416 2393 541 2456 Ranazui,
566 2393 704 2460 Cremoni,
730 2393 913 2463 Romaguosi,
934 2393 1121 2463 Carmignani,
1141 2392 1269 2457 Carrars,
1291 2392 1438 2446 scientiam

259 2500 327 2554 iuris
346 2501 500 2554 criminalis
519 2501 712 2564 vindicarunt;
734 2503 763 2554 st
781 2515 954 2569 magnopere
974 2503 1171 2570 provexerunt.
1186 2527 1201 2538 -
1222 2498 1252 2550 Iu
1268 2498 1361 2552 Gallia
1379 2517 1440 2552 ma-

261 2608 309 2676 gni
328 2609 407 2667 fiunt,
427 2608 500 2662 inter
520 2605 676 2674 hodiernos,
700 2606 840 2673 Molinier,
862 2605 1050 2677 Proyrammc
1071 2607 1110 2658 du
1136 2609 1264 2660 coursdc
1283 2607 1358 2658 droit
1387 2607 1441 2659 cri·

261 2713 349 2768 minei
376 2741 390 2754 -
409 2713 550 2778 Bertauld,
574 2715 662 2768 Cours
680 2715 715 2768 de
735 2715 802 2767 code
824 2714 960 2783 percolat
981 2713 1074 2778 lecons
1096 2713 1132 2765 de
1155 2712 1315 2780 lepislction
1340 2712 1439 2764 crimi-

260 2821 480 2888 nalia-Morio,
492 2820 783 2892 Repdrtoireqe'ndrol
802 2821 841 2874 du
859 2823 935 2874 droit
953 2821 1083 2874 criminel
1097 2848 1111 2859 -
1124 2818 1224 2884 Tissot,
1241 2818 1434 2872 Introduction

261 2929 278 2979 d
301 2925 403 2981 l'dtndc
428 2928 467 2980 dn
491 2929 566 2980 droit
587 2927 676 2998 ponci
700 2955 712 2968 ·
738 2926 829 2990 Proal,
846 2927 884 2980 Le
906 2929 1034 2980 crimeet
1058 2925 1179 2996 lapsine
1199 2952 1214 2964 -
1234 2924 1264 2978 ln
1284 2923 1441 2986 Germania,

261 3033 375 3099 Berner,
394 3033 667 3105 Reynold-Scbirtzs,
690 3035 798 3104 Meyer,
817 3034 954 3088 Von·Bar.
982 3063 997 3073 -
1020 3033 1051 3086 In
1074 3032 1217 3102 Hispania,
1236 3035 1265 3087 at
1285 3031 1441 3094 Lusitania,

263 3139 376 3205 Silvela,
400 3140 506 3204 lordao,
531 3141 642 3194 Ferrae.
671 3168 685 3181 ·
705 3141 733 3193 ln
753 3139 857 3210 Anglia
877 3137 1008 3208 Stephon,
1029 3138 1133 3192 Harris.
1155 3167 1170 3178 -
1189 3139 1242 3193 Sed
1262 3138 1342 3192 modo
1362 3155 1439 3207 prae·

263 3249 319 3300 stat
343 3246 467 3312 innuere,
486 3245 558 3317 quod
577 3246 651 3300 inira
668 3246 841 3300 documentis
868 3245 1077 3314 explicabimus,
1099 3244 1169 3310 soil,
1188 3244 1329 3298 Ecclesiae
1348 3241 1439 3298 Cano-

263 3368 327 3418 nas,
341 3352 481 3416 Doctores,
494 3357 523 3407 et
543 3353 759 3421 praestantiores
783 3352 945 3422 Magistros,
972 3351 1001 3404 in
1021 3352 1117 3420 primis
1137 3351 1163 3404 S.
1186 3349 1335 3416 Thomam,
1349 3348 1439 3404 scien-

264 3459 320 3513 tias
333 3459 485 3513 criminalis
498 3461 583 3514 etiam
602 3459 692 3513 civilis
705 3463 819 3513 aeterna
832 3463 861 3514 et
874 3457 1005 3512 absoluta
1021 3457 1157 3526 principia
1170 3456 1272 3510 diserto
1285 3453 1439 3508 tradidisse.

353 3565 392 3636 (l)
411 3566 441 3618 ln
459 3565 574 3635 digestis
596 3566 665 3619 iuris
687 3565 803 3620 Romam
830 3565 865 3618 de
890 3565 950 3618 iure
974 3564 1084 3633 poenali
1109 3567 1198 3632 agunt
1223 3563 1270 3617 lib.
1291 3561 1393 3617 XLVII
1411 3568 1442 3616 et

264 3673 427 3737 XLVlll,in
446 3673 546 3744 quibus
564 3674 722 3728 referuntur
740 3672 896 3726 sententiae
916 3669 1194 3735 iurisconsultorum,
1214 3685 1312 3738 nempe
1331 3667 1439 3722 Volusii

265 3778 386 3832 Mociani
399 3797 432 3832 ex
452 3794 549 3848 opere:
569 3779 611 3832 De
627 3779 749 3848 publicis
769 3777 895 3871 iudicia,-
914 3774 1022 3830 Clatrdii
1042 3775 1193 3840 Saturnini,
1213 3776 1254 3828 Do
1269 3775 1369 3844 poenis
1385 3791 1439 3843 pa·

264 3905 417 3960 pariorum,
436 3890 465 3940 et
483 3884 564 3938 Pauli
584 3885 758 3940 celeberrimi
778 3882 966 3937 iurisconsulti
985 3884 1021 3936 ob
1040 3899 1109 3952 opus
1129 3884 1267 3952 Receptus
1288 3883 1441 3936 sententiae

265 3997 314 4066 (dc
331 3997 429 4067 poenis
446 4010 623 4066 papauerum
640 4024 657 4034 -
675 3995 710 4047 de
720 3993 819 4063 poenis
831 3992 954 4044 militnm
971 4021 988 4030 -
1007 3991 1042 4044 de
1053 3991 1151 4059 poenis
1170 3995 1294 4044 omnium
1315 3991 1411 4058 leptim
1424 4017 1439 4027 -

266 4105 299 4158 rio
319 4101 553 4157 extraordinariis
572 4099 733 4153 criminibus
750 4128 768 4136 -
786 4101 821 4152 de
837 4065 958 4168 putido
977 4095 1112 4166 indiciis),
1123 4096 1191 4149 item
1206 4093 1330 4164 Ulpiani,
1343 4093 1441 4148 Mode-

265 4208 340 4274 stini,
360 4204 504 4269 lilarciani,
517 4208 545 4258 et
558 4210 611 4258 cet.
630 4231 644 4244 -
664 4202 698 4256 Hi
718 4203 883 4256 nontexunt
901 4199 1037 4270 quoddam
1055 4201 1219 4270 organicum
1238 4202 1362 4270 systema
1375 4212 1439 4266 poe·

265 4314 329 4368 nale
347 4311 394 4366 sed
413 4311 447 4365 ad
466 4307 591 4379 singulos
615 4327 695 4362 casus
714 4324 762 4378 pro
781 4323 831 4361 suo
854 4323 930 4361 more
955 4309 1094 4376 reponunt
1118 4306 1280 4374 exponendo
1305 4303 1442 4373 principie

267 4415 417 4487 profundae
441 4413 604 4484 aequitatis,
623 4417 652 4467 et
671 4413 882 4482 probatissimae
905 4409 1095 4480 philosophiae
1121 4408 1242 4464 moralis.
1263 4406 1390 4462 Leibnitz
1408 4405 1442 4462 da
