3306 5102
931 421 997 478 ff
1012 407 1028 442 ι
1037 449 1134 526 peonis
1151 445 1195 510 M.
1213 443 1398 510 haereticos
1419 466 1489 531 pru

292 583 328 630 S?

292 715 301 745 t

435 1022 912 1192 5A„atamrt'fflsseroticorum
939 1070 1001 1154 filii
1025 1075 1056 1136 ct
1079 1071 1154 1138 ideo
1179 1070 1390 1157 irreputares
1419 1091 1490 1156 qua

416 1160 719 1320 Mareell'f‘llezffld
735 1193 912 1281 appareat)
931 1215 1000 1261 non
1016 1196 1149 1262 sublata
1164 1197 1211 1262 ad
1226 1196 1365 1262 ord-ines
1386 1197 1490 1262 etiam

524 1279 580 1342 ”M
593 1327 746 1424 (spument
768 1325 798 1385 et
817 1326 1073 1404 promoventur,
1090 1341 1174 1387 num
1190 1321 1254 1387 rite
1276 1327 1308 1388 et
1327 1321 1491 1388 canonice

477 1459 653 1578 t'fiurmtet
669 1451 939 1528 promoveantur
953 1467 1000 1513 an
1015 1467 1094 1514 vero
1110 1446 1321 1533 indipuerint
1345 1453 1376 1512 et
1399 1447 1488 1512 indi-

369 1531 674 1690 W'Z'Zgfflatione
684 1565 726 1633 ab
741 1567 996 1654 irreputaritate
1007 1570 1078 1634 iam
1093 1569 1183 1635 dictu
1197 1589 1213 1633 r
1228 1569 1280 1633 cui
1294 1571 1489 1653 rescriptum

361 1657 459 1814 ΕΤ(
473 1712 617 1790 Αιιιιηποε
626 1692 824 1773 praedictos
838 1693 1024 1780 indipuisse
1046 1699 1077 1759 et
1092 1694 1129 1758 in
1141 1699 1317 1776 posterum
1334 1693 1490 1779 indipere

347 1771 562 1944 §afflatione
583 1815 697 1898 quoad
723 1817 940 1899 praedictam
966 1818 1277 1904 irrepuloritatem;
1296 1818 1489 1900 petentibus

340 1993 408 2054 mo
428 1939 644 2026 oeconomiam
675 1941 961 2023 dispensationem
979 1962 1009 2018 »;
1034 1943 1170 2007 alteram
1201 1943 1337 2007 relatam
1361 1943 1395 2006 in
1418 1942 1489 2009 Gol-

331 2092 461 2168 Jecpflea
483 2067 511 2130 S.
537 2063 568 2126 C.
595 2061 634 2126 de
660 2064 754 2150 Prop.
782 2065 849 2130 Fid.
867 2066 973 2131 datam
996 2085 1016 2130 a
1041 2065 1072 2131 S.
1091 2065 1205 2133 Officio
1229 2067 1284 2132 die
1309 2066 1488 2132 dDecem·

327 2210 387 2284 pas
408 2189 495 2258 1898
516 2189 560 2251 ita
582 2195 785 2274 conceptam:
814 2191 1045 2258 ‹Haereticas
1074 2189 1122 2256 ad
1148 2191 1251 2275 fidem
1285 2191 1487 2256 catholicam

321 2330 487 2398 conuersos
510 2329 551 2376 ac
572 2311 660 2396 filios
683 2314 929 2382 haereticorum
952 2317 1063 2400 quiin
1079 2316 1211 2382 itaer-esi
1229 2316 1418 2399 persistunt
1434 2317 1487 2381 vet

317 2435 436 2514 mort-rai
458 2440 545 2506 sunt.
570 2437 616 2502 ad
640 2439 794 2520 primum
817 2445 848 2506 et
871 2441 1057 2507 secundum
1086 2441 1237 2526 pradum
1260 2459 1328 2523 per
1357 2441 1486 2505 lineam

309 2567 500 2652 paternam.
525 2581 591 2644 per
617 2570 810 2631 maternam
836 2586 916 2633 cero
946 2567 993 2632 ad
1018 2567 1176 2651 primum
1203 2567 1387 2632 dumtaaeut
1415 2584 1488 2631 esse

311 2683 518 2765 irrepntares
533 2685 675 2771 ideoque
690 2689 938 2773 dispensatione
953 2693 1106 2778 indipere
1128 2697 1167 2757 ut
1193 2692 1240 2756 ud
1261 2696 1439 2757 tonsuram
1455 2695 1488 2756 et

310 2806 446 2874 ordines
468 2821 768 2890 promoveantur»
788 2815 842 2903 (l).
871 2817 949 2883 Inde
964 2818 1091 2883 deducit
1114 2816 1153 2881 cl.
1172 2819 1305 2889 Auctor,
1324 2816 1386 2880 hac
1402 2817 1484 2880 irre·

309 2929 482 3014 gulositate
505 2933 599 3018 affici,
619 2957 664 3004 eoo
687 2940 805 3007 delicto
828 2942 985 3022 haeresis,
1010 2942 1193 3007 haereticos
1216 2942 1275 3026 qui
1301 2941 1488 3006 danznatae

308 3059 416 3120 sectae
446 3065 520 3123 sunt
550 3061 701 3148 adscripti
726 3065 795 3130 sive
818 3085 837 3130 a
861 3069 1029 3132 nativitate
1056 3069 1124 3132 sive
1148 3087 1191 3131 ex
1214 3066 1347 3151 propria
1379 3066 1485 3150 culpa,

309 3178 369 3243 etsi
390 3184 487 3248 nulla
509 3186 630 3253 iudicis
651 3191 815 3256 sententia
835 3193 1077 3288 ¹intervenerit5
1101 3193 1206 3259 ethis
1229 3196 1383 3257 accenset
1407 3192 1487 3256 alios

309 3303 368 3384 qui
386 3323 452 3386 per
474 3308 596 3376 indicis
618 3316 817 3380 sententiam
837 3318 1066 3398 personaliter
1091 3316 1249 3382 damnati
1277 3314 1424 3397 suerum
1446 3314 1486 3379 de

308 3426 445 3505 haeresi,
470 3436 651 3520 schismate,
675 3443 834 3526 apostasia
858 3443 919 3508 etsi
941 3443 987 3508 ad
1009 3443 1163 3528 aliquam
1186 3443 1259 3508 iam
1283 3443 1483 3510 emistentern

308 3558 433 3620 sectam
457 3559 669 3636 haereticam,
693 3565 943 3632 schismaticam
973 3568 1025 3632 vel
1056 3567 1103 3632 ad
1130 3566 1299 3632 ethnicum
1329 3565 1484 3650 aliquam

308 3681 579 3760 superstitionem
600 3707 670 3753 non
694 3690 901 3756 transierint.
928 3725 945 3740 -
971 3692 1061 3756 Alios
1084 3696 1190 3758 autem
1221 3691 1408 3756 haereticos
1431 3709 1484 3754 ex-

308 3805 418 3869 ternos
448 3810 507 3874 sed
538 3830 607 3877 non
634 3813 815 3881 damnatos
845 3835 907 3882 nec
932 3818 1164 3899 personaliter
1193 3835 1256 3882 nec
1277 3816 1315 3880 in
1336 3815 1485 3898 propria

307 3933 397 3993 secta
419 3933 487 3997 sive
510 3935 653 4002 occultos
668 3941 736 4003 sive
759 3939 903 4024 publicos
919 3949 1010 4027 putat
1025 3963 1090 4008 non
1105 3962 1177 4007 esse
1196 3939 1400 4027 irregulares
1424 3939 1481 4002 nisi

396 4124 436 4194 (l)
456 4125 481 4179 S.
502 4128 586 4200 Cong.
601 4131 627 4184 S.
641 4133 689 4186 ott.
709 4134 810 4189 iterum
830 4137 1005 4192 confirmavit
1018 4137 1090 4192 hanc
1109 4137 1316 4207 responsionem
1329 4135 1377 4190 die
1396 4134 1484 4188 ere·

309 4242 517 4301 emutilare.
538 4247 698 4302 Huiusmodi
718 4247 908 4318 quaestionem
927 4247 977 4299 sub
997 4248 1125 4314 respectu
1138 4241 1358 4313 irregularitatis
1371 4239 1481 4295 diremit

308 4373 417 4429 quoque
431 4363 456 4415 S.
470 4364 555 4432 Cong.
568 4360 685 4415 Consilii
699 4360 728 4413 in
742 4358 867 4412 Romana
881 4355 950 4412 1718
969 4357 1014 4410 die
1033 4355 1070 4407 21
1088 4353 1166 4408 matt.
1183 4349 1253 4404 Vide
1271 4346 1344 4419 apud
1359 4345 1482 4408 Richter,

309 4461 382 4516 Edit·
406 4467 484 4524 Cone.
510 4469 595 4536 Tria,
615 4488 640 4539 p.
662 4470 720 4524 lOl.
