3296 5108
345 305 413 372 430
861 328 945 375 runs
962 329 984 374 1.

341 451 383 516 ad
411 451 656 536 imprimendum
680 470 813 536 operam
837 459 1013 538 praestant.
1039 453 1164 518 Verum
1191 453 1226 518 hi
1252 459 1407 518 tenentur
1430 456 1520 538 quasi

344 581 580 658 cooperatores
602 575 796 640 materiales
803 595 818 657 3
842 574 912 640 ideo
936 583 1072 642 excusat
1102 595 1158 640 eos
1184 577 1345 647 damnum,
1371 582 1405 642 ut
1433 583 1521 663 puto,

344 699 567 782 gravissimum
582 703 717 777 tanturn,
743 697 859 783 quippe
882 718 941 782 per
964 717 1058 782 quam
1083 700 1276 784 gravissima
1298 699 1462 783 pernicies
1480 718 1522 764 ex
1624 775 1625 780 ἵ

344 823 454 906 pravis
470 819 561 885 libris
577 822 608 884 in
622 821 802 886 Ecclesiam
819 826 851 885 et
867 822 1052 886 societatem
1070 821 1244 886 dimanant.
1258 823 1392 887 Demum
1410 821 1522 904 desen·
1624 807 1625 812 ἵ

343 947 426 1011 dere
453 945 702 1030 quomodolibet
709 965 722 1028 ;
746 965 862 1030 nempe
888 945 957 1009 sire
987 947 1137 1012 codicem
1160 967 1202 1011 ne
1221 949 1365 1013 intereat
1388 953 1422 1012 ut
1447 965 1524 1012 ecce

345 1073 370 1136 si
384 1071 556 1156 prohibeas
573 1071 717 1136 comburi
730 1071 782 1135 vel
795 1069 879 1137 tradi
896 1071 1078 1146 ordinari0;
1092 1075 1160 1136 sive
1175 1073 1382 1153 doctrinam,
1396 1071 1524 1136 damna·
1624 1147 1625 1150 Ἴ

346 1202 410 1261 tam
435 1197 559 1261 scilicet
582 1195 627 1280 (l)
653 1217 682 1260 ›.

435 1323 510 1386 342.
538 1322 717 1389 prohibitio
739 1329 846 1388 autem
871 1325 976 1410 prouti
1001 1322 1139 1388 edicitur
1155 1325 1187 1386 in
1212 1327 1327 1387 nostra
1351 1323 1462 1388 Const.
1480 1327 1526 1386 est
1624 1289 1625 1332 i

347 1447 399 1513 rel
423 1446 577 1513 obuoluto
601 1447 652 1512 rel
676 1449 839 1530 relatioo;
862 1454 894 1512 et
917 1449 1060 1514 relatiua
1085 1448 1252 1533 multipiici
1277 1434 1525 1532 significatione.

436 1570 622 1638 Prohibitio
654 1579 701 1636 est
732 1572 886 1640 absoluto
914 1575 1005 1638 iuxta
1036 1574 1229 1639 sententiam
1260 1580 1393 1637 nostrae
1417 1572 1525 1636 Const.
1624 1543 1625 1584 i

347 1695 474 1779 quando
488 1696 571 1760 liber
583 1696 773 1781 prohibetur
785 1718 826 1762 ne
839 1697 961 1770 edatur,
975 1697 1112 1782 legatur.
1127 1699 1318 1778 retineatur,
1332 1695 1527 1761 defendatur
1624 1673 1625 1690 ἵ

346 1827 381 1882 et
411 1817 611 1904 prohibetur,
635 1818 761 1902 aequali
785 1821 923 1900 ratione,
948 1819 1050 1903 quoad
1075 1839 1195 1884 omnen.

438 1947 496 2010 Est
525 1947 669 2011 relation
700 1945 816 2028 primo
849 1947 920 2012 loco
952 1945 1080 2030 quando
1111 1945 1194 2010 liber
1225 1945 1447 2010 tantummodo
1480 1943 1526 2009 edi
1624 1991 1625 2016 ,

349 2089 414 2134 non
438 2070 635 2154 permittitur
658 2072 727 2134 sine
750 2071 909 2154 permissu
942 2070 1133 2154 Superioris.
1159 2072 1283 2135 scilicet
1308 2089 1374 2134 non
1399 2075 1529 2134 servata
1624 2041 1625 2100 ἒ

349 2195 500 2278 quodam
524 2193 734 2260 rotenzoitote
764 2197 979 2277 eontrinreco;
1003 2197 1057 2279 qui
1088 2195 1171 2260 liber
1198 2201 1306 2259 tamen
1331 2194 1437 2258 editus
1462 2195 1529 2258 sine

350 2319 525 2403 superioris
542 2319 638 2382 venia
652 2338 712 2403 per
728 2337 763 2383 se
779 2339 844 2384 non
862 2319 1051 2404 prohibetur
1067 2321 1133 2406 topi
1141 2340 1154 2401 ,¹
1177 2339 1242 2384 non
1259 2321 1336 2384 satis
1357 2321 1444 2382 enim
1471 2317 1529 2382 hoc

350 2443 561 2526 exprimitur;
586 2443 629 2506 ita
653 2443 809 2525 Gennari,
832 2440 1028 2517 Pennacchi‚
1047 2443 1268 2508 Vermeersch
1283 2442 1318 2506 ll.
1340 2461 1398 2520 cc,
1416 2447 1531 2505 contra

350 2566 465 2633 Portos
489 2569 509 2632 l.
535 2587 563 2633 e.
584 2588 619 2650 p.
643 2568 713 2632 114.

439 2689 617 2756 Praeterea
641 2692 811 2776 aliquando
834 2697 882 2758 est
905 2695 1050 2759 rotatico
1073 2692 1113 2757 ad
1137 2698 1259 2758 certam
1283 2694 1424 2779 speciem
1457 2713 1531 2778 per-

350 2835 502 2881 sonarum
528 2818 664 2882 ethaeo
689 2824 737 2882 est
760 2817 915 2900 quaedam
940 2839 1024 2882 nova
1047 2820 1258 2904 praescriptio
1283 2839 1366 2902 quae
1398 2821 1533 2902 antiquo
1624 2883 1625 2916 ,

351 2944 423 3006 iure
446 2962 511 3006 non
535 2941 771 3008 continebatur.

442 3067 586 3148 Denique
608 3068 751 3131 relativo
775 3068 838 3130 alio
857 3087 954 3130 sensu
970 3067 1087 3131 dicitur
1103 3031 1260 3149 quatenus
1280 3067 1534 3149 prohibitione

351 3185 437 3254 liber
452 3189 575 3262 edatur,
593 3191 662 3254 sine
679 3190 786 3274 aliqua
803 3195 934 3256 servata
954 3190 1136 3256 conditione
1159 3210 1193 3254 se
1217 3191 1321 3255 refert
1347 3195 1474 3256 tantum
1497 3189 1533 3254 ad

353 3311 454 3377 libros
477 3315 509 3376 in
531 3317 694 3398 posterum
711 3314 859 3380 edendos
875 3319 907 3378 et
923 3334 986 3378 non
1003 3311 1101 3378 afficit
1116 3316 1179 3379 iam
1197 3314 1323 3395 eclitos,·
1341 3333 1384 3378 ex
1396 3312 1535 3379 adverso

354 3437 528 3523 prohibitio
541 3438 614 3502 libri
632 3437 671 3502 ob
689 3439 757 3503 eius
772 3439 992 3504 intr-inserunt
1004 3439 1196 3512 motorium,
1209 3437 1309 3504 afficit
1321 3440 1418 3502 etiam
1436 3439 1535 3503 libros

355 3565 418 3628 ium
442 3563 568 3644 editor;
591 3571 623 3627 et
647 3563 776 3648 planum
801 3571 857 3630 est.
884 3563 930 3630 Of.
952 3561 1184 3634 Vermeersch,
1205 3583 1241 3645 p.
1267 3562 1322 3626 44.

352 3811 510 3873 corrector,
533 3825 584 3862 nec
606 3807 652 3878 qui
675 3808 805 3862 editionis
827 3809 965 3878 impensus
991 3809 1111 3873 faciunt,
1134 3808 1235 3878 quippe
1261 3818 1401 3862 remotum
1425 3823 1534 3878 opernm

357 3917 500 3982 praestant
512 3929 536 3970 »-
552 3913 602 3974 Qui
623 3915 650 3967 in
671 3915 872 3968 recentioribus
886 3913 1080 3985 typographiis
1099 3915 1192 3982 ignem
1214 3913 1360 3996 machinae
1379 3914 1535 3976 admovent,

354 4025 384 4073 et
404 4019 487 4074 aliter
506 4021 662 4075 inserviunt
681 4023 796 4088 muneri,
815 4039 868 4091 per
886 4039 915 4074 se
935 4038 988 4074 non
1002 4022 1130 4074 ordinato
1144 4020 1177 4074 ad
1190 4024 1414 4090 impressionem,
1433 4029 1535 4074 remote

357 4131 527 4180 concurrunt
545 4127 579 4180 ad
598 4144 666 4196 opus
686 4129 886 4198 impressionis.
905 4126 1096 4182 Vermeersch.
1116 4127 1135 4179 l.
1156 4145 1177 4181 e.
1195 4145 1223 4196 p.
1244 4127 1296 4180 45.

447 4235 568 4304 (1)Non
594 4235 703 4288 ridetur
728 4237 849 4289 retinere
874 4235 922 4306 qui
948 4239 1041 4288 custos
1066 4240 1108 4288 est
1134 4232 1324 4289 bibliothecae
1346 4249 1398 4288 nec
1422 4233 1473 4287 atii
1491 4233 1534 4303 qni

353 4340 463 4392 custodi
478 4341 646 4404 inserviunt3
662 4357 724 4394 unm
738 4357 836 4396 revera
848 4341 901 4411 ipsi
916 4357 970 4396 non
980 4343 1105 4396 detinent
1117 4345 1168 4395 aut
1182 4341 1333 4410 possident.
1345 4337 1534 4395 Vermeerseh.
1624 4333 1625 4382 ἶ

359 4447 378 4496 l.
400 4464 422 4498 o.
438 4464 467 4516 p.
490 4449 540 4499 45.
