3266 5102
510 315 553 362 na
578 314 732 362 nunionis
755 315 798 362 rr
822 315 941 362 rossus
1251 297 1314 360 141

133 439 254 504 dictam
279 440 459 515 criminum,
476 441 649 505 incertum
673 445 816 525 tempus;
832 438 915 504 bene
933 441 1060 504 veroin
1083 443 1208 523 tempus
1232 438 1317 504 inde·

131 565 354 637 terminatum,
384 584 548 649 quousque
578 585 654 630 reus
683 565 865 650 resipuerit.
883 564 977 630 -Sed
1009 565 1139 648 iuquam
1163 564 1235 627 -in
1266 583 1317 650 ge·

132 709 215 756 nere
231 711 262 766 ·;
278 710 354 756 nam
377 692 675 766 excommunicetu,
701 691 788 754 omni
803 689 916 776 procul
933 689 1038 762 dubio,
1055 707 1219 772 nunquam
1235 689 1317 753 ferri

131 821 240 901 potest
263 820 299 880 ut
314 835 435 901 poeua;
452 815 509 882 sed
532 816 708 898 caspensis
734 821 767 881 et
789 815 1017 890 interdictum,
1035 820 1067 879 et
1089 815 1152 880 hoc
1176 817 1314 900 parcius,

131 939 287 1004 feruntur
311 941 358 1005 uti
379 959 503 1025 poenae
527 939 750 1006 vendicativae
773 941 806 1004 in
830 939 1077 1004 determinatum
1100 943 1235 1024 tempus,
1260 938 1316 1003 sed

132 1065 244 1131 meuc.
262 1101 277 1112 -
295 1065 391 1130 Ratio
425 1065 621 1131 discriminis
651 1069 708 1138 est,
734 1067 808 1149 quia
838 1063 1014 1148 suspensio
1043 1070 1076 1129 et
1098 1063 1317 1130 interdictum

131 1209 200 1254 non
224 1190 357 1254 eiiciunt
379 1209 400 1254 a
422 1190 647 1255 communione
670 1185 810 1254 fidelium
842 1207 947 1272 neque
977 1186 1123 1252 omnibus
1155 1192 1187 1252 et
1213 1187 1317 1252 omni·

131 1311 228 1376 mode
264 1314 395 1398 privant
424 1311 572 1378 subsidiis
605 1312 840 1398 spiritualibus,
873 1312 959 1378 unde
989 1312 1090 1398 pravi
1120 1331 1166 1378 em
1196 1330 1316 1393 causa,

131 1437 230 1500 etiam
263 1435 403 1500 indolem
434 1435 569 1502 induere
599 1442 733 1524 possunt
762 1457 886 1524 poenae
913 1437 1137 1503 vindicativae.
1167 1435 1215 1502 Ol.
1241 1435 1317 1502 Sua-

132 1579 199 1642 rez,
218 1559 277 1624 lV.
300 1561 335 1625 5.
352 1561 412 1625 29.
438 1597 456 1609 -
480 1561 621 1626 Facilior
644 1567 752 1627 autem
776 1567 824 1626 est
847 1581 944 1626 causa
963 1559 1129 1647 infligendi
1151 1560 1192 1625 ad
1215 1561 1318 1624 instar

132 1705 257 1771 poenae
293 1686 508 1752 vindicativae
543 1687 601 1752 has
636 1689 850 1773 privationes,
883 1706 979 1770 quum
1015 1687 1205 1772 prohibetur
1241 1709 1317 1752 usus

132 1809 216 1872 iuris
246 1827 372 1893 quoque
395 1809 598 1894 temporalis,
623 1809 723 1874 ueluti
756 1829 828 1873 curn
862 1808 1067 1894 suspenditur
1090 1808 1130 1873 ab
1154 1809 1261 1894 officio
1285 1814 1318 1874 et

132 1931 306 2016 beneficio.

226 2056 374 2122 Oenones
397 2058 451 2140 qui
468 2057 661 2122 obiiciuntur
677 2057 799 2122 nullam
819 2057 980 2123 lacessunt
1002 2055 1220 2123 difficultatem
1238 2077 1316 2122 con-

130 2177 301 2253 sideranti,
326 2179 507 2263 antiquiore
530 2179 700 2265 disciplina
721 2181 850 2245 nominc
874 2199 1033 2245 censurae
1056 2180 1108 2245 vel
1131 2201 1315 2245 excommu-

130 2305 306 2369 nicationis
330 2305 557 2390 comprehendi
593 2325 688 2370 omne
719 2325 897 2390 poenarum
928 2326 1047 2391 geuus;
1080 2313 1112 2372 et
1134 2326 1317 2373 excommu-

131 2428 314 2492 nicationes
338 2427 448 2513 plures
471 2427 571 2494 luisse
594 2430 764 2515 partiales,
796 2451 875 2515 quas
906 2450 992 2496 nunc
1015 2431 1241 2516 suspensiones
1264 2431 1316 2495 vel

130 2551 310 2617 interdicta
334 2553 387 2618 vel
409 2553 511 2620 vetita
534 2555 683 2639 poenalia
704 2555 915 2641 appellamus.

226 2677 360 2742 Domum
385 2679 512 2744 adverti
535 2677 640 2760 debet,
666 2685 698 2745 et
721 2681 783 2744 hoc
808 2682 949 2745 maxime
973 2683 1109 2745 interest
1132 2679 1315 2752 advertere,

130 2821 309 2867 censuram
332 2804 465 2889 proprie
493 2803 606 2869 haberi
631 2825 704 2870 cum
726 2825 811 2872 usus
840 2805 1031 2891 prohibetur
1059 2805 1189 2870 iuriam
1219 2805 1317 2888 spiri·

130 2926 292 3002 laelium
323 2947 460 3012 poenam
491 2929 624 3014 proprie
654 2927 782 3002 dictam,
807 2949 850 2994 cr
873 2929 1021 3003 adverso,
1053 2949 1131 2996 cum
1157 2949 1240 2996 tanis
1262 2929 1316 2994 vel

125 3050 331 3132 proprietas
350 3051 499 3116 aufertur
515 3072 626 3117 rerum
650 3053 886 3138 temporalium.
905 3053 1014 3128 Quare
1038 3073 1102 3119 non
1126 3053 1317 3138 intelligitur

130 3195 285 3250 censura,
309 3177 370 3241 nisi
398 3197 462 3260 qua
492 3183 542 3242 est
571 3178 701 3263 spiritus
733 3179 875 3254 medela;
907 3197 964 3243 seu
995 3180 1086 3244 iuxta
1116 3180 1317 3265 propositum

131 3301 174 3364 D.
199 3299 303 3380 Pauli,
330 3301 343 3364 1
368 3301 416 3366 acl
441 3296 589 3368 Corinth.
613 3303 650 3368 5:
676 3324 694 3365 c
716 3302 756 3368 Ut
777 3301 919 3386 spiritus
950 3302 1023 3368 eius
1049 3303 1165 3370 saluus
1193 3304 1254 3389 fiat
1279 3301 1318 3368 in

130 3425 192 3491 dic
214 3424 401 3491 Domini».
