3296 5108
307 281 372 345 418
831 298 914 345 runs
939 298 961 344 1.
1088 328 1095 342 .

305 418 398 484 modo
422 424 493 504 post
515 437 644 488 annum,
662 437 732 502 arg.
749 416 932 500 cap-13‚§
955 417 1007 490 15,
1025 417 1075 484 De
1098 417 1283 484 haereticis.
1307 453 1324 466 -
1348 419 1488 503 Tempus

305 547 383 610 anni
413 545 553 609 costituit
579 541 866 608 insordescentiam
898 562 941 607 ex
972 563 1034 627 qua
1063 542 1240 608 desumitur
1268 543 1487 628 praesumptio

305 670 385 735 iuris
408 689 464 734 seu
487 668 633 752 probatio
655 667 695 732 de
718 669 856 732 crimine
879 663 1489 734 lraeresis.Ci.n.144.·Differentia

305 811 385 856 vero
409 811 490 875 quae
514 790 687 856 intercedit
713 792 800 854 iuter
823 790 995 856 credentes
1018 795 1051 854 et
1073 790 1154 854 alios
1178 809 1333 875 expresse
1356 790 1486 854 haeresi

305 914 449 980 addictos
472 918 504 980 in
529 916 591 980 hoc
615 913 744 982 videtur
767 913 954 1000 reponenda
977 919 1012 978 ut
1032 915 1205 980 credentes
1224 917 1245 977 ii
1266 913 1415 979 dieantur
1433 917 1489 998 qui

306 1042 450 1127 singulos
473 1059 537 1106 non
562 1039 779 1126 intelligentes
803 1040 948 1106 haeresis
974 1039 1130 1104 articulos
1158 1059 1218 1104 nec
1242 1038 1341 1124 probe
1366 1058 1488 1124 coguo-

306 1170 443 1238 scentes,
460 1174 569 1232 tamen
593 1163 774 1250 approbant
795 1171 828 1229 et
852 1163 1029 1228 defendunt
1052 1165 1085 1228 in
1106 1182 1228 1249 genere
1245 1163 1321 1228 illud
1339 1163 1488 1228 haeresis

306 1291 469 1362 sisthema‚
487 1290 588 1354 innixi
612 1291 716 1375 magis
740 1288 995 1374 Goriphaeorum
1018 1289 1202 1354 auctoritati
1222 1305 1317 1371 quam
1334 1289 1488 1373 propriae

307 1418 449 1500 ipsorum
466 1416 676 1501 persuasioni.
696 1449 713 1462 ·
732 1415 898 1482 Fautores
913 1434 993 1481 vero
1010 1421 1042 1480 et
1057 1415 1253 1497 defensores
1276 1417 1320 1479 ita
1344 1415 1485 1479 distincti

305 1537 344 1602 ab
368 1539 439 1604 aliis
466 1557 531 1602 non
562 1539 740 1623 puniuntur
771 1557 835 1622 qua
863 1539 1021 1604 haeretici
1048 1557 1105 1604 seu
1135 1557 1198 1622 qua
1220 1538 1400 1603 credentes.
1429 1537 1486 1602 sed

305 1679 461 1743 quatenus
485 1660 596 1724 favent
619 1659 748 1725 haeresi
772 1665 805 1724 et
827 1661 1068 1728 haereticorum
1091 1680 1218 1732 causae,
1243 1680 1340 1745 quum
1364 1659 1396 1724 id
1419 1680 1486 1724 non

304 1792 463 1871 peragant
498 1785 623 1853 directa
657 1788 835 1852 intentione
870 1785 979 1852 tuendi
1014 1793 1046 1852 et
1081 1785 1276 1852 defendendi
1310 1787 1485 1852 haeresim.

306 1911 354 1976 ef.
380 1912 499 1978 Suarez
523 1911 573 1976 De
596 1911 682 1977 Fide
697 1912 792 1995 Disp.
809 1912 903 1992 XXI,
920 1932 947 1978 c.
964 1912 997 1977 8.
1013 1947 1028 1960 ·
1045 1912 1088 1976 Hi
1104 1911 1267 1978 habentur
1283 1913 1372 1995 quasi
1397 1931 1482 1976 com·

305 2036 406 2120 plices
427 2055 466 2120 pr
479 2035 632 2120 ncipales,
650 2037 703 2119 qui
718 2035 854 2120 proinde
878 2031 995 2100 effectu
1018 2040 1163 2118 sequuta,
1180 2054 1297 2118 nempe
1321 2036 1346 2098 si
1371 2033 1485 2098 defeu-

304 2162 361 2242 sio,
380 2162 533 2246 receptio,
552 2161 645 2224 favor
668 2157 817 2225 effectum
841 2159 1016 2225 habuerint
1032 2161 1142 2244 poenis
1158 2159 1301 2224 subsunt.
1319 2159 1368 2224 Cf.
1385 2178 1486 2243 supra

303 2304 335 2347 n.
360 2284 403 2349 40
426 2304 493 2368 seq.
518 2290 551 2349 et
574 2281 740 2349 Reiffenst.
766 2284 800 2348 V.
820 2284 852 2357 7,
877 2283 960 2348 248.

392 2409 467 2475 332.
493 2411 531 2476 ln
554 2413 708 2476 societate
731 2410 901 2475 catholicis
924 2411 1091 2496 principiis
1114 2412 1240 2496 penitus
1271 2409 1393 2474 imbuta
1422 2411 1486 2473 eri-

302 2555 376 2601 men
400 2535 544 2600 haeresis
568 2554 633 2599 non
656 2539 779 2600 tantum
807 2539 856 2601 est
886 2537 999 2619 poenis
1030 2533 1249 2620 spiritualibus
1281 2552 1486 2618 compescen·

301 2660 386 2732 dum,
412 2659 468 2724 sed
491 2661 587 2724 etiam
610 2658 856 2745 temporalibus:
882 2658 966 2743 quod
997 2658 1115 2726 accidit
1141 2659 1199 2725 sub
1224 2658 1340 2724 Medic
1364 2659 1485 2724 serare

304 2779 431 2863 quando
455 2779 526 2844 iure
549 2780 665 2846 merito
681 2777 862 2844 habebatur
884 2781 929 2844 uti
945 2779 1189 2845 fundamentum
1205 2779 1354 2865 publicae
1377 2781 1485 2846 civilis

305 2903 468 2969 felicitatis
491 2901 570 2968 fides
595 2904 781 2969 christiana.
807 2903 968 2978 Quocirca
991 2905 1185 2976 haereticus,
1204 2923 1266 2987 qua
1289 2903 1386 2968 homo
1407 2907 1485 2970 civi-

302 3027 377 3091 tatis
414 3025 559 3112 proditor
595 3025 838 3092 scelestissimus
870 3033 901 3092 et
932 3029 1119 3112 contagiosa
1146 3027 1218 3091 labe
1242 3027 1391 3091 infectus.
1422 3046 1485 3110 per

301 3151 643 3216 excommunicationis
667 3170 821 3215 censuras
845 3152 941 3216 etiam
966 3153 1003 3216 iu
1024 3151 1182 3216 ltunrunis
1198 3169 1217 3216 a
1233 3153 1485 3216 conversatione

301 3275 439 3340 aliorum
464 3275 701 3340 removebatur.
723 3276 833 3359 Neque
857 3276 896 3340 ab
921 3275 1011 3340 hisce
1034 3274 1159 3360 legibus
1183 3277 1330 3340 immunis
1354 3273 1485 3340 habitus

302 3397 363 3461 fuit
393 3399 460 3481 ipse
492 3398 674 3481 Imperator
704 3409 761 3461 aut
786 3399 857 3462 llas
889 3403 944 3462 aut
977 3399 1144 3483 Princeps.
1170 3399 1294 3462 Verum
1326 3400 1352 3462 si
1386 3398 1482 3462 Prin-

302 3539 379 3603 ceps
403 3521 435 3584 in
464 3519 625 3583 haeresim
657 3518 828 3600 incidebat,
853 3519 1040 3585 iudicandus
1063 3528 1135 3585 erat
1159 3539 1223 3584 non
1246 3519 1286 3584 ab
1311 3521 1482 3604 Episcopo

302 3641 359 3708 sed
382 3662 401 3707 a
425 3643 553 3708 Summo
579 3641 735 3708 Pontifice
759 3646 811 3728 qui
836 3644 1032 3710 decernebat
1061 3645 1207 3710 eumdem
1232 3665 1251 3709 a
1275 3645 1397 3710 iuribus
1422 3641 1485 3709 lm.

302 3765 385 3852 perii
408 3771 464 3829 aut
489 3766 695 3852 Principatus
720 3765 885 3839 decidisse,
917 3765 1117 3852 proindeque
1147 3765 1290 3857 subditos
1320 3767 1441 3832 solutos
1464 3787 1485 3830 a

303 3895 484 3962 iuramento
508 3889 670 3957 fidelitatis
694 3911 774 3977 erga
792 3893 987 3977 Principem,
1004 3894 1121 3980 quippe
1145 3895 1178 3958 in
1200 3893 1310 3959 Fidem
1330 3893 1484 3960 Cluistia·

303 4037 380 4082 nam
404 4015 568 4082 rebellem.
596 4016 686 4081 Haec
710 4017 858 4082 sublimia
875 4022 908 4081 et
923 4019 1078 4084 salutaria
1096 4019 1255 4104 principia
1271 4019 1485 4084 ethnarchiae

305 4141 508 4208 Christianae
540 4140 747 4226 explicantur
777 4144 810 4206 in
842 4163 916 4226 cap.
948 4141 1001 4216 13,
1036 4143 1065 4207 h.
1093 4145 1158 4226 tg
1185 4163 1202 4205 t
1227 4143 1436 4211 Moneantur
1453 4163 1484 4206 s.

393 4266 485 4332 Haec
508 4271 583 4331 sunt
605 4265 858 4332 fundamentalia
882 4273 915 4335 et
931 4267 1246 4353 impraescriptibilia
1264 4269 1343 4333 iuris
1366 4265 1484 4353 publici

305 4390 514 4456 ecclesiastici
539 4392 706 4476 principia.
733 4426 750 4440 -
776 4391 863 4456 Malo
893 4391 958 4456 fato
989 4399 1061 4478 post
1091 4413 1203 4478 pacem
1236 4392 1484 4476 Vestphcticum
