3302 5100
311 287 377 352 584
768 303 975 353 censensus
999 304 1033 352 v.

309 429 402 496 ficiato
426 428 536 498 intepre
560 427 727 492 restituerit,
746 445 779 482 ac
803 429 906 482 deinde
929 445 947 480 a
970 427 1099 481 Romano
1126 425 1258 496 Potuisice
1281 427 1485 481 absolutionem

310 536 459 590 obtinuerit
461 573 502 588 .....
524 536 650 590 Clericus
674 553 751 602 uero,
770 538 817 606 qui
836 537 976 608 nefandae
1001 537 1116 606 fraudis
1141 545 1166 588 et
1191 536 1381 606 usurpationis
1406 536 1487 588 buiu-

309 643 401 694 smodi
418 642 573 711 fabricator
591 658 640 696 seu
660 642 834 696 consentiens
852 643 941 712 fuerit
960 641 1065 695 eisdem
1081 644 1182 712 poenis
1200 643 1340 696 subiaceat
1343 680 1385 694 .....
1399 659 1425 693 n.

310 869 596 910 EXCOMMUNIOAN'IUR
607 871 815 920 unotsstsnws,
825 871 850 911 SI
864 873 900 910 AD
915 871 1089 911 tttsrnnrtett
1103 871 1232 912 episcopi
1245 870 1301 909 nott
1315 871 1489 910 Passennus

399 975 538 1016 Auximon
557 976 704 1016 novemus
722 977 976 1018 conrnnmc'tontss
989 977 1154 1016 otnusunsss
1168 976 1343 1017 montebluto:
1359 975 1489 1022 trnuotttt

399 1081 560 1121 notenses
578 1083 679 1122 BARU!
697 1083 876 1124 CLAUSURAH.

380 1243 450 1299 sess.
473 1245 506 1299 15
524 1261 546 1299 c.
567 1245 636 1300 5de
659 1246 759 1316 Regul.
780 1247 952 1317 ‹Bonifacii
977 1245 1051 1299 VIII
1068 1246 1303 1310 Constitutionem‚
1323 1262 1395 1315 quae
1420 1245 1491 1298 inei·

306 1349 349 1419 pit
367 1349 537 1417 Periculose,
556 1368 695 1406 renovans
715 1351 816 1406 Sancta
836 1353 964 1421 Synodus
983 1355 1122 1407 universis
1143 1351 1289 1422 Episcopis
1301 1352 1353 1404 sub
1365 1321 1488 1404 obtesta-

310 1459 382 1510 tione
400 1458 490 1512 diuini
505 1460 604 1514 iudicii
622 1470 649 1515 et
666 1461 892 1516 interminatione
911 1460 1116 1514 maledictionis
1137 1468 1271 1512 aeternae
1288 1459 1440 1527 praempit,
1458 1467 1489 1510 ut

310 1569 340 1621 in
357 1569 483 1622 omnibus
500 1570 677 1624 monasteriis
695 1570 748 1624 sibi
765 1569 895 1624 subiectis
914 1571 1069 1634 ordinaria,
1088 1569 1117 1620 in
1135 1567 1201 1622 aliis
1220 1584 1287 1621 cero
1308 1567 1388 1621 Sedis
1414 1571 1490 1638 Apo-

308 1674 423 1730 stolicae
444 1680 618 1742 auctoritate,
637 1679 801 1732 clausuram
818 1678 1083 1742 sanctimonialium,
1101 1679 1150 1730 ubi
1174 1677 1279 1730 uiolata
1297 1679 1395 1748 suerit,
1415 1677 1488 1730 dili-

308 1789 406 1850 penter
425 1783 542 1849 restitui,
561 1785 653 1838 stubi
671 1785 805 1838 irrotulata
825 1795 873 1850 est,
892 1785 1055 1839 conservari
1073 1786 1196 1839 manime
1212 1793 1378 1854 procurent,
1391 1785 1484 1837 inobe-

308 1889 415 1942 dientes
433 1898 515 1960 otque
535 1892 753 1945 contradictores
769 1907 824 1962 per
842 1905 974 1946 censuras
993 1890 1197 1944 ecclesiasticas
1221 1891 1348 1960 aliasque
1369 1906 1488 1960 poenas,

308 2011 481 2065 quammque
499 1997 690 2066 appellatione
707 1999 859 2067 postposita
879 2000 1090 2067 compescentes,
1111 1999 1237 2050 inuocato
1257 1997 1342 2050 etiam
1365 1997 1404 2048 acl
1427 1997 1489 2061 boc,

308 2105 333 2154 si
353 2117 423 2172 opus
440 2103 538 2172 suerit,
556 2105 665 2158 auxilio
686 2105 792 2158 brachii
809 2103 973 2157 saecularis.
997 2103 1075 2162 Quod
1099 2103 1239 2158 auxilium
1257 2111 1290 2156 ut
1304 2103 1487 2172 praebeatur,

309 2224 405 2262 omnes
425 2207 595 2263 Christianos
614 2209 760 2282 Principes
777 2212 906 2264 bortatur
928 2211 1028 2265 Sancta
1048 2211 1184 2278 Synodus,
1205 2220 1231 2263 et
1250 2211 1300 2263 snb
1323 2225 1488 2263 excommu-

308 2318 454 2372 nicationis
471 2336 565 2390 poena
590 2323 650 2390 ipso
674 2323 748 2390 sacto
774 2321 945 2376 incurrendo
970 2320 1096 2374 omnibus
1121 2319 1329 2388 niopistratibus
1351 2320 1487 2372 sacaria·

307 2423 385 2477 mbtts
403 2424 524 2494 iniunpit
536 2441 561 2480 n.

379 2525 449 2581 Sese.
469 2528 504 2581 25
522 2545 556 2582 ex
576 2545 635 2596 cap.
654 2529 672 2582 5
690 2527 724 2584 de
744 2529 811 2600 Reg.
833 2528 980 2599 ‹Inpredi
1004 2537 1097 2583 autent
1121 2531 1197 2582 intra
1222 2537 1300 2597 septe
1323 2530 1490 2582 monasterii

307 2636 413 2688 nemini
431 2635 523 2700 liceat,
536 2637 733 2707 cuiuscumque
745 2639 859 2706 pencris
870 2645 919 2690 aut
932 2637 1105 2702 conditionis,
1118 2652 1203 2690 sexus
1216 2636 1263 2690 ocl
1275 2637 1375 2690 aetatis
1388 2638 1487 2705 suerit,

306 2744 368 2796 sine
388 2743 521 2813 Episcopi
538 2743 585 2798 uel
605 2743 766 2813 Superioris
791 2747 903 2797 licentia
922 2748 951 2796 in
970 2744 1081 2814 scriptis
1107 2743 1224 2807 obtenta,
1243 2742 1294 2796 sub
1319 2757 1486 2796 excomu-

306 2847 452 2900 nicationis
468 2863 559 2918 poena
578 2848 638 2918 ipso
657 2852 732 2919 sacto
751 2849 923 2902 incurrentia
938 2861 962 2902 n.

384 3076 669 3118 nxoottuttsttcsttwn
690 3078 838 3118 MPTORES
859 3079 1011 3118 nummum
1031 3076 1246 3124 EORUMDEMQUE
1266 3075 1405 3116 consecti.

378 3237 448 3293 Sese.
468 3241 502 3294 24
521 3259 556 3296 ex
575 3257 633 3312 cap.
654 3245 672 3296 b
690 3241 723 3296 de
744 3241 836 3296 Reios.
856 3245 936 3296 matr.
955 3241 1118 3296 ‹Decernit
1140 3241 1241 3326 Sancus
1261 3239 1399 3308 Synodus.
1412 3239 1488 3293 inter

305 3357 448 3418 rumorem
466 3357 493 3402 et
510 3358 630 3419 raptam,
648 3349 781 3419 quamdiu
800 3349 861 3418 ipsa
879 3351 907 3402 in
924 3357 1061 3418 potestate
1074 3349 1197 3418 raptoris
1210 3346 1357 3409 macerit,
1370 3345 1487 3398 nullum

304 3469 385 3524 posse
405 3455 555 3510 consistere
579 3456 795 3510 matrimonium.
818 3456 897 3514 Quod
915 3456 940 3508 si
957 3465 1040 3524 rapta
1064 3472 1081 3508 a
1106 3463 1222 3524 raptore
1246 3463 1380 3522 separata
1404 3463 1431 3506 et
1456 3456 1487 3506 in

307 3560 367 3613 loco
386 3569 442 3613 tuto
463 3570 489 3615 et
509 3561 597 3614 libero
611 3561 757 3616 constituta
770 3561 855 3615 illum
874 3563 902 3614 in
922 3562 1015 3614 virum
1027 3561 1131 3614 babere
1148 3560 1297 3622 censuerit,
1310 3576 1373 3612 earn
1387 3566 1487 3627 raptor

305 3671 335 3721 in
353 3683 473 3722 onorem
490 3668 597 3735 babeat,
616 3678 642 3722 et
660 3669 841 3722 nihilominus
869 3676 968 3737 raptor
992 3669 1052 3736 ipse
1076 3683 1109 3719 ac
1135 3681 1230 3719 omnes
1254 3664 1302 3718 illi
1325 3665 1486 3732 seruilium,

305 3774 447 3828 ancilium
465 3784 490 3828 et
509 3777 638 3844 favorem
654 3777 828 3844 praebentes,
848 3775 902 3826 sint
920 3777 980 3843 ipso
1000 3776 1063 3825 iure
1083 3771 1343 3826 excommunicati...
1357 3787 1382 3824 n.

327 4001 613 4043 excottttttmoettwts
632 4003 680 4049 QUI
700 4000 884 4040 Linteum
903 3999 1081 4040 uesntuonn
1100 3997 1302 4039 consuendam
1323 3995 1459 4036 vtohnss.

378 4164 449 4220 Sese.
468 4165 503 4218 24
522 4181 556 4220 ex
575 4165 663 4234 caps
682 4165 714 4219 de
735 4165 794 4220 Rei.
815 4167 896 4218 matr.
908 4181 924 4216 e
938 4162 984 4217 Ita
991 4163 1163 4234 plerumque
1182 4162 1382 4231 temporalium
1395 4160 1486 4214 domi·

306 4287 407 4324 norum
424 4289 458 4326 ac
475 4273 691 4341 mapistratuum
709 4275 810 4327 mentis
830 4271 926 4325 oculos
945 4272 1052 4326 terreni
1070 4271 1187 4342 affectus
1210 4280 1293 4339 atque
1319 4269 1487 4339 cupiditates

306 4389 464 4443 excaecant,
475 4388 505 4431 ut
523 4379 600 4432 oio-os
618 4388 645 4433 et
662 4379 808 4445 mulieres,
821 4380 872 4433 sub
885 4394 984 4432 eorum
998 4379 1191 4442 iurisdictione
1204 4379 1347 4446 depentes,
1359 4379 1486 4429 manime
