3312 5108
287 259 331 324 28
854 245 938 326 enas
964 279 986 324 1.

287 361 485 474 minuentes,
509 405 739 486 appraeaates
755 399 889 474 crimen,
908 417 991 484 quae
1007 401 1151 468 rationes
1166 420 1186 466 a
1201 399 1272 466 iuri
1291 400 1464 466 communi

286 525 530 610 perpenduntur
553 529 585 590 et
608 523 721 590 iudicis
744 524 880 591 arbitrio
905 525 1128 610 reliquuntur;
1151 525 1252 592 veluti
1280 527 1313 591 in
1341 524 1463 590 celebri

287 649 432 736 ie9e16.
456 651 491 734 ff.
516 647 567 716 De
592 647 723 731 poenis.
740 684 756 696 -
779 647 873 714 Hanc
893 648 1000 734 legem
1020 649 1279 733 interpretantur
1304 649 1463 712 Antonius

286 775 460 849 Mattheus,
484 773 534 841 Dc
557 773 759 842 criminibus
782 793 808 839 c.
834 773 868 846 5,
893 781 926 840 et
950 772 1146 860 carpzovius
1169 791 1223 856 op.
1248 774 1301 839 cit.
1327 793 1357 858 q.
1389 774 1462 845 142.

286 917 347 982 sq.;
372 905 404 963 et
426 903 515 984 patet
538 887 623 964 hanc
645 917 711 962 non
735 917 805 964 esse
829 897 909 963 adeo
939 897 1131 983 profundam
1155 904 1189 964 et
1210 898 1399 984 perfectam,
1416 898 1464 962 uti

285 1025 431 1089 nonnulli
456 1023 655 1090 contendunt
678 1019 735 1109 (Ι).

356 1201 396 1272 (Ι)
417 1201 456 1256 De
483 1199 600 1254 historia
630 1199 713 1254 huius
738 1199 945 1254 controversiae
974 1197 1044 1254 haec
1069 1199 1214 1254 advertere
1234 1201 1367 1268 praestet.
1387 1199 1463 1254 lnter

285 1306 496 1364 iurisconsultos
516 1322 652 1372 romanos,
672 1306 724 1374 (Cf.
744 1305 834 1370 Pauli,
856 1305 1065 1360 Sententiarum
1091 1305 1119 1357 V.
1140 1307 1179 1360 tit.
1199 1305 1250 1358 23.
1270 1321 1296 1359 a.
1315 1307 1347 1372 3)
1360 1307 1389 1359 et
1402 1303 1461 1374 phi·

285 1413 417 1484 Iosophos
440 1411 569 1477 morales,
597 1411 639 1465 uti
667 1411 800 1466 Senecam
821 1409 963 1481 (Daciam.
989 1412 1028 1478 7),
1047 1411 1175 1466 nonnulli
1194 1412 1294 1466 sectati
1314 1417 1380 1466 sunt
1397 1428 1462 1466 een-

286 1521 413 1586 tentiam‚
432 1530 545 1575 conatus
565 1518 689 1573 criminis
702 1517 903 1588 comparandos
923 1535 991 1584 esse,
1006 1518 1198 1588 imputationis
1212 1517 1343 1588 politicae
1357 1523 1386 1572 et
1398 1534 1462 1588 poe-

284 1643 383 1682 narum
408 1626 526 1692 ratione,
551 1625 617 1695 ipsis
643 1621 806 1678 criminibus
831 1626 1036 1679 coasnramatis.
1057 1623 1109 1679 Sed
1128 1624 1157 1679 in
1176 1624 1286 1694 legibue
1304 1623 1462 1694 praevaluit

181 1807 184 1813 Ι
285 1731 399 1804 Ulpiani
420 1733 576 1788 sententia:
596 1733 769 1804 capitationis
785 1749 906 1802 poenam
924 1749 1005 1786 saarim
1022 1733 1137 1802 patitur.
1151 1759 1165 1772 ·
1180 1731 1220 1784 Cf.
1240 1731 1258 1784 t.
1284 1731 1303 1783 l.
1326 1733 1340 1784 1
1359 1735 1377 1796 ἓ
1397 1731 1414 1784 2
1433 1731 1460 1783 ff.

286 1837 365 1896 Quod
383 1838 520 1906 quisqua.;
540 1837 561 1888 3
581 1845 609 1889 et
628 1836 667 1888 15
684 1839 702 1901 ἓ
723 1836 766 1900 10,
787 1846 813 1890 et
833 1835 871 1888 17
891 1836 933 1890 De
951 1835 1076 1900 iniuriis3
1095 1845 1122 1890 et
1141 1836 1160 1888 l.
1179 1839 1196 1900 ἕ
1216 1835 1241 1890 2.
1262 1834 1304 1888 De
1322 1835 1400 1888 crint.
1414 1849 1462 1887 ex·

284 1946 389 1998 traord.
409 1973 423 1986 ·
443 1945 515 1998 Sane
540 1943 634 2013 plures
657 1948 723 1997 sunt
747 1943 833 2012 leges,
852 1960 924 2014 quae
942 1944 1041 1997 iubent
1059 1942 1169 2013 aequali
1189 1958 1279 2012 poena
1297 1942 1388 2016 puniri
1414 1959 1461 1996 co·

283 2061 379 2105 natam
399 2055 428 2105 et
445 2050 578 2105 delictum
598 2060 834 2116 consummatum·
853 2053 884 2104 'et
902 2049 955 2104 hoe
974 2051 1060 2104 fiebat
1078 2049 1106 2103 in
1125 2049 1288 2104 criminibus
1298 2051 1420 2119 publicis
1433 2054 1461 2104 et

282 2159 475 2222 atrocioribus,
494 2157 722 2227 quotiescumque
742 2155 788 2210 lex
808 2155 997 2225 praecipiebat
1016 2171 1153 2224 expresse.
1174 2155 1203 2208 ln
1222 2154 1331 2210 delictis
1340 2156 1460 2227 privatis

137 2329 142 2338 Ι
214 2323 217 2329 1
283 2261 349 2332 quia
361 2261 390 2314 in
404 2259 500 2330 primis
513 2259 999 2331 attendebaturdamnanmriaatam
1008 2261 1209 2349 immediatam,
1219 2259 1459 2330 poenisplecteba·

286 2370 329 2419 tur
343 2369 451 2420 tentum
464 2365 596 2420 delictum
611 2376 839 2420 consnrnmatam.
853 2366 922 2420 ltcm
938 2366 966 2420 in
979 2366 1089 2422 delictis
1102 2367 1353 2431 extraordinariis·
1366 2383 1427 2436 erp.
1441 2367 1460 2419 l.

284 2475 304 2526 1¹
319 2477 336 2538 ἓ
355 2476 376 2526 2
387 2475 417 2544 ff.
432 2473 474 2526 De
487 2474 568 2526 crim.
581 2475 725 2527 eati-aeret.
738 2501 750 2514 ·
760 2472 860 2538 Quare,
873 2473 1021 2526 dummodo
1034 2473 1081 2528 lex
1094 2490 1149 2530 non
1160 2475 1278 2538 iuberet,
1291 2477 1369 2544 patet
1379 2491 1461 2554 cona·¹

283 2591 342 2634 tatis
356 2578 400 2634 vel
415 2577 582 2648 impunitum
596 2579 681 2632 fnisse
697 2578 742 2634 vel
756 2595 846 2648 poena
863 2580 1018 2634 arbitraria
1025 2584 1075 2633 aut
1084 2579 1185 2634 minori
1205 2579 1340 2650 punitam.
1351 2609 1365 2622 ·
1379 2579 1460 2635 Unde

282 2689 347 2743 salsi
365 2692 431 2742 sunt
449 2688 587 2743 Antonius
606 2686 758 2754 Mattheus,
778 2688 908 2743 Cuiaeius
927 2692 957 2743 et
975 2687 1097 2744 Gravina
1115 2689 1162 2760 qui
1176 2689 1305 2744 arbitrati
1327 2693 1392 2744 sunt
1406 2689 1461 2743 Ro·

283 2813 395 2850 manum
414 2796 466 2862 ius,
485 2794 557 2848 hanc
575 2794 704 2864 regulam
723 2801 848 2852 secutum
867 2796 962 2860 saissa,
982 2795 1113 2850 nimirum
1139 2795 1235 2852 eadem
1254 2813 1384 2850 mensura
1403 2797 1458 2850 im-

283 2904 418 2974 putandos
437 2907 466 2957 et
485 2903 637 2973 puniendos
656 2921 715 2958 esse
735 2915 848 2958 conatus
868 2907 896 2958 et
915 2903 1039 2958 actiones
1065 2903 1227 2958 criminosas
1245 2909 1458 2960 consummatas.

275 3007 410 3064 ltlentem
429 3009 500 3062 iaris
518 3025 590 3062 rom,
610 3013 639 3062 et
662 3026 723 3062 ean.
742 3009 886 3078 perspicue
906 3007 1115 3077 interpretatus
1134 3012 1177 3062 est
1195 3008 1323 3062 Aleiatus
1343 3009 1459 3063 docens:

281 3129 299 3170 <t
318 3116 398 3170 alind
416 3126 456 3168 est
475 3115 582 3168 crimen
600 3115 681 3168 atiud
700 3124 830 3179 conatus3
848 3115 893 3166 iric
912 3115 941 3165 in
960 3114 1069 3180 itinere,
1088 3115 1164 3168 illud
1182 3117 1210 3168 in
1229 3125 1303 3169 meta
1328 3125 1386 3182 est,·
1409 3117 1460 3170 sed

282 3222 330 3274 arbi
347 3221 410 3274 iare
424 3237 517 3291 poena
536 3223 691 3290 irrepatur,
711 3229 818 3290 oportet
837 3224 997 3291 perfectam
1015 3223 1104 3290 faisse
1124 3221 1231 3274 crimen
1245 3237 1270 3274 a.
1284 3219 1354 3274 Illud
1368 3250 1383 3262 ·
1395 3223 1458 3274 iure

279 3307 370 3398 pocae
389 3328 536 3398 irnopatar
556 3357 571 3367 -
589 3343 618 3382 ne
639 3329 725 3382 relert
743 3329 863 3382 maxime
881 3327 916 3380 ad
935 3343 1038 3398 poenas
1058 3330 1118 3398 ipso
1138 3331 1201 3382 inre
1220 3327 1293 3381 lates
1312 3331 1340 3382 et
1359 3329 1400 3382 ita
1417 3328 1459 3381 in-

283 3431 373 3502 telligi
393 3432 476 3488 debet
494 3432 563 3488 haec
582 3433 732 3500 sententia,
751 3449 807 3488 non
826 3435 951 3489 absolate
971 3435 1063 3504 prouti
1083 3435 1184 3504 passim
1204 3433 1361 3503 explicatur·
1386 3433 1457 3502 apud

282 3537 487 3604 crimin'alistes,
501 3539 580 3610 quasi
594 3537 676 3608 plene
689 3543 795 3594 asserat
808 3537 973 3608 principium
997 3538 1140 3608 generale:
1161 3550 1290 3594 conatam
1314 3555 1458 3610 nunqnam

281 3645 319 3697 ita
334 3646 509 3714 puniendam
528 3661 589 3698 csse
607 3661 640 3698 ac
658 3644 748 3713 ipsum
769 3645 875 3699 crimen
894 3655 1126 3700 cotisammatnm.
1152 3643 1280 3714 Alpinius
1299 3643 1385 3697 tradit
1410 3659 1457 3698 re-

282 3749 376 3818 gulam
396 3749 464 3803 iuris
483 3766 542 3804 cau.
561 3779 575 3790 -
596 3749 679 3804 Ratio
698 3754 792 3818 erstem
817 3750 933 3804 minoris
949 3751 1082 3820 politicae
1101 3751 1290 3819 imputationis
1308 3747 1411 3802 diserte
1430 3753 1459 3802 et

282 3855 414 3925 profunde
432 3855 553 3910 traditur
572 3875 588 3908 a
607 3855 712 3922 Grotio,
733 3857 774 3910 De
794 3861 856 3910 iare
876 3857 945 3914 beiti
964 3867 990 3911 et
1006 3859 1086 3928 pacis
1106 3857 1153 3910 lib.
1174 3859 1203 3922 2,
1217 3875 1276 3927 cap.
1290 3857 1332 3908 20
1345 3873 1404 3927 cap.
1417 3857 1459 3908 20

281 3967 299 4026 ἓ
318 3963 360 4014 30
377 3981 404 4015 n.
424 3962 460 4016 4.-
478 3963 640 4018 <sanciente
661 3963 765 4016 delicta
790 3964 961 4017 vindicanda
979 3979 1034 4018 ason
1053 3975 1127 4030 sunt,
1139 3965 1194 4018 nisi
1206 3981 1253 4018 res
1267 3966 1301 4018 stt
1315 3966 1413 4034 praeis
1431 3973 1458 4018 et

281 4083 313 4120 eo
330 4083 493 4136 processum
513 4069 547 4122 sit
565 4079 595 4122 at
613 4085 650 4122 ea
669 4070 722 4121 tati
739 4079 803 4122 actu
822 4078 929 4122 certam
949 4070 1065 4135 matam,
1085 4071 1136 4124 etsi
1155 4073 1277 4124 nondum
1297 4069 1372 4123 ittae
1384 4069 1458 4138 qaod

281 4175 475 4229 intendebatur
497 4185 623 4229 secatam
647 4179 704 4228 iam
726 4177 770 4240 sit,
795 4185 843 4230 aut
863 4186 937 4230 carta
956 4179 1055 4246 inpens
1072 4178 1235 4248 pericnlum
1253 4181 1292 4230 ita
1311 4188 1342 4232 at
1361 4178 1455 4232 vindi-

281 4281 350 4334 catio
368 4291 416 4336 aut
436 4283 580 4336 contionata
598 4283 633 4335 sit
652 4301 715 4336 eum
734 4283 862 4336 contione
880 4285 997 4352 saturae
1016 4300 1107 4338 nonae
1126 4295 1174 4338 ant
1191 4285 1349 4355 pernicioso
1364 4301 1456 4339 enem-

276 4383 328 4454 plo
338 4395 467 4440 occurrat
478 4403 503 4438 a.
515 4385 601 4439 Porro
611 4395 724 4440 cenatas
734 4401 788 4439 non
801 4387 915 4442 medan!
930 4387 981 4453 ius,
997 4385 1044 4441 sed
1062 4386 1105 4440 ius
1119 4389 1342 4457 eporedinntnm·
1356 4391 1385 4442 et
1403 4385 1457 4442 hoc
