3306 5102
551 275 594 320 ua
618 273 771 321 notioris
795 275 837 320 ar
862 271 979 320 roaurs
1286 253 1352 319 345

169 396 424 462 christianorum
447 417 467 462 a
490 398 627 462 veritate
650 395 814 469 aberrent,
838 396 878 461 ad
903 394 1144 480 praecavendos
1165 395 1296 460 infestos
1320 399 1352 460 et

171 540 237 585 non
255 520 475 605 infrequentes
491 520 641 606 publicae
656 521 903 586 existimationis
918 539 1049 585 errores
1064 519 1210 586 direntes
1226 519 1351 586 bonnm

171 647 309 710 motum
332 651 364 710 et
382 647 513 712 mutum
530 645 665 719 bonum,
683 647 754 712 iure
769 647 884 712 merito
901 650 1074 711 conseruat
1088 651 1120 710 et
1136 649 1244 709 tuetur
1259 643 1350 728 infa-

172 769 265 836 miae
286 770 373 836 iuris
397 791 532 856 poenam
556 770 611 854 (l).

262 895 339 962 255.
364 897 460 962 Alter
483 893 617 962 effectus
640 896 807 980 infamiae
829 895 916 960 iuris
943 899 992 960 est
1020 895 1205 976 iamdictam
1228 895 1352 960 scilicet

171 1019 369 1086 excludendi
404 1021 556 1086 infamem
586 1022 627 1087 ob
658 1025 863 1088 constitutam
895 1020 1168 1106 irregularitatem
1199 1041 1218 1084 a
1249 1021 1351 1086 sacris

172 1143 361 1209 muneribus
388 1151 421 1210 et
443 1144 566 1209 iuribus
589 1145 629 1209 ad
653 1163 735 1228 quae
758 1143 874 1237 habilis
902 1141 973 1208 lieri
1004 1163 1067 1208 non
1091 1144 1178 1208 valet
1208 1145 1267 1208 nisi
1292 1163 1351 1228 per

172 1264 470 1348 dispensationem.

262 1391 337 1457 256.
364 1392 479 1456 Poena
502 1392 654 1458 infamiae
676 1391 900 1478 distinguenda
923 1397 971 1457 ost
993 1411 1013 1456 e
1035 1392 1147 1477 poenis
1177 1390 1350 1473 infaman-

171 1515 263 1582 tibus
277 1519 352 1600 quia
375 1519 407 1581 iu
430 1519 535 1604 primo
551 1538 628 1584 casu
645 1517 776 1582 infamia
792 1517 1016 1582 consideratur
1037 1518 1084 1585 uti
1108 1536 1212 1602 poena
1234 1537 1293 1604 per
1315 1537 1351 1582 se

170 1646 282 1717 stans;
309 1645 341 1707 in
366 1643 470 1708 altero
486 1663 563 1708 casu
580 1643 711 1708 infamia
727 1646 776 1708 est
791 1643 1030 1708 consecutivum
1046 1641 1086 1706 ad
1102 1660 1246 1726 poenam.
1265 1641 1350 1706 Talis

168 1772 222 1830 est
251 1769 358 1831 omnis
388 1787 492 1852 poene
522 1766 721 1850 corporalia,
746 1768 792 1832 uti
819 1765 979 1830 damnatio
1003 1765 1044 1832 ad
1068 1787 1146 1852 opus
1177 1765 1348 1852 publicum,

261 2047 300 2116 (l)
313 2047 529 2102 profundissime
543 2047 576 2102 de
591 2047 642 2101 hac
656 2046 865 2116 irregularitate
878 2047 989 2100 disserit
1007 2046 1116 2111 Srmrez,
1132 2047 1172 2101 De
1186 2063 1257 2100 cens.
1271 2047 1349 2116 Disp.

172 2153 314 2206 XLVIII.
327 2183 341 2196 ·
355 2153 443 2207 Huius
456 2155 624 2208 sententiam
638 2170 692 2208 non
712 2157 782 2210 bene
801 2155 888 2209 refert
902 2153 1082 2218 D'Annibale,
1095 2153 1126 2224 (l,
1140 2153 1212 2225 430),
1224 2163 1278 2207 not.
1292 2153 1320 2206 3.
1335 2181 1348 2194 ·

168 2262 201 2316 In
220 2264 317 2332 primis
335 2279 390 2316 non
409 2279 505 2318 verum
522 2268 573 2328 est,
587 2263 746 2318 Suaresium
760 2262 832 2318 hanc
845 2262 1081 2332 irregularitatem
1094 2279 1222 2332 expresse
1236 2277 1349 2317 censere

169 2367 244 2422 inter
263 2369 488 2439 irregularitates
506 2387 541 2424 ex
561 2369 676 2435 delicto;
696 2371 807 2424 namin
823 2369 900 2440 prol.
920 2369 968 2435 ait,
988 2367 1031 2422 his
1050 2368 1127 2422 illam
1147 2371 1268 2423 mxime
1287 2369 1348 2440 offi-

166 2493 234 2529 nem
254 2493 321 2531 ease.
342 2477 445 2532 Deinde
463 2478 611 2548 distinguit
630 2479 774 2532 infamiam
794 2477 912 2548 legalem
931 2495 980 2532 seu
999 2479 1070 2532 turis
1089 2483 1118 2532 et
1136 2478 1279 2531 infamiam
1299 2495 1348 2548 po-

168 2583 296 2652 pularem
316 2602 363 2639 seu
383 2589 458 2656 sacti.
471 2585 523 2640 Sed
537 2588 642 2640 fatetur
654 2586 796 2639 infamiam
816 2587 919 2640 versari
932 2603 1041 2655 semper
1053 2585 1127 2639 circa
1140 2590 1245 2656 fuctum
1259 2586 1348 2640 malae

167 2689 401 2755 existimationis3
420 2691 460 2744 ita
479 2692 612 2760 profunde
632 2693 794 2746 examinans
813 2693 948 2762 requisita
967 2692 1097 2746 infamiae
1119 2693 1188 2747 Sect.
1208 2692 1231 2756 I,
1250 2711 1276 2744 n.
1297 2693 1349 2745 15:

165 2811 185 2850 a
199 2795 231 2852 In
250 2797 365 2852 infamia
389 2798 584 2866 distinguenda
608 2815 668 2854 esse
687 2799 741 2852 duo
760 2798 804 2854 uel
827 2801 896 2864 tria;
915 2797 1024 2854 scilieet
1049 2799 1233 2853 substantiam
1259 2801 1349 2854 famae

166 2919 242 2974 quae
261 2910 304 2959 est
322 2907 401 2975 quasi
421 2905 566 2962 materiale
586 2907 614 2959 in
633 2907 693 2975 ipsa
711 2917 740 2960 et
759 2907 887 2960 consistit
911 2907 938 2958 in
966 2905 1077 2974 publica
1102 2907 1203 2960 notitia
1227 2905 1272 2960 vel
1291 2906 1349 2975 opi·

168 3009 253 3064 nione
272 3013 301 3062 et
320 3009 464 3063 moralitas
482 3027 530 3064 seu
550 3010 681 3080 legalitas
700 3010 831 3066 infamiae
850 3003 984 3081 quaeest
1001 3009 1089 3064 veluti
1109 3009 1234 3064 formale.
1253 3011 1347 3071 Quoad

169 3115 290 3183 primum
308 3132 376 3184 ergo
395 3120 505 3169 constat
524 3132 578 3170 non
598 3116 700 3170 auferri
720 3117 780 3186 ipso
792 3117 867 3170 facto
883 3133 931 3186 per
944 3115 1045 3186 legem,
1058 3116 1188 3186 quamdiu
1207 3116 1347 3171 occultum

167 3223 212 3272 est
231 3217 371 3274 delictum.
391 3221 507 3289 Oportet
525 3227 619 3276 autem
639 3222 667 3274 in
689 3220 739 3274 hac
759 3221 819 3290 ipsa
837 3221 994 3274 substantia
1007 3221 1097 3274 famae
1110 3221 1164 3274 duo
1183 3221 1240 3275 alia
1252 3221 1348 3276 distin·

168 3341 256 3393 guere
275 3325 383 3380 scilicet
403 3325 541 3382 actualem
555 3327 754 3396 possessionem
771 3327 832 3380 eius
845 3331 873 3380 et
886 3326 1037 3379 dominium
1051 3326 1127 3380 illius
1139 3343 1164 3380 n.
1184 3325 1264 3381 Unde
1284 3343 1347 3380 con·

168 3405 267 3500 clodii,
287 3450 402 3504 poenam
422 3435 553 3490 infamiae
573 3436 640 3490 iuris
660 3437 733 3490 latae
746 3446 814 3490 sent.
828 3435 932 3489 incurri
952 3437 1037 3490 etiam
1056 3435 1172 3489 crimine
1191 3435 1301 3489 occulto
1319 3440 1348 3490 at

169 3557 286 3609 poenam
305 3543 473 3597 aecumterre
492 3543 607 3598 effeetus
626 3543 765 3610 iuridicos,
784 3543 909 3614 quamuis
929 3561 985 3614 per
1002 3543 1140 3608 accidens,
1160 3559 1213 3596 non
1239 3559 1347 3597 secum·

168 3648 241 3700 ferat
259 3647 400 3715 publicam
420 3639 556 3703 notitiam.
570 3651 703 3704 Attamen
719 3666 767 3719 per
780 3666 810 3703 se
823 3649 938 3703 infamia
951 3649 1051 3718 legalis
1064 3647 1224 3718 expostulat
1241 3653 1348 3719 sactum

168 3753 310 3822 infamiae,
329 3754 386 3810 imo
405 3755 459 3810 huc
478 3761 593 3826 spectat.
613 3756 704 3817 Quare
723 3757 839 3811 infamia
856 3759 928 3811 iuris
949 3767 1056 3810 tantum
1075 3761 1124 3809 aut
1142 3757 1210 3826 sacti
1232 3765 1347 3822 tontum,

166 3861 198 3912 et
214 3859 330 3913 infamia
349 3863 419 3914 iuris
439 3871 465 3916 et
483 3862 552 3931 sacti
570 3877 652 3932 quam
671 3859 772 3915 recolit
797 3860 831 3914 cl.
852 3860 981 3930 Gasparri
1004 3879 1030 3913 n.
1050 3861 1125 3926 285,
1144 3859 1212 3914 mihi
1238 3860 1347 3914 videtur

165 3964 261 4020 aliena
285 3983 302 4019 a
327 3967 449 4036 genuino
475 3973 609 4036 conceptu
635 3967 766 4021 infamiae
785 3972 814 4021 et
833 3985 850 4021 a
869 3967 995 4021 doctrina
1014 3967 1144 4036 Suaresii,
1164 3968 1210 4038 qui
1236 3967 1347 4022 disserit

168 4073 187 4124 l.
207 4092 229 4128 c.
250 4093 276 4128 n.
291 4076 322 4128 II
335 4091 374 4146 sq.
392 4089 409 4126 a
424 4077 465 4130 De
483 4077 601 4146 insumia
615 4077 704 4146 legali
715 4080 785 4147 sueti
797 4091 821 4132 a.
843 4080 974 4132 Attamen
988 4077 1115 4147 quaestio
1127 4094 1163 4132 an
1177 4093 1265 4146 poena
1278 4077 1348 4129 infa-

165 4179 239 4234 miae
257 4197 276 4234 a
294 4183 358 4249 iare
378 4183 397 4234 I.
415 4193 484 4237 sent.
504 4185 663 4238 incurratur
688 4185 747 4253 ipso
773 4185 848 4237 facto
873 4185 977 4254 absque
995 4183 1134 4237 sententia
1158 4183 1346 4236 declaratoria

164 4287 294 4356 quaestio
310 4293 360 4356 eet,
374 4289 453 4342 cuius
472 4289 605 4344 resolutio
625 4306 679 4344 non
699 4289 800 4359 pendet
820 4306 836 4342 a
855 4288 969 4359 speciali
988 4293 1124 4358 conceptu
1143 4288 1283 4354 infamiae,
1300 4287 1347 4343 sad

163 4407 183 4444 a
201 4397 339 4464 conceptu
358 4409 464 4464 poenae
483 4394 513 4448 in
531 4409 642 4464 genere.
