3080 5110
329 307 396 374 398
849 326 932 374 runs
957 325 978 372 1.

329 450 410 516 facit
432 447 472 517 de
495 450 598 534 culpa
620 449 817 537 theologica,
834 451 931 516 etiam
954 469 1013 534 pro
1036 449 1138 532 tint.
1156 451 1337 516 incurritur
1352 451 1490 536 irregula-

330 579 410 645 ritas
426 579 543 664 quippe
558 577 641 644 haec
664 597 737 643 cum
760 577 872 663 primis
895 581 1018 663 spectat
1040 576 1081 642 ad
1106 577 1228 660 forum
1251 581 1439 642 eximam

419 699 495 768 312.
520 698 735 776 Quamobrem
758 700 884 766 inistis
907 699 1043 782 casibus,
1067 701 1144 785 quia
1169 702 1312 766 maxime
1333 699 1494 766 attenditur

328 825 425 912 culpa
447 829 587 891 externe
609 825 729 911 gravis,
753 843 810 890 seu
833 825 962 890 omissio
985 823 1111 890 debitae
1134 824 1324 910 diligentiae
1344 825 1446 891 relate
1464 823 1494 887 ad

330 947 451 1014 factum
482 949 586 1014 secuti
615 945 795 1021 homicidii,
826 953 905 1014 tunc
934 967 1000 1013 non
1030 947 1160 1013 videtur
1193 949 1374 1033 praecipue
1406 953 1494 1011 aden-

329 1073 468 1139 dendum
498 1093 540 1138 an
568 1074 640 1157 quis
670 1091 801 1159 operam
829 1071 956 1138 dederit
979 1073 1027 1137 rei
1054 1073 1164 1138 licitae
1195 1073 1248 1137 vel
1280 1073 1431 1144 illicitae,
1453 1071 1495 1136 sed

331 1197 434 1283 potius
457 1215 499 1262 an
523 1195 641 1262 exinde
664 1198 752 1282 sequi
777 1201 885 1282 posset
900 1193 1034 1263 allectus
1057 1198 1237 1278 occisionis,
1254 1199 1311 1281 qui
1327 1195 1495 1282 praevideri
1530 1251 1531 1308 p

330 1327 458 1410 poterat
480 1328 514 1389 et
536 1321 680 1389 debebat.
705 1321 815 1398 Quare
838 1341 904 1386 non
926 1322 1033 1407 placet
1056 1324 1224 1388 criterium
1246 1342 1268 1386 a
1292 1323 1334 1388 cl.
1358 1321 1495 1406 Gasperri

329 1467 364 1512 u.
390 1447 461 1514 445
484 1448 692 1532 propositum,
720 1465 835 1533 nempe
866 1445 970 1512 dando
1002 1465 1134 1534 operam
1158 1448 1206 1512 rei
1229 1447 1379 1520 illicitae,
1403 1453 1498 1512 secuta

331 1575 508 1647 occisione,
540 1573 828 1659 irregularitatem,
861 1579 895 1638 ut
929 1574 1120 1659 plurimum.
1153 1575 1334 1658 provenire
1370 1593 1439 1638 noir
1465 1592 1498 1639 ar

333 1699 468 1783 defectu
491 1699 638 1766 leuitatis
661 1704 717 1764 aut
739 1717 785 1765 em
807 1699 926 1766 delicto
951 1698 1125 1765 homicidii
1146 1698 1203 1763 sed
1226 1717 1273 1764 em
1296 1699 1420 1766 delicto
1443 1699 1500 1764 as'e-
1530 1703 1531 1788 3

331 1825 422 1890 lotae
456 1824 548 1910 lepis.
575 1859 592 1873 ·
621 1823 745 1890 Verum
780 1843 877 1908 quum
912 1824 1019 1908 aliqua
1053 1843 1107 1888 res
1142 1824 1274 1890 clericis
1309 1823 1499 1909 prohibetur.

332 1953 444 2034 utputa
478 1947 608 2015 venatio
642 1947 840 2021 clamorosa,
877 1967 941 2012 non
971 1947 1046 2032 quia
1079 1947 1272 2032 productiva
1296 1950 1426 2020 mortis,
1455 1945 1500 2010 sel

332 2073 408 2155 quia
437 2077 562 2137 remota
592 2091 612 2135 a
641 2071 759 2137 decore
789 2070 913 2136 ordinis
943 2071 1115 2145 clericalis,
1146 2091 1212 2136 non
1234 2061 1328 2156 patet
1359 2070 1502 2156 quomedo
1530 2063 1531 2144 ζ

332 2195 463 2260 violatio
485 2196 581 2262 huius
608 2195 688 2281 legis
716 2197 757 2260 sit
779 2213 878 2261 causa
895 2196 1063 2278 promtum
1089 2195 1236 2280 efficimus
1260 2197 1503 2282 irregularitatis
1530 2211 1531 2270 ξ

332 2321 552 2406 provenientis
575 2319 722 2402 exsecto
740 2319 923 2393 immicidit
940 2325 973 2385 et
996 2319 1070 2386 inde
1093 2340 1191 2386 causa
1209 2329 1347 2389 remota
1365 2325 1408 2387 sit
1425 2321 1501 2402 dese·
1530 2291 1531 2372 ἕ

330 2451 404 2512 ctus
427 2443 581 2512 leuitatis.

422 2566 512 2633 Idem
536 2568 576 2634 cl.
595 2569 719 2634 Auctor
741 2569 900 2654 opinatur,
926 2569 1016 2634 istam
1045 2569 1192 2653 regulam
1215 2571 1407 2634 necessario
1431 2571 1505 2634 inre

332 2693 468 2762 caudam
485 2714 556 2762 esse
572 2696 605 2759 in
621 2691 814 2781 explicanda
830 2694 1082 2780 irregularitate,
1100 2713 1195 2777 quam
1211 2715 1326 2760 omnes
1342 2695 1503 2761 admittunt

332 2823 505 2886 incurrere
529 2819 667 2887 clericor
686 2823 720 2884 et
737 2819 921 2886 monachos
944 2823 1048 2884 artem
1068 2817 1289 2906 chirurgicum
1307 2827 1503 2887 exercentes

331 2943 512 3010 adurendo
536 2948 568 3008 et
589 2941 781 3014 incidendo.
805 2944 831 3008 si
854 2940 1001 3008 infirmus
1023 2942 1143 3008 incisus
1166 2949 1223 3008 aut
1245 2942 1381 3010 adustas
1406 2949 1506 3031 postea

333 3071 500 3144 moriatur,
517 3067 661 3152 quamvis
685 3067 745 3152 ipsi
768 3067 898 3132 aliunde
920 3067 1043 3132 fuerint
1065 3067 1098 3131 in
1114 3073 1185 3132 arte
1205 3069 1300 3152 periti
1325 3074 1359 3134 et
1375 3068 1503 3134 debitum
1530 3053 1531 3142 l

332 3193 545 3260 exercuerint
565 3190 772 3276 diligentiam,
789 3210 865 3278 urg.
882 3211 957 3274 cop.
974 3191 1017 3257 19
1031 3192 1062 3256 b.
1080 3197 1104 3257 t.
1121 3192 1211 3264 Nam,
1228 3193 1275 3259 ait
1297 3193 1360 3258 iste
1386 3193 1503 3258 nocte.

333 3316 568 3402 irregularitati
591 3320 682 3380 certe
704 3333 769 3378 non
793 3319 844 3380 est
863 3314 963 3386 locus,
980 3315 1007 3380 si
1023 3315 1162 3380 clericus
1177 3315 1231 3379 vel
1254 3315 1449 3396 monachus,
1464 3313 1505 3377 rel

333 3441 527 3506 necessitate
539 3438 680 3512 adactus,
693 3439 747 3504 vel
761 3436 885 3504 indulto
898 3438 1084 3524 Apostolico
1100 3439 1213 3512 fretus,
1226 3443 1332 3504 artem
1349 3440 1504 3524 chirurg-

333 3584 406 3631 cam
428 3564 476 3630 ita
492 3563 624 3637 fecerit;
642 3562 721 3628 adeo
745 3568 779 3629 ut
799 3563 883 3630 ratio
903 3563 1155 3648 irregularitatis
1170 3563 1320 3629 videatur
1335 3563 1504 3650 repetenda

335 3711 378 3756 ex
400 3689 575 3756 violatione
597 3690 690 3775 legis.

423 3817 576 3881 Attamen
599 3813 680 3880 haec
704 3815 933 3899 consequentia
960 3813 1051 3880 nobis
1078 3833 1144 3879 non
1167 3814 1295 3880 ridetur
1316 3819 1503 3882 necessaria

334 3939 410 4022 quia
433 3938 659 4023 irregularitas
683 3937 761 4004 inita
784 3936 825 4004 ob
847 3937 978 4020 factum
1001 3937 1164 4004 homicidii
1192 3957 1256 4002 non
1281 3945 1390 4024 potest
1414 3957 1502 4024 repat

334 4081 378 4126 ex
399 4061 520 4126 violata
542 4059 758 4146 prohibitione
780 4060 943 4127 cuiusdam
967 4063 1046 4126 artis
1069 4081 1129 4147 per
1152 4061 1187 4127 se
1211 4081 1276 4126 uon
1304 4063 1502 4147 productiva·

333 4185 456 4262 mortis,
474 4186 537 4251 imo
560 4185 757 4253 consulentis
780 4183 863 4250 bono
882 4184 1075 4250 valetudinis
1098 4189 1131 4250 et
1154 4187 1337 4272 integritati
1361 4185 1502 4252 memore

335 4327 421 4384 rum;
438 4308 496 4376 sed
518 4308 700 4375 immediate
725 4307 900 4394 repetenda
916 4313 964 4374 est
979 4327 1023 4374 ec
1038 4308 1130 4391 facto
1146 4310 1324 4385 homicidii,
1340 4309 1433 4396 quod,
1450 4313 1500 4374 {sn

335 4437 490 4515 secutum,
507 4434 627 4520 ingerit
650 4434 683 4498 in
706 4431 821 4518 populo
838 4433 1051 4520 suspicionem
1074 4433 1160 4500 istud
1176 4433 1364 4503 derivatum
1386 4455 1451 4502 esse
1464 4451 1497 4497 er
