3296 5108
332 323 400 392 396
865 347 949 394 raes
973 347 995 394 a

331 467 470 534 hominis
498 469 720 542 commissum
742 475 777 534 et
794 467 970 552 publicum
994 471 1129 534 evenire
1157 477 1262 555 potest
1288 472 1343 536 rel
1369 473 1406 536 ie
1429 471 1518 538 betto

330 592 385 658 vel
408 593 445 657 in
465 591 593 659 aneio
615 593 804 678 runpadnis.
830 628 849 641 -
875 593 926 657 Ex
950 594 1254 662 auocamento
1272 597 1412 678 priuato
1435 599 1517 660 irre·

330 717 487 804 galeritus
510 717 585 782 inde
607 719 804 804 proveniens
827 726 876 783 est
899 738 943 782 ex
964 717 1106 800 delicto,·
1129 741 1174 784 ex
1193 721 1280 786 iacto
1298 719 1437 802 publice
1460 721 1517 784 ali

331 841 458 926 quaudo
485 861 533 908 eo:
554 841 686 909 delicto.
708 841 883 926 aliqnando
906 862 953 908 ex
981 843 1116 924 defectu
1145 847 1252 908 oritur
1274 847 1516 930 irregularitas

332 967 494 1053 Siquidem
517 967 611 1036 adest
631 968 782 1049 desectio
804 969 963 1037 lenitutu,
981 989 1047 1034 non
1069 970 1228 1036 deiictrun
1254 973 1288 1035 in
1306 971 1439 1036 homine
1462 975 1518 1055 qui

332 1089 453 1156 occidit
474 1095 530 1154 aut
553 1091 688 1155 mutilat
711 1109 755 1154 ex
777 1090 928 1177 tepirimo
952 1093 1041 1156 iussu
1059 1090 1221 1174 publicae
1242 1095 1455 1157 austeritatis

420 1215 498 1281 311.
523 1214 742 1280 Exordiamur
757 1215 798 1280 ab
814 1215 988 1282 homicidio
1010 1223 1043 1282 et
1059 1217 1259 1282 mutilatione
1272 1219 1365 1300 secto
1376 1219 1518 1302 prr-irato

332 1339 476 1424 ponatis
502 1338 645 1404 Proinde
674 1339 837 1424 loquimur
859 1339 900 1405 de
931 1341 1174 1425 irregularitate
1203 1361 1250 1406 ex
1275 1340 1405 1406 deliem.
1433 1361 1519 1425 quae

333 1464 457 1530 incurri
481 1483 546 1528 uon
566 1469 679 1548 potest,
696 1465 759 1530 nisi
783 1463 867 1530 adsit
889 1465 999 1544 dotus,
1020 1464 1106 1529 unde
1119 1469 1359 1532 constituuntur
1381 1466 1516 1540 delicte,

332 1589 385 1655 vel
408 1591 520 1673 adpo.
544 1609 608 1674 qua
630 1597 781 1655 constant
804 1593 905 1676 qimai
921 1626 937 1638 -
951 1591 1092 1658 delicta:
1114 1591 1157 1655 cl'.
1181 1611 1280 1677 supra
1303 1591 1368 1656 197
1391 1611 1460 1674 seq.

424 1717 473 1782 lte
495 1737 575 1782 sane
597 1735 678 1780 vera
702 1719 777 1800 quia
806 1716 987 1782 attenditur
1009 1718 1109 1782 animi
1130 1717 1281 1794 saecuta
1309 1738 1367 1782 seu
1390 1719 1519 1781 animm

333 1847 465 1928 paratus
487 1841 644 1908 occisioni
667 1854 721 1905 aut
745 1841 937 1908 mutilationi
961 1841 1209 1927 perpetrandae:

470 1967 504 2047 l)
526 1985 591 2032 non
615 1967 795 2032 incurritur
817 1967 1042 2052 irregularitas
1058 1987 1101 2032 ex
1116 1967 1204 2031 iacto
1220 1967 1352 2032 coemit
1369 1987 1432 2031 non
1450 1968 1520 2033 casl-

328 2109 415 2174 poro
423 2109 438 2172 ,·
460 2088 631 2154 dummodo
654 2109 762 2169 casus,
776 2109 834 2154 seu
849 2091 898 2154 vis
913 2091 1019 2154 maior
1033 2093 1180 2174 attingat
1196 2110 1254 2154 seu
1276 2089 1397 2156 alliciat
1411 2091 1520 2154 uuer-

336 2215 460 2282 tioucm
483 2215 619 2300 agentis,
637 2234 701 2278 non
717 2215 832 2297 operis
846 2217 1010 2297 effectum.
1026 2213 1190 2298 Siquidem
1208 2216 1307 2278 animi
1323 2213 1438 2278 feritas
1454 2216 1519 2278 iam

334 2336 534 2404 sufficienter
565 2335 790 2403 manifestatur
820 2341 853 2402 in
883 2347 1042 2424 concepto
1076 2341 1240 2425 proposito
1270 2338 1439 2403 occidendi
1462 2345 1520 2402 aut
1636 2397 1637 2418 ,

334 2460 511 2536 mutilandi,
528 2462 673 2546 quamvis
687 2467 798 2545 postea
813 2461 932 2524 occisio
954 2461 1007 2525 vel
1021 2461 1179 2527 mutilatio
1195 2459 1290 2525 cadat
1306 2460 1340 2524 in
1355 2460 1519 2526 obiectum

335 2605 400 2652 non
430 2584 574 2651 volitum.
605 2585 736 2652 Scilicet
758 2587 784 2650 si
809 2587 880 2670 quis
903 2584 1015 2652 Gaium
1042 2585 1192 2650 occidere
1215 2585 1344 2658 volens,
1370 2585 1521 2670 Sempro·

334 2711 422 2776 nium
452 2709 579 2781 occidit.
603 2729 681 2775 casu
711 2709 799 2774 hunc
824 2709 960 2786 occidit;
984 2709 1039 2775 sed
1071 2711 1146 2795 quia
1177 2711 1340 2776 hominem
1364 2709 1519 2774 occidere

334 2835 472 2908 uolebat,
497 2835 773 2920 irregularitatem
797 2835 946 2900 incurrit.

468 2959 502 3046 2)
526 2959 559 3025 Si
587 2979 682 3040 casu,
715 2967 847 3046 praeter
876 2959 1094 3032 voluntatem,
1126 2959 1334 3025 homicidium
1362 2963 1521 3043 sequatur

334 3085 475 3166 msuale,
504 3085 684 3150 incurritur
707 3084 942 3171 irregularitas,
975 3087 1002 3150 si
1029 3085 1092 3150 hoc
1115 3091 1262 3149 secutum
1285 3085 1326 3150 sit
1352 3085 1394 3148 ab
1418 3104 1520 3170 opere

336 3211 389 3276 cui
417 3209 623 3275 incumbebat
645 3229 746 3296 agens
770 3229 833 3274 non
861 3231 937 3274 usus
961 3211 1146 3274 necessaria
1170 3207 1347 3294 diligentia,
1371 3211 1520 3292 quamsi

260 3309 265 3318 ¹
334 3335 602 3420 interposuisset,
638 3334 734 3400 facile
769 3333 954 3419 praevideri
990 3338 1119 3418 poterat
1152 3332 1206 3397 vel
1239 3333 1348 3396 timeri
1382 3328 1520 3398 effectus

335 3457 410 3525 dein
433 3463 572 3532 secutus,
597 3459 669 3524 ideo
692 3479 756 3523 non
780 3460 948 3544 praevisus
975 3477 1018 3522 ex
1041 3457 1136 3542 culpa
1158 3459 1252 3543 gravi
1275 3475 1334 3522 seu
1357 3475 1402 3521 ea
1425 3458 1518 3542 gravi
1634 3491 1635 3494 =

335 3583 508 3649 omissione
531 3581 657 3650 debitae
680 3582 876 3669 diligentiae.
894 3582 966 3647 Hac
989 3581 1029 3646 de
1052 3601 1151 3647 causa
1173 3581 1213 3646 ob
1233 3581 1407 3646 nonnullas
1423 3581 1518 3646 actio

336 3727 395 3772 nes
409 3707 449 3774 de
465 3708 630 3781 solicitas,
647 3707 704 3776 sed
720 3707 865 3793 periculo
880 3706 1046 3776 obnoxias.
1060 3713 1116 3772 aut
1131 3705 1365 3792 aliquantisper
1381 3727 1402 3772 a
1418 3707 1518 3792 digni·

336 3837 403 3898 tate
426 3830 549 3898 ordinis
576 3830 739 3897 clericalis
764 3831 902 3904 alienas,
926 3829 1026 3895 veluti
1054 3835 1188 3915 propter
1210 3829 1384 3894 nonnullos
1415 3829 1516 3904 ludos,

336 3959 526 4025 decernitur
549 3957 789 4044 irregularium
814 3958 859 4022 ita
882 3976 924 4021 ex
948 3976 974 4022 c.
992 3976 1019 4022 c.
1039 3975 1076 4038 p.
1095 3955 1127 4034 7,
1144 3960 1175 4021 et
1198 3953 1293 4035 &12
1315 3961 1347 4020 et
1371 3953 1427 4030 13,
1449 3955 1480 4020 lt.
1496 3959 1516 4018 t.
1633 3957 1634 3960 ’

336 4081 552 4152 intentionem
576 4089 683 4149 autem
699 4083 778 4149 iuris
795 4081 923 4148 videtur
945 4083 1132 4167 exprimere
1148 4079 1342 4146 adamussim
1367 4099 1517 4146 auruncu-

335 4206 428 4272 rium
456 4206 503 4272 oct
529 4211 642 4289 caput.
666 4204 690 4271 8
720 4205 773 4271 cit.
806 4207 850 4269 ita
880 4209 1088 4289 conceptum:
1113 4202 1347 4268 Homicidium
1380 4201 1516 4268 casuale

334 4331 524 4414 imputatur
551 4331 584 4396 ei
606 4329 666 4414 qui
695 4328 797 4395 dabat
827 4347 970 4411 operum
1000 4328 1052 4394 rei
1083 4345 1256 4394 runroiraa
1280 4326 1334 4390 vel
1365 4345 1513 4398 uicinae.

335 4453 523 4519 secundum
554 4453 662 4518 atium
693 4451 913 4532 intellectum,
937 4451 967 4516 si
989 4469 1058 4517 non
1089 4449 1243 4516 adhibuit
1273 4467 1412 4517 omnem
1439 4449 1513 4514 dili-
