3296 5108
305 300 372 367 452
820 320 904 368 rans
921 319 944 366 1.

305 441 454 528 cryptae
477 449 509 508 et
530 461 552 508 o
570 443 696 509 Sancta
713 441 799 509 Sede
815 442 1011 526 Apoelollca
1029 443 1246 526 prosodptas
1261 447 1292 508 et
1306 447 1485 510 revocatus

288 567 622 652 quomodocumque
645 567 835 655 divulgare.
863 568 954 639 Quae
977 567 1174 655 divulgatae
1194 568 1265 634 ium
1286 561 1418 651 fuerint
1442 569 1491 635 dc

304 692 464 758 monibus
486 693 638 778 puellum
662 690 871 773 auferantur
888 713 918 757 ».
978 727 979 732 κ

394 820 480 884 Aer.
500 818 551 882 17.
571 839 589 880 c
607 818 908 904 Indulpeuliorum
924 817 1143 891 limiensem,
1161 817 1362 892 noluntaria,
1380 816 1488 883 libelli

303 943 403 1026 solia,
439 948 498 1009 etc.
535 944 571 1008 iu
603 943 725 1027 qulbus
755 961 875 1008 earum
907 942 1137 1009 concessiones
1168 942 1383 1010 contineatur
1412 961 1491 1009 uon

299 1065 519 1146 publicentur
541 1066 667 1152 absque
690 1068 904 1148 competentis
927 1066 1142 1133 auctoritates
1166 1066 1300 1134 licentio
1316 1086 1347 1128 a.

393 1189 469 1255 369.
493 1191 612 1257 Priore
636 1191 845 1276 apocryphae
865 1191 1083 1276 indulgentiae
1099 1192 1175 1256 illae
1195 1195 1270 1256 sunt
1285 1210 1377 1275 quae,
1393 1189 1491 1273 falso

304 1313 470 1388 confictae,
496 1315 715 1382 attribuuntur
738 1318 923 1382 auctoritati
948 1316 978 1382 S.
1004 1316 1104 1382 Sedis.
1131 1351 1148 1364 ·
1175 1313 1358 1388 Pontifices,
1384 1315 1489 1381 veluti

303 1441 335 1506 S.
353 1441 431 1506 Pius
447 1441 489 1514 V,
506 1440 626 1506 Paulus
638 1442 680 1516 V,
699 1443 907 1507 Innocentius
925 1441 965 1512 X.
984 1441 1132 1506 Clemens
1145 1439 1239 1513 VIII,
1257 1439 1407 1506 Clemens
1424 1440 1491 1519 IX,

305 1564 370 1629 Leo
394 1566 435 1637 X,
460 1570 493 1631 et
523 1567 576 1630 alii
600 1566 653 1630 vel
683 1586 743 1651 per
766 1566 1026 1639 Constitutiones
1051 1567 1104 1630 vel
1135 1585 1195 1650 per
1226 1565 1366 1630 Decreta
1389 1564 1421 1630 S.
1450 1565 1489 1630 O.

306 1689 581 1776 Indulgentiarum
607 1690 801 1756 damnarunt
816 1691 1033 1776 indulgentias
1047 1691 1265 1774 apocryphos
1290 1693 1323 1756 et
1345 1688 1489 1753 nonnul·

304 1814 352 1878 Ias
367 1833 553 1900 permanes
569 1822 776 1881 revocarunt.
795 1815 843 1882 ot.
861 1817 1011 1880 Ferraris
1028 1813 1070 1900 (v.
1088 1813 1326 1898 Indulgentiae
1344 1817 1407 1878 art.
1427 1813 1490 1896 iu).

306 1938 411 2003 Hodie
423 1945 562 2022 praesto
580 1945 628 2004 est
643 1941 790 2007 collectio
803 1941 996 2007 authentica
1011 1939 1097 2006 edila
1112 1941 1201 2005 iussu
1216 1939 1248 2005 S.
1263 1939 1296 2004 G.
1314 1937 1491 2022 Indulgen-

306 2064 436 2144 tiarum,
452 2066 593 2148 itemque
613 2067 806 2130 concinnata
830 2070 879 2130 est
901 2065 1073 2131 autentico
1093 2063 1395 2150 Iudulpeuliorum
1418 2064 1491 2128 col·

306 2189 412 2268 lectio,
428 2190 584 2274 inscripta
600 2189 762 2256 Raccolla
781 2189 867 2256 delle
884 2187 1106 2274 Indulpeuze.
1132 2187 1180 2253 Of.
1200 2186 1271 2253 Vol.
1287 2183 1333 2258 ΙΙ,
1358 2205 1391 2250 n.
1410 2185 1493 2251 198.

395 2310 507 2384 Quoad
535 2312 682 2378 alterum
705 2311 877 2375 arti0ulum
908 2310 1100 2375 advertatur
1130 2310 1231 2375 fuisse
1261 2305 1489 2372 confirmatam

303 2441 450 2500 veterem
474 2435 674 2520 disciplinam
698 2455 779 2520 quae
803 2435 941 2508 iubebat,
958 2454 1065 2502 ucoca
1083 2434 1306 2520 Indulgentiae
1321 2433 1374 2497 vel
1395 2451 1492 2498 uooc

304 2560 583 2646 Indulgentiarum
608 2562 791 2633 summaria,
816 2561 903 2641 solia,
927 2560 1053 2626 libellos
1077 2560 1127 2625 edi
1150 2579 1216 2624 non
1239 2577 1334 2644 posse
1364 2556 1493 2641 absque

304 2685 436 2750 IIcentia
451 2685 483 2752 S.
502 2685 600 2770 (long.
619 2684 912 2772 Indulgentiarum;
938 2685 1160 2770 Indulgentiae
1176 2705 1256 2750 vero
1280 2684 1344 2748 iam
1360 2701 1495 2766 oppro-

305 2805 401 2873 balos
428 2807 467 2872 ab
495 2808 558 2873 hec
586 2810 696 2894 Cong„
726 2809 778 2874 vel
811 2809 1088 2896 IndulgenIIarum
1119 2809 1309 2880 summaria,
1342 2806 1490 2880 libellos,

304 2931 382 2996 folia
405 2933 597 3015 approbato
621 2933 671 2998 edi
696 2953 788 3018 posse
812 2933 981 2998 dummodo
1005 2934 1139 2999 accedat
1164 2933 1297 2998 licentia
1320 2933 1490 3017 Episcopi.

305 3055 397 3119 Haeo
424 3055 536 3139 praxis
565 3055 741 3122 desumitur
771 3077 814 3122 ex
843 3057 982 3122 decretis
1005 3057 1026 3123 S
1066 3055 1167 3142 Cong.
1193 3055 1487 3140 Indulgentiarum.

304 3177 398 3244 editis
422 3179 476 3244 die
498 3179 550 3244 22
574 3182 648 3245 Ion.
673 3181 764 3247 1858
795 3187 828 3246 et
859 3182 882 3247 8
911 3183 984 3246 Ion.
1013 3181 1107 3254 1861,
1134 3181 1263 3246 insImul
1287 3179 1429 3252 collatis;
1456 3185 1491 3243 et

304 3306 397 3369 istam
421 3303 620 3390 disciplinam
638 3305 683 3390 (1)
707 3307 802 3391 plene
825 3309 938 3392 vigere
961 3311 1032 3392 post
1055 3305 1162 3372 Consi.
1183 3304 1379 3389 Offim'orum
1403 3302 1491 3368 dixit

303 3429 335 3494 S.
353 3429 452 3515 (long.
479 3431 609 3512 Indicis,
634 3431 688 3496 die
713 3432 842 3516 tnup.
860 3431 959 3496 1897.
986 3431 1058 3496 Hoc
1082 3430 1250 3496 decretum
1274 3429 1380 3493 refert
1404 3428 1489 3493 Pen-

304 3553 421 3618 uacchi
440 3573 477 3635 p.
494 3553 571 3629 136,
597 3557 649 3638 qui
673 3573 716 3620 ex
739 3556 898 3641 principio
922 3575 1021 3640 supra
1044 3557 1205 3639 explicato
1229 3553 1356 3626 asserit,
1382 3552 1492 3620 libros

305 3674 374 3745 bos,
398 3677 600 3750 auricularia,
625 3676 711 3759 sollo
736 3677 1015 3762 Indulgendarum
1038 3676 1210 3763 publicata,
1237 3675 1346 3741 debita
1369 3676 1493 3740 omissa

303 3799 548 3885 approbatione,
573 3821 637 3865 non
662 3821 732 3866 esse
755 3803 947 3887 proscripta.

394 4011 433 4082 (l)
453 4011 591 4081 Imagines
611 4012 724 4082 quaeis
737 4011 899 4066 memoriam
918 4011 1041 4066 defuncti
1060 4011 1105 4066 vel
1125 4010 1154 4064 in
1173 4009 1291 4066 alterius
1310 4009 1350 4079 pii
1369 4013 1492 4064 eventus

303 4117 526 4172 recordationem
546 4117 638 4172 solent
656 4119 791 4189 componi,
805 4118 899 4174 addita
915 4118 1009 4190 aliqua
1023 4119 1068 4188 pia
1081 4118 1208 4173 oratIone
1226 4121 1257 4171 et
1274 4115 1383 4171 adnexa
1395 4115 1492 4170 indul-

302 4222 409 4290 gentia,
428 4238 482 4276 non
502 4229 566 4276 sunt
586 4223 653 4276 solie
672 4223 910 4294 indulgentiarum
930 4230 959 4279 et
978 4223 1044 4278 hinc
1063 4221 1116 4277 hac
1136 4221 1325 4293 prohibitione
1346 4237 1405 4276 non
1422 4236 1487 4275 con·

302 4327 437 4382 tinentur.
458 4329 641 4384 Vermeersch
665 4329 683 4384 l.
703 4347 725 4385 c.
746 4347 770 4400 p.
790 4331 833 4384 88.
853 4331 971 4387 Decreta
995 4331 1081 4402 modoJ
1100 4330 1196 4395 citata,
1213 4330 1248 4383 cf.
1261 4328 1333 4398 apud
1353 4327 1490 4391 carnari,

298 4452 366 4506 pag.
391 4437 436 4488 51.
