<?xml version="1.0" encoding="UTF-8"?>
<!DOCTYPE html PUBLIC "-//W3C//DTD XHTML 1.0 Transitional//EN"
    "http://www.w3.org/TR/xhtml1/DTD/xhtml1-transitional.dtd">
<html xmlns="http://www.w3.org/1999/xhtml" xml:lang="en" lang="en">
 <head>
  <title>
</title>
<meta http-equiv="Content-Type" content="text/html;charset=utf-8" />
  <meta name='ocr-system' content='tesseract 3.04.00' />
  <meta name='ocr-capabilities' content='ocr_page ocr_carea ocr_par ocr_line ocrx_word'/>
</head>
<body>
  <div class='ocr_page' id='page_1' title='image "./praelectionesin02legagoog_0081.png"; bbox 0 0 3312 5108; ppageno 0'>
   <div class='ocr_carea' id='block_1_1' title="bbox 776 754 1024 822">
    <p class='ocr_par' dir='ltr' id='par_1_1' title="bbox 776 754 1024 822">
     <span class='ocr_line' id='line_1_1' title="bbox 776 754 1024 822; baseline 0 -3"><span class='ocrx_word' id='word_1_1' title='bbox 776 754 956 822; x_wconf 86' lang='lat' dir='ltr'>TITULUS</span> <span class='ocrx_word' id='word_1_2' title='bbox 981 756 1024 821; x_wconf 92' lang='lat' dir='ltr'>Il.</span> 
     </span>
    </p>
   </div>
   <div class='ocr_carea' id='block_1_2' title="bbox 504 1005 1298 1164">
    <p class='ocr_par' dir='ltr' id='par_1_2' title="bbox 504 1005 1298 1164">
     <span class='ocr_line' id='line_1_2' title="bbox 560 1005 1239 1056; baseline -0.003 -3"><span class='ocrx_word' id='word_1_3' title='bbox 560 1007 603 1053; x_wconf 81' lang='lat' dir='ltr'>DE</span> <span class='ocrx_word' id='word_1_4' title='bbox 627 1007 772 1054; x_wconf 80' lang='lat' dir='ltr'>NOTIONE</span> <span class='ocrx_word' id='word_1_5' title='bbox 796 1007 927 1056; x_wconf 70' lang='lat' dir='ltr'>Pontiae</span> <span class='ocrx_word' id='word_1_6' title='bbox 952 1005 1239 1054; x_wconf 72' lang='lat' dir='ltr'>nectaslesrtcnn.</span> 
     </span>
     <span class='ocr_line' id='line_1_3' title="bbox 504 1109 1298 1164; baseline -0.001 -12"><span class='ocrx_word' id='word_1_7' title='bbox 504 1111 553 1152; x_wconf 88' lang='lat' dir='ltr'>lluc</span> <span class='ocrx_word' id='word_1_8' title='bbox 568 1109 660 1153; x_wconf 81' lang='lat' dir='ltr'>reserat.</span> <span class='ocrx_word' id='word_1_9' title='bbox 675 1112 711 1153; x_wconf 84' lang='lat' dir='ltr'>m.</span> <span class='ocrx_word' id='word_1_10' title='bbox 728 1110 762 1163; x_wconf 75' lang='lat'>37,</span> <span class='ocrx_word' id='word_1_11' title='bbox 778 1110 827 1154; x_wconf 88' lang='lat' dir='ltr'>Lib.</span> <span class='ocrx_word' id='word_1_12' title='bbox 843 1111 870 1152; x_wconf 84' lang='lat' dir='ltr'>V.</span> <span class='ocrx_word' id='word_1_13' title='bbox 885 1111 922 1164; x_wconf 83' lang='lat' dir='ltr'>X;</span> <span class='ocrx_word' id='word_1_14' title='bbox 937 1111 972 1154; x_wconf 83' lang='lat' dir='ltr'>rit.</span> <span class='ocrx_word' id='word_1_15' title='bbox 987 1112 1008 1152; x_wconf 86' lang='lat' dir='ltr'>a</span> <span class='ocrx_word' id='word_1_16' title='bbox 1024 1111 1045 1151; x_wconf 93' lang='lat' dir='ltr'>in</span> <span class='ocrx_word' id='word_1_17' title='bbox 1061 1112 1085 1162; x_wconf 82' lang='grc'>6;</span> <span class='ocrx_word' id='word_1_18' title='bbox 1101 1110 1137 1152; x_wconf 79' lang='lat' dir='ltr'>rit.</span> <span class='ocrx_word' id='word_1_19' title='bbox 1153 1111 1172 1151; x_wconf 82' lang='lat'>8.</span> <span class='ocrx_word' id='word_1_20' title='bbox 1188 1109 1210 1152; x_wconf 93' lang='lat' dir='ltr'>in</span> <span class='ocrx_word' id='word_1_21' title='bbox 1226 1109 1298 1152; x_wconf 76' lang='lat' dir='ltr'>clem.</span> 
     </span>
    </p>
   </div>
   <div class='ocr_carea' id='block_1_3' title="bbox 312 1303 1498 3072">
    <p class='ocr_par' dir='ltr' id='par_1_3' title="bbox 312 1303 1497 2454">
     <span class='ocr_line' id='line_1_4' title="bbox 312 1303 1494 1378; baseline 0.001 -18"><span class='ocrx_word' id='word_1_22' title='bbox 312 1303 528 1362; x_wconf 80' lang='lat' dir='ltr'>Summarinm.</span> <span class='ocrx_word' id='word_1_23' title='bbox 547 1337 581 1349; x_wconf 96' lang='lat'>-</span> <span class='ocrx_word' id='word_1_24' title='bbox 600 1309 642 1361; x_wconf 79' lang='lat'>47.</span> <span class='ocrx_word' id='word_1_25' title='bbox 663 1307 773 1362; x_wconf 86' lang='lat' dir='ltr'>Poenae</span> <span class='ocrx_word' id='word_1_26' title='bbox 792 1307 999 1362; x_wconf 87' lang='lat' dir='ltr'>ecclesiasticae</span> <span class='ocrx_word' id='word_1_27' title='bbox 1018 1309 1047 1362; x_wconf 90' lang='lat' dir='ltr'>in</span> <span class='ocrx_word' id='word_1_28' title='bbox 1061 1308 1315 1377; x_wconf 89' lang='lat' dir='ltr'>primisintendunt</span> <span class='ocrx_word' id='word_1_29' title='bbox 1328 1305 1494 1378; x_wconf 88' lang='lat' dir='ltr'>delinquen·</span> 
     </span>
     <span class='ocr_line' id='line_1_5' title="bbox 402 1415 1496 1481; baseline 0 -13"><span class='ocrx_word' id='word_1_30' title='bbox 402 1415 470 1468; x_wconf 90' lang='lat' dir='ltr'>tium</span> <span class='ocrx_word' id='word_1_31' title='bbox 490 1416 617 1469; x_wconf 92' lang='lat' dir='ltr'>obtinere</span> <span class='ocrx_word' id='word_1_32' title='bbox 636 1416 865 1481; x_wconf 77' lang='lat' dir='ltr'>emendationem,</span> <span class='ocrx_word' id='word_1_33' title='bbox 879 1420 908 1469; x_wconf 84' lang='lat' dir='ltr'>et</span> <span class='ocrx_word' id='word_1_34' title='bbox 928 1433 982 1468; x_wconf 82' lang='grc'>000</span> <span class='ocrx_word' id='word_1_35' title='bbox 1001 1415 1084 1468; x_wconf 84' lang='grc'><strong>011001</strong></span> <span class='ocrx_word' id='word_1_36' title='bbox 1104 1420 1211 1469; x_wconf 84' lang='grc'><strong>0010100</strong></span> <span class='ocrx_word' id='word_1_37' title='bbox 1224 1415 1365 1470; x_wconf 89' lang='lat' dir='ltr'>deterrere</span> <span class='ocrx_word' id='word_1_38' title='bbox 1378 1415 1496 1470; x_wconf 86' lang='lat' dir='ltr'>adelin-</span> 
     </span>
     <span class='ocr_line' id='line_1_6' title="bbox 402 1519 1494 1591; baseline 0.002 -21"><span class='ocrx_word' id='word_1_39' title='bbox 402 1519 518 1588; x_wconf 91' lang='lat' dir='ltr'>quendo.</span> <span class='ocrx_word' id='word_1_40' title='bbox 539 1547 572 1560; x_wconf 95' lang='lat'>-</span> <span class='ocrx_word' id='word_1_41' title='bbox 592 1520 634 1573; x_wconf 81' lang='lat'>48.</span> <span class='ocrx_word' id='word_1_42' title='bbox 655 1521 725 1576; x_wconf 89' lang='lat' dir='ltr'>Hinc</span> <span class='ocrx_word' id='word_1_43' title='bbox 744 1537 849 1590; x_wconf 87' lang='lat' dir='ltr'>poenae</span> <span class='ocrx_word' id='word_1_44' title='bbox 868 1524 897 1574; x_wconf 84' lang='lat' dir='ltr'>in</span> <span class='ocrx_word' id='word_1_45' title='bbox 920 1525 984 1591; x_wconf 73' lang='lat' dir='ltr'>fore</span> <span class='ocrx_word' id='word_1_46' title='bbox 1005 1531 1120 1574; x_wconf 80' lang='lat' dir='ltr'>externo</span> <span class='ocrx_word' id='word_1_47' title='bbox 1141 1519 1215 1573; x_wconf 88' lang='lat' dir='ltr'>latae</span> <span class='ocrx_word' id='word_1_48' title='bbox 1235 1519 1390 1588; x_wconf 89' lang='lat' dir='ltr'>pervadunt</span> <span class='ocrx_word' id='word_1_49' title='bbox 1408 1520 1494 1574; x_wconf 89' lang='lat' dir='ltr'>etiam</span> 
     </span>
     <span class='ocr_line' id='line_1_7' title="bbox 403 1623 1494 1696; baseline 0 -20"><span class='ocrx_word' id='word_1_50' title='bbox 403 1627 498 1693; x_wconf 76' lang='lat' dir='ltr'>foram</span> <span class='ocrx_word' id='word_1_51' title='bbox 519 1626 665 1680; x_wconf 82' lang='lat' dir='ltr'>internum.</span> <span class='ocrx_word' id='word_1_52' title='bbox 680 1625 845 1696; x_wconf 82' lang='lat' dir='ltr'>Antiquiore</span> <span class='ocrx_word' id='word_1_53' title='bbox 858 1625 1010 1694; x_wconf 82' lang='lat' dir='ltr'>disciplina,</span> <span class='ocrx_word' id='word_1_54' title='bbox 1027 1642 1128 1695; x_wconf 86' lang='lat' dir='ltr'>poenas</span> <span class='ocrx_word' id='word_1_55' title='bbox 1141 1625 1213 1696; x_wconf 91' lang='lat' dir='ltr'>quod</span> <span class='ocrx_word' id='word_1_56' title='bbox 1225 1623 1338 1691; x_wconf 88' lang='lat' dir='ltr'>attinet,</span> <span class='ocrx_word' id='word_1_57' title='bbox 1352 1624 1494 1678; x_wconf 89' lang='lat' dir='ltr'>distinctio</span> 
     </span>
     <span class='ocr_line' id='line_1_8' title="bbox 403 1727 1494 1798; baseline -0.003 -16"><span class='ocrx_word' id='word_1_58' title='bbox 403 1728 485 1782; x_wconf 89' lang='lat' dir='ltr'>unius</span> <span class='ocrx_word' id='word_1_59' title='bbox 503 1733 531 1782; x_wconf 89' lang='lat' dir='ltr'>et</span> <span class='ocrx_word' id='word_1_60' title='bbox 550 1727 667 1783; x_wconf 85' lang='lat' dir='ltr'>alterius</span> <span class='ocrx_word' id='word_1_61' title='bbox 691 1731 743 1783; x_wconf 85' lang='lat' dir='ltr'>lori</span> <span class='ocrx_word' id='word_1_62' title='bbox 764 1747 833 1798; x_wconf 88' lang='lat' dir='ltr'>pene</span> <span class='ocrx_word' id='word_1_63' title='bbox 853 1735 914 1784; x_wconf 86' lang='lat' dir='ltr'>erat</span> <span class='ocrx_word' id='word_1_64' title='bbox 936 1731 1087 1798; x_wconf 86' lang='lat' dir='ltr'>incognite.</span> <span class='ocrx_word' id='word_1_65' title='bbox 1107 1759 1140 1770; x_wconf 93' lang='lat'>—</span> <span class='ocrx_word' id='word_1_66' title='bbox 1160 1731 1202 1783; x_wconf 78' lang='lat'>49.</span> <span class='ocrx_word' id='word_1_67' title='bbox 1223 1731 1325 1784; x_wconf 85' lang='lat' dir='ltr'>Forum</span> <span class='ocrx_word' id='word_1_68' title='bbox 1346 1739 1494 1784; x_wconf 75' lang='lat' dir='ltr'>externum</span> 
     </span>
     <span class='ocr_line' id='line_1_9' title="bbox 402 1836 1495 1908; baseline 0.004 -20"><span class='ocrx_word' id='word_1_69' title='bbox 402 1836 430 1888; x_wconf 93' lang='lat' dir='ltr'>in</span> <span class='ocrx_word' id='word_1_70' title='bbox 450 1836 576 1904; x_wconf 91' lang='lat' dir='ltr'>pluribus</span> <span class='ocrx_word' id='word_1_71' title='bbox 588 1837 732 1892; x_wconf 90' lang='lat' dir='ltr'>dicendum</span> <span class='ocrx_word' id='word_1_72' title='bbox 753 1843 795 1891; x_wconf 92' lang='lat' dir='ltr'>est</span> <span class='ocrx_word' id='word_1_73' title='bbox 814 1837 1001 1906; x_wconf 88' lang='lat' dir='ltr'>praevaluisse</span> <span class='ocrx_word' id='word_1_74' title='bbox 1015 1841 1139 1904; x_wconf 72' lang='grc' dir='ltr'><strong>101010ος</strong></span> <span class='ocrx_word' id='word_1_75' title='bbox 1159 1843 1189 1892; x_wconf 87' lang='lat' dir='ltr'>at</span> <span class='ocrx_word' id='word_1_76' title='bbox 1208 1837 1303 1908; x_wconf 89' lang='lat' dir='ltr'>aliquo</span> <span class='ocrx_word' id='word_1_77' title='bbox 1315 1840 1366 1892; x_wconf 90' lang='lat' dir='ltr'>sub</span> <span class='ocrx_word' id='word_1_78' title='bbox 1380 1843 1495 1908; x_wconf 86' lang='lat' dir='ltr'>aspectu</span> 
     </span>
     <span class='ocr_line' id='line_1_10' title="bbox 403 1945 1496 2016; baseline 0.003 -20"><span class='ocrx_word' id='word_1_79' title='bbox 403 1945 544 1998; x_wconf 82' lang='lat' dir='ltr'>internum</span> <span class='ocrx_word' id='word_1_80' title='bbox 563 1945 746 2014; x_wconf 76' lang='lat' dir='ltr'>praevalebat</span> <span class='ocrx_word' id='word_1_81' title='bbox 765 1957 879 2000; x_wconf 76' lang='lat' dir='ltr'>externo</span> <span class='ocrx_word' id='word_1_82' title='bbox 893 1947 995 2016; x_wconf 87' lang='lat' dir='ltr'>qnippe</span> <span class='ocrx_word' id='word_1_83' title='bbox 1010 1948 1038 1999; x_wconf 91' lang='lat' dir='ltr'>in</span> <span class='ocrx_word' id='word_1_84' title='bbox 1052 1947 1214 2000; x_wconf 77' lang='lat' dir='ltr'>criminibus</span> <span class='ocrx_word' id='word_1_85' title='bbox 1227 1946 1272 2002; x_wconf 85' lang='lat' dir='ltr'>vel</span> <span class='ocrx_word' id='word_1_86' title='bbox 1286 1947 1416 2001; x_wconf 79' lang='lat' dir='ltr'>civilibus</span> <span class='ocrx_word' id='word_1_87' title='bbox 1431 1964 1496 2000; x_wconf 93' lang='lat' dir='ltr'>con·</span> 
     </span>
     <span class='ocr_line' id='line_1_11' title="bbox 403 2051 1495 2125; baseline 0.004 -21"><span class='ocrx_word' id='word_1_88' title='bbox 403 2051 577 2106; x_wconf 87' lang='lat' dir='ltr'>siderabatur</span> <span class='ocrx_word' id='word_1_89' title='bbox 595 2055 668 2106; x_wconf 83' lang='lat' dir='ltr'>ratio</span> <span class='ocrx_word' id='word_1_90' title='bbox 686 2057 805 2124; x_wconf 82' lang='lat' dir='ltr'>peccati,-</span> <span class='ocrx_word' id='word_1_91' title='bbox 826 2060 854 2109; x_wconf 92' lang='lat' dir='ltr'>et</span> <span class='ocrx_word' id='word_1_92' title='bbox 883 2053 934 2108; x_wconf 86' lang='lat' dir='ltr'>bac</span> <span class='ocrx_word' id='word_1_93' title='bbox 960 2055 1076 2120; x_wconf 90' lang='lat' dir='ltr'>ratione,</span> <span class='ocrx_word' id='word_1_94' title='bbox 1096 2055 1212 2108; x_wconf 90' lang='lat' dir='ltr'>crimina</span> <span class='ocrx_word' id='word_1_95' title='bbox 1232 2055 1276 2110; x_wconf 90' lang='lat' dir='ltr'>vel</span> <span class='ocrx_word' id='word_1_96' title='bbox 1293 2073 1368 2125; x_wconf 84' lang='lat' dir='ltr'>pure</span> <span class='ocrx_word' id='word_1_97' title='bbox 1389 2057 1495 2122; x_wconf 81' lang='lat' dir='ltr'>civilio,</span> 
     </span>
     <span class='ocr_line' id='line_1_12' title="bbox 404 2153 1495 2226; baseline 0.001 -18"><span class='ocrx_word' id='word_1_98' title='bbox 404 2153 637 2223; x_wconf 75' lang='lat' dir='ltr'>pertrahebantur</span> <span class='ocrx_word' id='word_1_99' title='bbox 655 2157 689 2208; x_wconf 86' lang='lat' dir='ltr'>ad</span> <span class='ocrx_word' id='word_1_100' title='bbox 708 2156 923 2225; x_wconf 82' lang='lat' dir='ltr'>competentiam</span> <span class='ocrx_word' id='word_1_101' title='bbox 943 2156 1169 2211; x_wconf 86' lang='lat' dir='ltr'>ecclesiasticam.</span> <span class='ocrx_word' id='word_1_102' title='bbox 1193 2185 1229 2226; x_wconf 90' lang='lat'>·.·</span> <span class='ocrx_word' id='word_1_103' title='bbox 1250 2157 1293 2212; x_wconf 81' lang='lat'>50.</span> <span class='ocrx_word' id='word_1_104' title='bbox 1314 2156 1433 2211; x_wconf 83' lang='lat' dir='ltr'>Saeculo</span> <span class='ocrx_word' id='word_1_105' title='bbox 1456 2172 1495 2210; x_wconf 87' lang='lat' dir='ltr'>xn</span> 
     </span>
     <span class='ocr_line' id='line_1_13' title="bbox 405 2259 1496 2331; baseline 0.003 -18"><span class='ocrx_word' id='word_1_106' title='bbox 405 2276 467 2313; x_wconf 90' lang='lat' dir='ltr'>cum</span> <span class='ocrx_word' id='word_1_107' title='bbox 491 2259 547 2314; x_wconf 86' lang='lat' dir='ltr'>late</span> <span class='ocrx_word' id='word_1_108' title='bbox 567 2262 709 2328; x_wconf 72' lang='lat' dir='ltr'>vigescere</span> <span class='ocrx_word' id='word_1_109' title='bbox 733 2263 825 2331; x_wconf 88' lang='lat' dir='ltr'>coepit</span> <span class='ocrx_word' id='word_1_110' title='bbox 844 2263 966 2316; x_wconf 88' lang='lat' dir='ltr'>studium</span> <span class='ocrx_word' id='word_1_111' title='bbox 991 2279 1082 2316; x_wconf 88' lang='lat' dir='ltr'>rerum</span> <span class='ocrx_word' id='word_1_112' title='bbox 1107 2263 1360 2317; x_wconf 87' lang='lat' dir='ltr'>ecclesiasticarum</span> <span class='ocrx_word' id='word_1_113' title='bbox 1380 2269 1409 2318; x_wconf 92' lang='lat' dir='ltr'>et</span> <span class='ocrx_word' id='word_1_114' title='bbox 1429 2263 1496 2316; x_wconf 79' lang='lat' dir='ltr'>civi·</span> 
     </span>
     <span class='ocr_line' id='line_1_14' title="bbox 405 2367 1497 2454; baseline 0.005 -35"><span class='ocrx_word' id='word_1_115' title='bbox 405 2367 473 2420; x_wconf 88' lang='lat' dir='ltr'>lium</span> <span class='ocrx_word' id='word_1_116' title='bbox 493 2368 652 2454; x_wconf 80' lang='lat' dir='ltr'>distinctum</span> <span class='ocrx_word' id='word_1_117' title='bbox 672 2375 714 2423; x_wconf 90' lang='lat' dir='ltr'>est</span> <span class='ocrx_word' id='word_1_118' title='bbox 735 2370 776 2422; x_wconf 86' lang='lat' dir='ltr'>ius</span> <span class='ocrx_word' id='word_1_119' title='bbox 796 2370 911 2437; x_wconf 85' lang='lat' dir='ltr'>poenale</span> <span class='ocrx_word' id='word_1_120' title='bbox 928 2370 1147 2424; x_wconf 83' lang='lat' dir='ltr'>ecclesiasticum</span> <span class='ocrx_word' id='word_1_121' title='bbox 1167 2389 1183 2424; x_wconf 88' lang='lat' dir='ltr'>a</span> <span class='ocrx_word' id='word_1_122' title='bbox 1203 2370 1295 2434; x_wconf 77' lang='lat' dir='ltr'>civili5</span> <span class='ocrx_word' id='word_1_123' title='bbox 1316 2376 1401 2442; x_wconf 87' lang='lat' dir='ltr'>atque</span> <span class='ocrx_word' id='word_1_124' title='bbox 1420 2375 1497 2424; x_wconf 90' lang='lat' dir='ltr'>utra·</span> 
     </span>
    </p>

    <p class='ocr_par' dir='ltr' id='par_1_4' title="bbox 370 2475 1498 3072">
     <span class='ocr_line' id='line_1_15' title="bbox 370 2475 1497 2546; baseline 0.004 -20"><span class='ocrx_word' id='word_1_125' title='bbox 370 2531 371 2536; x_wconf 43' lang='lat'>,</span> <span class='ocrx_word' id='word_1_126' title='bbox 406 2489 459 2544; x_wconf 92' lang='lat' dir='ltr'>que</span> <span class='ocrx_word' id='word_1_127' title='bbox 472 2475 598 2539; x_wconf 88' lang='lat' dir='ltr'>societas,</span> <span class='ocrx_word' id='word_1_128' title='bbox 612 2475 639 2528; x_wconf 93' lang='lat' dir='ltr'>in</span> <span class='ocrx_word' id='word_1_129' title='bbox 653 2492 702 2529; x_wconf 86' lang='lat' dir='ltr'>suo</span> <span class='ocrx_word' id='word_1_130' title='bbox 717 2493 818 2545; x_wconf 81' lang='lat' dir='ltr'>genere</span> <span class='ocrx_word' id='word_1_131' title='bbox 841 2478 1030 2546; x_wconf 69' lang='lat' dir='ltr'>perlactatos</span> <span class='ocrx_word' id='word_1_132' title='bbox 1051 2478 1180 2546; x_wconf 92' lang='lat' dir='ltr'>puniendi</span> <span class='ocrx_word' id='word_1_133' title='bbox 1200 2479 1252 2532; x_wconf 92' lang='lat' dir='ltr'>sibi</span> <span class='ocrx_word' id='word_1_134' title='bbox 1272 2479 1410 2532; x_wconf 85' lang='lat' dir='ltr'>attribuit.</span> <span class='ocrx_word' id='word_1_135' title='bbox 1431 2477 1497 2531; x_wconf 91' lang='lat' dir='ltr'>lnde</span> 
     </span>
     <span class='ocr_line' id='line_1_16' title="bbox 405 2579 1497 2650; baseline 0.006 -18"><span class='ocrx_word' id='word_1_136' title='bbox 405 2579 517 2634; x_wconf 86' lang='lat' dir='ltr'>scholae</span> <span class='ocrx_word' id='word_1_137' title='bbox 542 2582 627 2650; x_wconf 90' lang='lat' dir='ltr'>probe</span> <span class='ocrx_word' id='word_1_138' title='bbox 652 2581 838 2636; x_wconf 81' lang='lat' dir='ltr'>distinxerunt</span> <span class='ocrx_word' id='word_1_139' title='bbox 861 2585 949 2636; x_wconf 85' lang='lat' dir='ltr'>sorum</span> <span class='ocrx_word' id='word_1_140' title='bbox 974 2593 1118 2638; x_wconf 83' lang='lat' dir='ltr'>exterrmm</span> <span class='ocrx_word' id='word_1_141' title='bbox 1146 2587 1179 2638; x_wconf 87' lang='lat' dir='ltr'>ab</span> <span class='ocrx_word' id='word_1_142' title='bbox 1199 2586 1317 2639; x_wconf 86' lang='lat' dir='ltr'>interno.</span> <span class='ocrx_word' id='word_1_143' title='bbox 1338 2613 1372 2626; x_wconf 94' lang='lat'><em>-</em></span> <span class='ocrx_word' id='word_1_144' title='bbox 1391 2585 1436 2639; x_wconf 89' lang='grc'>51.</span> <span class='ocrx_word' id='word_1_145' title='bbox 1458 2585 1497 2640; x_wconf 88' lang='lat' dir='ltr'>De</span> 
     </span>
     <span class='ocr_line' id='line_1_17' title="bbox 408 2683 1497 2757; baseline 0.004 -21"><span class='ocrx_word' id='word_1_146' title='bbox 408 2701 458 2736; x_wconf 85' lang='lat' dir='ltr'>usu</span> <span class='ocrx_word' id='word_1_147' title='bbox 483 2683 717 2752; x_wconf 88' lang='lat' dir='ltr'>poenitentiarum</span> <span class='ocrx_word' id='word_1_148' title='bbox 744 2691 801 2740; x_wconf 91' lang='lat' dir='ltr'>tum</span> <span class='ocrx_word' id='word_1_149' title='bbox 822 2704 855 2741; x_wconf 84' lang='lat' dir='ltr'>ex</span> <span class='ocrx_word' id='word_1_150' title='bbox 877 2689 936 2741; x_wconf 90' lang='lat' dir='ltr'>iure</span> <span class='ocrx_word' id='word_1_151' title='bbox 959 2689 1074 2757; x_wconf 78' lang='grc'><strong>0011000</strong></span> <span class='ocrx_word' id='word_1_152' title='bbox 1095 2694 1152 2742; x_wconf 91' lang='lat' dir='ltr'>tum</span> <span class='ocrx_word' id='word_1_153' title='bbox 1173 2705 1207 2744; x_wconf 81' lang='lat' dir='ltr'>ex</span> <span class='ocrx_word' id='word_1_154' title='bbox 1226 2703 1306 2742; x_wconf 91' lang='lat' dir='ltr'>novo.</span> <span class='ocrx_word' id='word_1_155' title='bbox 1325 2717 1363 2730; x_wconf 93' lang='lat'>—</span> <span class='ocrx_word' id='word_1_156' title='bbox 1380 2689 1424 2741; x_wconf 74' lang='lat'>52.</span> <span class='ocrx_word' id='word_1_157' title='bbox 1446 2687 1497 2742; x_wconf 87' lang='lat' dir='ltr'>Uti</span> 
     </span>
     <span class='ocr_line' id='line_1_18' title="bbox 407 2788 1497 2863; baseline 0.004 -21"><span class='ocrx_word' id='word_1_158' title='bbox 407 2788 489 2844; x_wconf 86' lang='lat' dir='ltr'>bodie</span> <span class='ocrx_word' id='word_1_159' title='bbox 508 2790 601 2844; x_wconf 86' lang='lat' dir='ltr'>omnia</span> <span class='ocrx_word' id='word_1_160' title='bbox 620 2791 745 2856; x_wconf 90' lang='lat' dir='ltr'>crimina,</span> <span class='ocrx_word' id='word_1_161' title='bbox 766 2811 821 2863; x_wconf 88' lang='lat' dir='ltr'>qua</span> <span class='ocrx_word' id='word_1_162' title='bbox 840 2798 962 2862; x_wconf 85' lang='lat' dir='ltr'>peccata,</span> <span class='ocrx_word' id='word_1_163' title='bbox 983 2795 1103 2863; x_wconf 82' lang='lat' dir='ltr'>pertinet</span> <span class='ocrx_word' id='word_1_164' title='bbox 1122 2794 1155 2847; x_wconf 89' lang='lat' dir='ltr'>ad</span> <span class='ocrx_word' id='word_1_165' title='bbox 1174 2797 1264 2846; x_wconf 86' lang='lat' dir='ltr'>sorum</span> <span class='ocrx_word' id='word_1_166' title='bbox 1284 2792 1497 2862; x_wconf 83' lang='lat' dir='ltr'>poenitentiale,</span> 
     </span>
     <span class='ocr_line' id='line_1_19' title="bbox 406 2868 1496 2966; baseline 0.002 -19"><span class='ocrx_word' id='word_1_167' title='bbox 406 2894 446 2948; x_wconf 88' lang='grc'>110</span> <span class='ocrx_word' id='word_1_168' title='bbox 470 2877 625 2966; x_wconf 67' lang='lat' dir='ltr'>antiquitus</span> <span class='ocrx_word' id='word_1_169' title='bbox 649 2898 743 2950; x_wconf 85' lang='lat' dir='ltr'>onmia</span> <span class='ocrx_word' id='word_1_170' title='bbox 768 2899 884 2952; x_wconf 89' lang='lat' dir='ltr'>crimina</span> <span class='ocrx_word' id='word_1_171' title='bbox 908 2868 1132 2952; x_wconf 81' lang='lat' dir='ltr'>diiudicabantur</span> <span class='ocrx_word' id='word_1_172' title='bbox 1154 2899 1183 2952; x_wconf 93' lang='lat' dir='ltr'>in</span> <span class='ocrx_word' id='word_1_173' title='bbox 1207 2899 1268 2950; x_wconf 85' lang='lat' dir='ltr'>foro</span> <span class='ocrx_word' id='word_1_174' title='bbox 1294 2896 1496 2962; x_wconf 81' lang='lat' dir='ltr'>ecclesiastice,</span> 
     </span>
     <span class='ocr_line' id='line_1_20' title="bbox 406 2999 1498 3072; baseline 0 -18"><span class='ocrx_word' id='word_1_175' title='bbox 406 2999 538 3055; x_wconf 84' lang='lat' dir='ltr'>adhibitis</span> <span class='ocrx_word' id='word_1_176' title='bbox 557 3003 641 3056; x_wconf 86' lang='lat' dir='ltr'>etiam</span> <span class='ocrx_word' id='word_1_177' title='bbox 661 3003 884 3058; x_wconf 85' lang='lat' dir='ltr'>solemnitatibus</span> <span class='ocrx_word' id='word_1_178' title='bbox 903 3004 1044 3058; x_wconf 92' lang='lat' dir='ltr'>nonnullis</span> <span class='ocrx_word' id='word_1_179' title='bbox 1056 3004 1192 3058; x_wconf 88' lang='lat' dir='ltr'>ordinatis</span> <span class='ocrx_word' id='word_1_180' title='bbox 1204 3003 1237 3056; x_wconf 88' lang='lat' dir='ltr'>ad</span> <span class='ocrx_word' id='word_1_181' title='bbox 1252 3004 1341 3056; x_wconf 84' lang='lat' dir='ltr'>forum</span> <span class='ocrx_word' id='word_1_182' title='bbox 1354 3001 1498 3072; x_wconf 88' lang='lat' dir='ltr'>poeniten·</span> 
     </span>
    </p>
   </div>
   <div class='ocr_carea' id='block_1_4' title="bbox 405 3107 1497 3275">
    <p class='ocr_par' dir='ltr' id='par_1_5' title="bbox 405 3107 1497 3275">
     <span class='ocr_line' id='line_1_21' title="bbox 405 3107 1497 3181; baseline 0.002 -21"><span class='ocrx_word' id='word_1_183' title='bbox 405 3107 488 3174; x_wconf 84' lang='lat' dir='ltr'>tiale;</span> <span class='ocrx_word' id='word_1_184' title='bbox 508 3109 581 3164; x_wconf 90' lang='lat' dir='ltr'>unde</span> <span class='ocrx_word' id='word_1_185' title='bbox 600 3126 710 3165; x_wconf 91' lang='lat' dir='ltr'>reorum</span> <span class='ocrx_word' id='word_1_186' title='bbox 730 3113 927 3181; x_wconf 80' lang='lat' dir='ltr'>exquirebatur</span> <span class='ocrx_word' id='word_1_187' title='bbox 946 3112 1111 3176; x_wconf 87' lang='lat' dir='ltr'>emendatio,</span> <span class='ocrx_word' id='word_1_188' title='bbox 1124 3112 1182 3166; x_wconf 84' lang='lat' dir='ltr'>sire</span> <span class='ocrx_word' id='word_1_189' title='bbox 1202 3127 1306 3179; x_wconf 91' lang='lat' dir='ltr'>poenas</span> <span class='ocrx_word' id='word_1_190' title='bbox 1325 3109 1442 3164; x_wconf 86' lang='lat' dir='ltr'>luissent</span> <span class='ocrx_word' id='word_1_191' title='bbox 1455 3107 1497 3163; x_wconf 91' lang='lat' dir='ltr'>ci-</span> 
     </span>
     <span class='ocr_line' id='line_1_22' title="bbox 407 3209 1180 3275; baseline 0.003 -12"><span class='ocrx_word' id='word_1_192' title='bbox 407 3209 494 3275; x_wconf 88' lang='lat' dir='ltr'>veles,</span> <span class='ocrx_word' id='word_1_193' title='bbox 514 3211 572 3266; x_wconf 87' lang='lat' dir='ltr'>sive</span> <span class='ocrx_word' id='word_1_194' title='bbox 590 3211 683 3265; x_wconf 91' lang='lat' dir='ltr'>nullas</span> <span class='ocrx_word' id='word_1_195' title='bbox 701 3213 852 3268; x_wconf 84' lang='lat' dir='ltr'>subiissent</span> <span class='ocrx_word' id='word_1_196' title='bbox 871 3230 922 3268; x_wconf 90' lang='lat' dir='ltr'>nec</span> <span class='ocrx_word' id='word_1_197' title='bbox 941 3217 1034 3268; x_wconf 91' lang='lat' dir='ltr'>essent</span> <span class='ocrx_word' id='word_1_198' title='bbox 1052 3214 1180 3266; x_wconf 88' lang='lat' dir='ltr'>subituri.</span> 
     </span>
    </p>
   </div>
   <div class='ocr_carea' id='block_1_5' title="bbox 320 3406 1499 3744">
    <p class='ocr_par' dir='ltr' id='par_1_6' title="bbox 320 3406 1499 3744">
     <span class='ocr_line' id='line_1_23' title="bbox 409 3406 1498 3495; baseline 0.005 -25"><span class='ocrx_word' id='word_1_199' title='bbox 409 3406 460 3470; x_wconf 82' lang='lat'>47.</span> <span class='ocrx_word' id='word_1_200' title='bbox 486 3407 650 3480; x_wconf 81' lang='lat' dir='ltr'>Quaenam</span> <span class='ocrx_word' id='word_1_201' title='bbox 674 3411 737 3474; x_wconf 89' lang='lat' dir='ltr'>sint</span> <span class='ocrx_word' id='word_1_202' title='bbox 760 3430 930 3494; x_wconf 83' lang='lat' dir='ltr'>supremae</span> <span class='ocrx_word' id='word_1_203' title='bbox 954 3411 1088 3495; x_wconf 82' lang='lat' dir='ltr'>regulae</span> <span class='ocrx_word' id='word_1_204' title='bbox 1111 3411 1226 3494; x_wconf 90' lang='lat' dir='ltr'>quibus</span> <span class='ocrx_word' id='word_1_205' title='bbox 1252 3412 1356 3475; x_wconf 88' lang='lat' dir='ltr'>utitur</span> <span class='ocrx_word' id='word_1_206' title='bbox 1379 3410 1498 3475; x_wconf 88' lang='lat' dir='ltr'>Eccle-</span> 
     </span>
     <span class='ocr_line' id='line_1_24' title="bbox 320 3530 1499 3620; baseline 0.005 -27"><span class='ocrx_word' id='word_1_207' title='bbox 320 3530 366 3593; x_wconf 88' lang='lat' dir='ltr'>sia</span> <span class='ocrx_word' id='word_1_208' title='bbox 391 3531 422 3593; x_wconf 94' lang='lat' dir='ltr'>in</span> <span class='ocrx_word' id='word_1_209' title='bbox 446 3533 556 3615; x_wconf 85' lang='lat' dir='ltr'>poenis</span> <span class='ocrx_word' id='word_1_210' title='bbox 586 3533 807 3607; x_wconf 81' lang='lat' dir='ltr'>decernendis,</span> <span class='ocrx_word' id='word_1_211' title='bbox 833 3538 896 3599; x_wconf 89' lang='lat' dir='ltr'>iam</span> <span class='ocrx_word' id='word_1_212' title='bbox 921 3539 1134 3620; x_wconf 85' lang='lat' dir='ltr'>exposuimus,</span> <span class='ocrx_word' id='word_1_213' title='bbox 1160 3537 1245 3601; x_wconf 93' lang='lat' dir='ltr'>unde</span> <span class='ocrx_word' id='word_1_214' title='bbox 1272 3538 1414 3602; x_wconf 86' lang='lat' dir='ltr'>infertur</span> <span class='ocrx_word' id='word_1_215' title='bbox 1437 3555 1499 3620; x_wconf 89' lang='lat' dir='ltr'>per</span> 
     </span>
     <span class='ocr_line' id='line_1_25' title="bbox 320 3657 1499 3744; baseline 0.008 -27"><span class='ocrx_word' id='word_1_216' title='bbox 320 3674 439 3740; x_wconf 90' lang='lat' dir='ltr'>poenas</span> <span class='ocrx_word' id='word_1_217' title='bbox 466 3657 645 3723; x_wconf 83' lang='lat' dir='ltr'>Ecclesiam</span> <span class='ocrx_word' id='word_1_218' title='bbox 676 3660 884 3744; x_wconf 81' lang='lat' dir='ltr'>principalius</span> <span class='ocrx_word' id='word_1_219' title='bbox 915 3666 946 3724; x_wconf 90' lang='lat' dir='ltr'>et</span> <span class='ocrx_word' id='word_1_220' title='bbox 976 3661 1128 3725; x_wconf 82' lang='lat' dir='ltr'>directius</span> <span class='ocrx_word' id='word_1_221' title='bbox 1159 3661 1327 3726; x_wconf 86' lang='lat' dir='ltr'>intendere</span> <span class='ocrx_word' id='word_1_222' title='bbox 1355 3659 1499 3726; x_wconf 87' lang='lat' dir='ltr'>fidelium</span> 
     </span>
    </p>
   </div>
   <div class='ocr_carea' id='block_1_6' title="bbox 320 3779 1498 3872">
    <p class='ocr_par' dir='ltr' id='par_1_7' title="bbox 320 3779 1498 3872">
     <span class='ocr_line' id='line_1_26' title="bbox 320 3779 1498 3872; baseline 0.007 -28"><span class='ocrx_word' id='word_1_223' title='bbox 320 3779 592 3856; x_wconf 84' lang='lat' dir='ltr'>emendationem,</span> <span class='ocrx_word' id='word_1_224' title='bbox 619 3788 822 3851; x_wconf 88' lang='lat' dir='ltr'>coniunctam</span> <span class='ocrx_word' id='word_1_225' title='bbox 854 3807 926 3850; x_wconf 89' lang='lat' dir='ltr'>oum</span> <span class='ocrx_word' id='word_1_226' title='bbox 957 3783 1074 3851; x_wconf 84' lang='lat' dir='ltr'>effectu</span> <span class='ocrx_word' id='word_1_227' title='bbox 1109 3793 1175 3852; x_wconf 87' lang='lat' dir='ltr'>tum</span> <span class='ocrx_word' id='word_1_228' title='bbox 1208 3789 1402 3872; x_wconf 79' lang='lat' dir='ltr'>emernplori</span> <span class='ocrx_word' id='word_1_229' title='bbox 1428 3795 1498 3854; x_wconf 91' lang='lat' dir='ltr'>tum</span> 
     </span>
    </p>
   </div>
   <div class='ocr_carea' id='block_1_7' title="bbox 316 3907 1502 4246">
    <p class='ocr_par' dir='ltr' id='par_1_8' title="bbox 316 3907 1502 4246">
     <span class='ocr_line' id='line_1_27' title="bbox 316 3907 1500 3991; baseline 0.007 -23"><span class='ocrx_word' id='word_1_230' title='bbox 316 3907 571 3986; x_wconf 69' lang='lat' dir='ltr'>praeservativa</span> <span class='ocrx_word' id='word_1_231' title='bbox 600 3909 653 3991; x_wconf 90' lang='lat' dir='ltr'>qui</span> <span class='ocrx_word' id='word_1_232' title='bbox 681 3909 714 3970; x_wconf 90' lang='lat' dir='ltr'>in</span> <span class='ocrx_word' id='word_1_233' title='bbox 745 3917 915 3972; x_wconf 81' lang='lat' dir='ltr'>externam</span> <span class='ocrx_word' id='word_1_234' title='bbox 946 3908 1086 3973; x_wconf 88' lang='lat' dir='ltr'>fidelium</span> <span class='ocrx_word' id='word_1_235' title='bbox 1118 3912 1304 3976; x_wconf 87' lang='lat' dir='ltr'>societatem</span> <span class='ocrx_word' id='word_1_236' title='bbox 1335 3919 1500 3976; x_wconf 88' lang='lat' dir='ltr'>emanant.</span> 
     </span>
     <span class='ocr_line' id='line_1_28' title="bbox 321 4029 1501 4119; baseline 0.007 -27"><span class='ocrx_word' id='word_1_237' title='bbox 321 4029 415 4094; x_wconf 87' lang='lat' dir='ltr'>Modo</span> <span class='ocrx_word' id='word_1_238' title='bbox 440 4032 638 4114; x_wconf 81' lang='lat' dir='ltr'>explicantes</span> <span class='ocrx_word' id='word_1_239' title='bbox 661 4034 803 4118; x_wconf 88' lang='lat' dir='ltr'>singulas</span> <span class='ocrx_word' id='word_1_240' title='bbox 827 4053 1002 4118; x_wconf 90' lang='lat' dir='ltr'>poenarum</span> <span class='ocrx_word' id='word_1_241' title='bbox 1027 4037 1159 4119; x_wconf 87' lang='lat' dir='ltr'>species,</span> <span class='ocrx_word' id='word_1_242' title='bbox 1177 4035 1360 4102; x_wconf 88' lang='lat' dir='ltr'>docebimus</span> <span class='ocrx_word' id='word_1_243' title='bbox 1379 4037 1501 4102; x_wconf 87' lang='lat' dir='ltr'>Eccle-</span> 
     </span>
     <span class='ocr_line' id='line_1_29' title="bbox 321 4157 1502 4246; baseline 0.006 -26"><span class='ocrx_word' id='word_1_244' title='bbox 321 4157 411 4237; x_wconf 88' lang='lat' dir='ltr'>siam,</span> <span class='ocrx_word' id='word_1_245' title='bbox 436 4160 581 4241; x_wconf 89' lang='lat' dir='ltr'>quamvis</span> <span class='ocrx_word' id='word_1_246' title='bbox 604 4157 732 4224; x_wconf 88' lang='lat' dir='ltr'>diversa</span> <span class='ocrx_word' id='word_1_247' title='bbox 760 4161 895 4234; x_wconf 84' lang='lat' dir='ltr'>ratione,</span> <span class='ocrx_word' id='word_1_248' title='bbox 924 4180 1050 4245; x_wconf 89' lang='lat' dir='ltr'>semper</span> <span class='ocrx_word' id='word_1_249' title='bbox 1080 4161 1155 4226; x_wconf 91' lang='lat' dir='ltr'>huic</span> <span class='ocrx_word' id='word_1_250' title='bbox 1188 4163 1345 4246; x_wconf 88' lang='lat' dir='ltr'>principio</span> <span class='ocrx_word' id='word_1_251' title='bbox 1377 4161 1502 4227; x_wconf 85' lang='lat' dir='ltr'>adhae-</span> 
     </span>
    </p>
   </div>
   <div class='ocr_carea' id='block_1_8' title="bbox 260 4280 1503 4491">
    <p class='ocr_par' dir='ltr' id='par_1_9' title="bbox 260 4280 1503 4491">
     <span class='ocr_line' id='line_1_30' title="bbox 321 4280 1503 4370; baseline 0.007 -27"><span class='ocrx_word' id='word_1_252' title='bbox 321 4280 408 4351; x_wconf 84' lang='lat' dir='ltr'>sisse,</span> <span class='ocrx_word' id='word_1_253' title='bbox 425 4300 551 4364; x_wconf 87' lang='lat' dir='ltr'>unaque</span> <span class='ocrx_word' id='word_1_254' title='bbox 566 4281 823 4346; x_wconf 87' lang='lat' dir='ltr'>accommodasse</span> <span class='ocrx_word' id='word_1_255' title='bbox 849 4281 989 4348; x_wconf 83' lang='lat' dir='ltr'>fidelium</span> <span class='ocrx_word' id='word_1_256' title='bbox 1006 4289 1038 4348; x_wconf 90' lang='lat' dir='ltr'>et</span> <span class='ocrx_word' id='word_1_257' title='bbox 1053 4289 1235 4370; x_wconf 90' lang='lat' dir='ltr'>temporum</span> <span class='ocrx_word' id='word_1_258' title='bbox 1260 4285 1503 4352; x_wconf 88' lang='lat' dir='ltr'>conditionibus</span> 
     </span>
     <span class='ocr_line' id='line_1_31' title="bbox 260 4401 804 4491; baseline 0.002 -22"><span class='ocrx_word' id='word_1_259' title='bbox 260 4401 263 4408; x_wconf 88' lang='grc'><strong>’</strong></span> <span class='ocrx_word' id='word_1_260' title='bbox 321 4403 451 4470; x_wconf 84' lang='lat' dir='ltr'>diversa</span> <span class='ocrx_word' id='word_1_261' title='bbox 473 4425 649 4490; x_wconf 86' lang='lat' dir='ltr'>poenarum</span> <span class='ocrx_word' id='word_1_262' title='bbox 674 4427 804 4491; x_wconf 84' lang='lat' dir='ltr'>genera.</span> 
     </span>
    </p>
   </div>
   <div class='ocr_carea' id='block_1_9' title="bbox 0 0 1672 5108">
    <p class='ocr_par' dir='ltr' id='par_1_10' title="bbox 0 0 1672 5108">
     <span class='ocr_line' id='line_1_32' title="bbox 0 0 1672 5108; baseline 0 0"><span class='ocrx_word' id='word_1_263' title='bbox 0 0 1672 5108; x_wconf 95' lang='lat' dir='ltr'> </span> 
     </span>
    </p>
   </div>
  </div>
 </body>
</html>
