3290 5100
630 309 835 362 suueesrou
860 310 881 356 1.
1278 286 1345 352 539

169 453 187 496 tt
201 441 321 494 maximo
334 438 429 509 populi
442 436 574 490 scandalo
588 432 821 488 christifidelibus
835 434 1024 500 praesumeret
1043 428 1246 483 administrare.
1267 428 1345 481 Haud

169 546 289 602 <multo
309 549 380 616 post,
399 542 531 598 videlicet
549 541 593 595 die
616 541 647 592 10
666 538 763 592 Martii
783 539 809 590 S.
822 535 940 592 Concilii
955 535 1131 605 Rescriptum
1145 535 1277 604 dedimus,
1290 551 1345 606 quo

169 655 309 708 «reiectis
324 652 456 722 precibus
477 650 596 702 Poroebi
613 647 705 714 (Titii)
724 646 785 699 Nos
803 645 882 698 iussit
896 645 1025 698 eumdem
1037 653 1196 696 monerent
1214 643 1346 697 dociliter

169 773 229 815 «se
246 761 419 814 submitteret
436 756 703 828 praescriptionibus
724 753 937 824 Episcopnlibns
956 761 982 805 et
1006 751 1032 803 S.
1055 751 1139 804 Sedis.
1160 749 1345 818 Sperabamus

170 879 188 918 et
200 866 310 936 quidem
324 867 384 920 fore
397 870 438 930 ut,
447 864 494 934 qui
509 862 618 916 Nostris
631 861 745 915 monitis
758 864 787 915 et
800 859 882 913 iussis
894 875 1003 928 semper
1017 858 1214 922 reluctaverat,
1227 856 1253 909 S.
1267 855 1345 909 Sedis

169 971 314 1026 «oraculo
332 971 432 1026 saltem
457 971 656 1041 acquiesceret.
676 969 728 1021 Ast
752 966 900 1021 dolendum
924 964 970 1018 hic
989 965 1108 1018 maxime
1128 968 1184 1030 eet,
1204 963 1276 1033 quod
1302 979 1347 1016 res

169 1078 261 1146 (ipsa
280 1078 308 1131 in
328 1078 407 1147 peius
426 1075 534 1146 prolabi
554 1076 614 1129 visa
631 1075 693 1127 fuit.
713 1073 839 1143 Namque
858 1071 907 1125 ille
927 1087 1012 1124 novas
1035 1069 1239 1123 admonitiones
1264 1067 1345 1121 nihili

170 1201 312 1254 «prorsus
330 1186 435 1239 iaciens
453 1185 482 1238 in
501 1201 552 1237 sua
571 1183 700 1253 paroecia
718 1181 808 1234 adhue
827 1179 940 1246 morari,
952 1177 1054 1232 ibidem
1066 1177 1180 1231 Missam
1194 1177 1345 1243 celebrare,

171 1289 394 1346 «consessiones
413 1290 517 1356 audire,
536 1305 643 1343 sacram
663 1287 796 1360 Synaxim
817 1286 919 1356 populo
935 1285 1130 1340 administrare
1143 1301 1226 1338 austra
1239 1289 1289 1338 est.
1310 1283 1346 1337 Et

170 1400 318 1469 «nequid
338 1403 434 1453 tantae
459 1397 667 1452 inobedientias
686 1396 808 1460 deesset,
827 1411 905 1448 suam
931 1395 990 1462 ipse
1015 1392 1231 1447 inobedientiam
1254 1391 1345 1446 literis

169 1507 254 1561 «diei
277 1508 309 1561 16
328 1507 499 1576 Septembris
519 1521 559 1574 pr.
579 1504 614 1558 el.
633 1504 765 1558 audacter
785 1503 886 1556 Nostro
904 1501 1089 1556 Pro-vicario
1108 1503 1255 1570 professus,
1274 1501 1344 1554 irre-

172 1615 311 1669 «verenti
331 1631 443 1684 prorsus
463 1613 620 1668 rationein
640 1612 745 1664 curiam
765 1615 889 1664 nostram
908 1609 1035 1664 invectus
1053 1612 1103 1662 est.

241 1721 340 1777 «Gom
359 1723 448 1792 igitur
460 1723 552 1791 'probe
571 1721 730 1774 noverimus
749 1717 856 1773 nullum
876 1717 951 1772 aliud
971 1716 1058 1770 Nobis
1083 1717 1111 1770 in
1131 1717 1258 1785 promptu
1284 1731 1344 1769 esse

169 1831 351 1885 «remedium
370 1846 425 1900 quo
445 1829 487 1883 vel
507 1831 698 1882 contumacem
719 1827 914 1896 presbyterum
934 1823 968 1877 ad
986 1823 1172 1878 obedientiam
1195 1825 1224 1876 et
1242 1821 1343 1891 resipi-

168 1938 333 1993 «scentiam
353 1953 528 2002 revocemus,
547 1935 592 1990 uel
620 1936 655 1988 ab
674 1933 839 1998 insolentia,
858 1936 887 1987 et
909 1931 1047 1986 scandalis
1070 1931 1275 1996 deterreamus,
1295 1947 1344 2000 per

168 2055 185 2095 s
199 2046 358 2110 praesentes
377 2041 474 2095 literas
488 2042 617 2102 cumdem
627 2041 863 2110 presbyterum...
878 2036 1070 2090 Pometiam...
1084 2055 1101 2090 a
1114 2037 1216 2090 diuinis
1229 2053 1345 2107 suspen-

169 2150 301 2215 «dimua
322 2157 348 2203 ct
367 2150 406 2201 ita
424 2164 590 2218 suspensum
607 2149 642 2201 ab
661 2147 787 2200 omnibus
805 2145 904 2198 baberi
920 2145 1052 2199 columns
1063 2159 1088 2201 tt.

241 2254 342 2324 Elapso
371 2255 417 2308 vix
442 2271 537 2310 mense
561 2254 596 2307 ab
622 2252 777 2306 huiusmodi
804 2253 992 2322 suspensionis
1015 2253 1128 2307 decreto
1153 2255 1282 2322 graviora
1309 2254 1343 2308 de

170 2359 245 2411 Titio
266 2358 363 2412 retulit
380 2359 532 2429 Episcopus
550 2358 583 2412 ad
603 2357 629 2410 S.
643 2357 671 2410 O.
687 2387 700 2398 ·
716 2356 824 2411 Retulit
843 2373 955 2427 nempe:
975 2374 1009 2412 ex
1028 2358 1128 2412 iuratis
1148 2358 1265 2413 testibus
1276 2375 1343 2414 con·

170 2469 245 2520 stare
264 2465 369 2519 Titium
383 2466 493 2520 notorio
505 2465 694 2535 suspensionis
707 2469 801 2534 spreto
815 2465 929 2518 Missam
944 2465 1048 2535 pluries
1060 2465 1230 2530 celebrasse;
1249 2468 1343 2536 proin·

169 2574 257 2644 deque
276 2577 440 2646 quaerebat,
458 2592 494 2628 aa
513 2574 604 2629 Titius
622 2573 758 2628 declarari
786 2575 874 2643 possit
891 2573 1069 2643 irregularis,
1089 2578 1119 2629 et
1136 2591 1171 2628 an
1191 2574 1263 2630 idem
1286 2576 1343 2646 pri·

170 2681 230 2735 vari
249 2681 350 2735 debeat
375 2681 527 2752 parochiali
552 2681 703 2745 beneficio,
723 2684 752 2734 et
769 2681 882 2735 interim
908 2685 1026 2751 urgente
1045 2682 1226 2748 necessitate,
1247 2683 1343 2738 eedem

170 2789 298 2858 paroecia
326 2790 444 2843 conferri
470 2789 570 2844 debeat
593 2788 675 2843 alteri
702 2788 801 2842 idoneo
826 2787 976 2842 Sacerdoti.
1002 2788 1107 2849 Quibus
1134 2789 1344 2859 quaestionibus

169 2895 213 2962 die
232 2895 249 2949 3
269 2896 413 2951 Februarii
436 2895 505 2950 1862
523 2912 684 2964 responsum
704 2895 769 2950 tuit:
788 2895 898 2950 «Sacr.
922 2895 1020 2966 Conpr.
1035 2898 1184 2951 inhaerens
1196 2899 1344 2952 resolutio·

167 3005 249 3057 nibus
267 3005 340 3058 alias
361 3005 390 3057 in
408 3003 548 3057 similibus
567 3005 648 3056 editis
666 3004 825 3072 respondet,
844 3006 1023 3057 enuncietum
1050 3005 1228 3058 Sacerdotem
1253 3005 1342 3059 Poro·

169 3113 250 3164 cltum
269 3111 400 3164 incidisse
424 3114 453 3163 in
471 3109 723 3180 irrepularitatem,
747 3120 775 3164 et
798 3111 869 3164 nibil
894 3111 1092 3180 impedimento
1116 3127 1178 3166 esse
1196 3114 1342 3181 quominus

168 3217 323 3287 Episcopus
343 3233 408 3272 eum
426 3217 619 3289 irrepularem
631 3219 765 3271 declaret.
788 3219 845 3276 Quo
858 3235 926 3272 vero
944 3219 981 3270 cd
993 3218 1193 3288 depositionem
1210 3237 1228 3272 α
1247 3221 1342 3276 Bene-

167 3327 230 3395 ficio
248 3327 414 3395 parochiali,
433 3328 493 3396 ipse
507 3325 661 3395 Episcopus
674 3327 832 3380 accuratius
844 3329 953 3397 referat
964 3327 1078 3396 sinpulo
1095 3343 1195 3381 rernm
1212 3331 1343 3382 adiuncta

168 3435 363 3503 supradictum
382 3433 540 3488 Parecbum
558 3433 746 3503 respicientia,
766 3434 936 3488 transmissis
954 3437 1127 3489 documentis
1145 3437 1175 3488 in
1194 3440 1274 3507 copia
1294 3456 1344 3492 an·

170 3539 289 3592 tbentica
307 3540 344 3592 ad
362 3557 424 3593 rem
443 3540 610 3609 facientibus
622 3553 647 3595 t.

239 3643 420 3698 Transmissis
439 3644 535 3714 itaque
554 3645 589 3696 ab
609 3643 745 3712 Episcopo
763 3643 963 3711 relationibus,
981 3645 1102 3714 plurium
1122 3646 1236 3701 testium
1255 3648 1342 3718 depo-

168 3749 327 3816 sidonibus,
346 3750 436 3805 laicae
455 3751 602 3820 potestatis
621 3751 702 3805 Notis
720 3755 749 3806 et
768 3751 1011 3819 ordinationibus,
1030 3753 1116 3823 ipsius
1135 3755 1253 3809 Perochi
1273 3773 1342 3811 con-

169 3856 337 3909 fessionibus
355 3856 486 3922 suffirltis,
505 3857 633 3928 quaestio
651 3858 679 3910 in
693 3857 821 3927 plenario
839 3857 865 3910 S.
879 3857 1113 3929 Congregationis
1126 3877 1255 3916 consessu
1274 3862 1343 3916 iuris

167 3961 263 4015 ordine
283 3965 393 4017 servato
412 3962 567 4031 disceptata
585 3967 628 4017 est
647 3964 699 4017 sub
719 3963 823 4017 dubiis:
844 3963 866 4017 l.
881 3976 947 4019 «aa
961 3969 990 4020 et
1002 3967 1139 4036 quomodo
1151 3968 1264 4023 decreta
1281 3971 1342 4039 epi·

167 4067 291 4136 scopelia
309 4069 500 4122 sustineantur
519 4069 548 4123 in
567 4086 633 4123 casu
646 4084 671 4126 >a
691 4069 725 4123 ll.
742 4071 815 4124 «An
835 4075 865 4124 et
882 4073 1019 4142 quomodo
1036 4075 1075 4127 sit
1087 4073 1164 4128 locus
1177 4076 1342 4146 depositioni

166 4173 258 4242 (Titii)
278 4191 296 4228 a
315 4176 444 4244 paroecia
462 4177 492 4230 in
510 4193 576 4230 casu
589 4193 620 4232 a:
639 4177 740 4247 quibus
759 4177 784 4230 S.
799 4176 987 4249 Congregatio
1005 4181 1081 4235 die5
1099 4181 1259 4237 Decembris
1275 4184 1342 4238 1863

167 4280 334 4349 respondere
362 4283 484 4336 censuit:
513 4283 547 4335 ad
572 4282 591 4336 l.
617 4281 783 4353 affirmative
808 4287 838 4336 in
861 4287 1002 4341 omnibus:
1029 4289 1062 4341 ad
1081 4288 1113 4342 ll.
1138 4291 1242 4356 dilata,
1261 4295 1342 4346 etad

166 4397 304 4441 mentem:
330 4407 409 4443 mens
438 4401 478 4444 est
506 4401 536 4444 ut
562 4391 717 4461 Episcopus
738 4394 880 4464 praefipat
907 4395 1032 4452 Paroebo
1059 4415 1162 4453 nouum
1190 4404 1341 4456 terminum
