3312 5108
276 262 320 329 26
801 282 885 330 rans
910 282 932 326 1.

278 405 353 488 quia
366 410 458 472 actus
471 405 639 472 exemerint
655 410 827 470 externam
839 403 1069 490 praeseferunt
1084 405 1277 490 pravitatem
1293 407 1326 469 et
1340 403 1458 468 ceteris

276 529 430 596 scandalo
456 535 539 596 sunt.

367 655 506 718 Praeter
528 653 733 740 hypothesim
758 655 904 718 criminis
925 673 996 721 oen
1019 654 1252 734 consummati,
1271 652 1345 738 quia
1367 657 1458 717 actus

276 779 438 844 executivi
463 784 600 844 autnon
622 783 805 844 omnesaut
828 778 976 844 nonnulli
1001 798 1066 844 non
1088 775 1286 844 sufficienter
1310 775 1459 842 efficaces

276 903 368 986 positi
385 901 517 970 suntad
537 901 691 968 delictum
709 899 951 987 perficiendum,
965 901 1028 966 alia
1045 899 1122 988 fingi
1138 905 1241 987 potest
1257 899 1457 985 hypothesim

276 1027 428 1092 videlieet
450 1031 541 1093 actus
566 1028 764 1100 executivos,
782 1031 896 1116 suapte
911 1029 953 1108 vi,
971 1045 1083 1092 omnes
1097 1026 1196 1091 fuisse
1215 1025 1311 1112 plane
1326 1023 1458 1089 idoneos

212 1153 214 1156 ’
277 1153 423 1218 criminis
447 1153 642 1227 executioni,
667 1152 730 1216 hoc
752 1171 833 1216 vero
857 1157 1002 1217 secutum
1025 1172 1089 1216 non
1112 1151 1222 1224 fuisse,
1239 1149 1280 1216 ob
1303 1150 1457 1214 maiorem

275 1279 341 1342 vim
368 1279 437 1344 sire
453 1297 475 1342 a
492 1297 575 1344 earu
599 1277 807 1364 repetendam
831 1279 899 1342 sive
915 1297 935 1342 a
950 1275 1145 1343 dexteritate
1160 1276 1245 1342 illius
1264 1277 1317 1360 qui
1331 1277 1457 1372 crimen

279 1405 345 1488 pati
370 1402 515 1469 debebat.
533 1438 548 1451 -
564 1403 677 1469 Veluti
700 1403 906 1468 homicidium
929 1403 1099 1488 aliquando
1115 1423 1180 1467 non
1204 1403 1357 1486 sequitur,
1382 1399 1458 1485 quia

278 1531 413 1593 conatus
437 1546 494 1592 seu
517 1531 610 1594 actus
633 1528 809 1600 executivi.
835 1533 948 1612 suapte
972 1528 1015 1607 vi,
1039 1531 1113 1592 sunt
1135 1523 1334 1607 inefficaces,
1357 1524 1457 1590 veluti

235 1655 237 1658 ’
276 1647 389 1734 globus
423 1649 537 1734 igneus
560 1667 580 1712 a
604 1653 765 1713 tormento
800 1648 917 1714 bellico
953 1649 1104 1734 explosus
1134 1668 1200 1713 non
1230 1650 1293 1714 rite
1316 1645 1458 1712 directus

276 1773 347 1848 suin
363 1794 403 1838 en
416 1774 567 1839 delictum
578 1793 650 1840 noa
662 1780 932 1842 conmmeatum
935 1793 949 1858 ;
964 1776 1016 1839 vel
1030 1775 1106 1858 quie
1117 1773 1333 1844 adversarius.
1347 1775 1460 1857 utputa

276 1897 382 1984 gladio
406 1915 602 1985 aggressus,
627 1899 710 1964 mira
735 1898 930 1965 dexteritate
954 1900 1052 1966 ictum
1076 1899 1177 1964 valuit
1198 1899 1324 1972 vitare3
1340 1901 1373 1961 et
1394 1897 1459 1961 hoc

280 2025 433 2090 delictum
464 2026 582 2091 dicitur
610 2031 909 2111 praetermeantem
932 2045 989 2090 seu
1010 2023 1227 2108 frustratum.
1253 2058 1272 2072 -
1297 2024 1387 2098 Quae
1410 2021 1458 2086 di·

278 2149 407 2214 stinctio
430 2167 541 2214 rerum
565 2154 703 2214 naturae
727 2148 913 2222 conformia,
942 2154 1051 2212 tamen
1082 2147 1173 2232 quasi
1206 2147 1300 2212 nimis
1323 2144 1457 2214 subtilis,

277 2275 380 2360 magis
402 2275 601 2342 doctrinalis
617 2280 666 2340 est
681 2293 776 2358 quam
791 2273 955 2356 practice.
973 2275 1104 2339 Revera
1127 2273 1265 2357 antiquis
1284 2273 1458 2337 canonistis

277 2402 442 2486 incognite
464 2400 525 2464 fuit
547 2401 630 2464 haec
653 2399 824 2472 distinctio,
850 2418 944 2482 quam
967 2399 1090 2484 primus
1113 2398 1240 2464 videtur
1264 2398 1296 2462 in
1319 2397 1457 2463 medium

276 2527 421 2593 attulisse
445 2527 651 2612 ltomagnosi,
677 2526 709 2592 in
734 2545 834 2612 opere
859 2561 873 2573 ·
893 2525 1014 2592 Generi
1029 2525 1085 2592 del
1101 2525 1215 2594 diritte
1227 2528 1353 2610 penore
1365 2563 1379 2574 -
1392 2526 1458 2592 Pa·

277 2650 343 2722 nia.
358 2651 399 2716 17
402 2651 452 2716 91.
467 2649 515 2716 cf.
530 2650 681 2723 Camere,
696 2669 746 2736 op.
767 2651 821 2714 cit.
838 2652 861 2733 5
877 2651 977 2715 401„
992 2649 1150 2716 Delictum
1162 2655 1458 2738 praeterererrum

278 2777 459 2842 habebatur
482 2777 527 2842 uti
553 2776 679 2862 species
702 2781 854 2844 conetur.

370 2903 414 2968 At
437 2904 499 2967 iste
522 2901 687 2967 distinctio
710 2900 750 2966 ad
774 2903 903 2986 praxim
929 2901 1087 2986 pertinet;
1104 2921 1178 2966 nam
1193 2903 1318 2966 minore
1341 2921 1458 2986 propo-

279 3028 339 3092 sito
363 3025 521 3110 delinquit
543 3027 713 3110 minusque
738 3026 884 3091 ordinem
909 3025 1059 3092 deturbat
1074 3027 1138 3100 ille,
1157 3028 1209 3111 qui
1226 3026 1378 3092 delictum
1393 3047 1458 3092 non

282 3153 483 3214 consummat
498 3147 538 3214 ob
554 3154 647 3214 actus
670 3129 858 3214 executiuos
872 3167 936 3214 non
953 3149 1031 3214 satis
1054 3148 1194 3222 idoneos,
1211 3167 1305 3232 quam
1325 3150 1379 3232 qui
1402 3147 1458 3214 de·
1524 3178 1527 3184 2

279 3275 390 3338 lictum
422 3291 487 3338 non
515 3269 665 3357 perficiat
694 3270 747 3336 vel
775 3291 860 3337 earu
889 3271 943 3336 vel
963 3271 1003 3336 ob
1031 3273 1188 3338 maiorem
1222 3273 1287 3337 vim
1321 3271 1459 3337 hominis

281 3399 446 3488 eqqreesi.
476 3399 523 3464 cf.
551 3399 681 3476 suarez,
706 3397 760 3464 De
783 3397 939 3486 Leqihen,
964 3397 1018 3466 tib·
1051 3399 1086 3476 V,
1111 3419 1139 3466 e.
1164 3397 1222 3466 34.

371 3523 422 3587 19.
448 3521 527 3587 Inde
543 3523 652 3608 magni
665 3521 817 3606 ponderis
829 3523 953 3606 questio
966 3527 1023 3596 est,
1036 3542 1078 3587 an
1091 3523 1198 3587 delicti
1211 3527 1361 3597 cenatur,
1376 3529 1458 3588 etan

278 3649 430 3714 delictum
449 3653 745 3734 proeteryresrum
775 3667 833 3711 seu
854 3645 1071 3729 frustratum,
1097 3647 1204 3733 puniri
1227 3646 1367 3712 debeant
1390 3666 1457 3710 non

281 3791 373 3837 secus
396 3791 436 3836 ac
457 3771 560 3856 ipsum
585 3771 709 3834 crimen
744 3775 1029 3836 consummatum.
1065 3805 1081 3818 ·
1117 3771 1294 3840 Videretur
1324 3775 1459 3836 conatus

280 3897 333 3963 vel
357 3897 481 3963 crimen
504 3895 696 3960 frustratum
720 3894 915 3978 puniendum
950 3914 1021 3960 esse
1051 3915 1115 3960 non
1139 3915 1233 3962 secus
1264 3917 1303 3962 ac
1334 3897 1458 3961 crimen

281 4023 543 4090 consummatum,
557 4019 633 4102 quia
656 4017 755 4084 delur
779 4038 843 4082 non
869 4019 976 4083 minor
992 4018 1120 4086 habitus
1135 4024 1185 4086 est
1207 4022 1240 4086 in
1264 4019 1457 4104 deliquente

281 4144 334 4227 qui
348 4141 387 4207 ob
400 4161 517 4210 cerum
531 4139 723 4223 fmtuitum,
737 4159 802 4203 non
816 4139 856 4205 ob
873 4139 1036 4207 defectum
1046 4143 1216 4226 propositi
1228 4141 1457 4227 delinquendi,

283 4269 406 4334 crimen
429 4283 654 4332 consummare
677 4263 763 4329 haud
785 4264 895 4329 valuit.
921 4300 933 4312 ·
959 4265 1021 4332 Sed
1045 4267 1108 4331 hac
1124 4267 1163 4332 de
1181 4287 1217 4332 re
1234 4287 1351 4352 magna
1371 4267 1460 4332 lucta

283 4393 368 4458 inter
389 4391 453 4456 DD.
478 4395 511 4456 et
533 4387 671 4455 celebris
695 4393 744 4453 est
767 4387 926 4454 discordia
962 4392 1050 4456 inter
1074 4391 1219 4456 scholam
1247 4391 1394 4457 Italicam
1421 4393 1453 4455 et
