3290 5100
552 331 594 382 us
620 329 772 382 raineris
796 331 838 380 ar
863 331 982 382 Poteris
1287 313 1354 384 533

178 460 338 526 declarat:
366 482 383 522 c
410 461 576 527 Violentus
600 479 732 532 monus,
757 458 918 526 suadente
941 461 1084 537 diabolo,
1110 463 1294 530 iniicientes
1316 466 1353 529 in

178 585 316 653 clericos
328 588 379 653 oet
391 586 569 672 utriusque
580 605 683 654 semus
695 587 888 667 monachor,
902 588 1059 670 acceptis,
1074 589 1189 672 qnood
1203 609 1354 656 raanan-

179 711 312 792 tionem,
328 711 460 780 coaibus
475 717 506 778 ct
523 712 682 795 personis
698 713 741 778 de
763 712 977 796 animatore
999 714 1052 780 oet
1074 713 1252 802 priuilegio
1272 734 1350 797 per-

177 837 323 903 mittitur
344 843 381 905 nt
404 839 594 920 Episcopus
616 843 678 904 ant
700 838 789 903 olins
813 837 964 904 absolvat
979 832 1009 902 »ζ

267 963 346 1029 Cum
362 963 425 1028 hoc
445 963 666 1049 privilegium
682 963 824 1030 cononis
840 963 880 1028 sit
899 969 1117 1048 comparatum
1136 983 1199 1028 non
1218 966 1250 1028 in
1266 965 1352 1030 lavo-

178 1105 247 1149 rem
264 1105 486 1171 personarum,
503 1087 558 1152 sed
575 1087 697 1152 ordinis
713 1087 875 1152 clericalis
890 1087 974 1150 latae
987 1086 1246 1171 interpretationi
1259 1086 1353 1152 obno

178 1213 265 1276 xium
290 1211 360 1292 tuit,
385 1231 463 1278 sane
486 1232 550 1277 non
575 1233 616 1277 ex
641 1213 762 1298 regulis
786 1211 947 1283 larissaei
972 1232 1014 1276 ex
1039 1213 1177 1296 receptis
1200 1211 1351 1277 moribus.

179 1337 250 1403 Hac
273 1337 313 1402 de
336 1357 434 1402 eausa
457 1338 570 1404 clerici
594 1356 711 1403 nomen
726 1356 821 1420 quam
836 1336 989 1402 latissime
1012 1337 1186 1402 assumitur
1209 1342 1243 1402 ut
1266 1356 1352 1401 com·

178 1461 422 1548 prehendantur
454 1463 635 1548 Regulares
659 1464 826 1546 utriusque
850 1481 957 1544 sexus,
985 1463 1112 1534 Noritii,
1137 1463 1288 1526 Tertiarii
1320 1463 1352 1526 in

178 1587 336 1650 communi
350 1586 448 1651 vitam
465 1591 599 1670 agent-es
615 1584 666 1649 vel
680 1585 845 1650 Eremitae
861 1586 914 1670 qui
931 1591 987 1649 aut
1002 1585 1214 1672 collegialiter
1230 1586 1351 1666 vivunt,

176 1715 233 1775 aut
247 1710 360 1776 saltem
384 1711 404 1774 ii
430 1711 594 1776 Eremitae
617 1711 670 1793 qui
695 1710 735 1775 de
758 1707 908 1774 mandato
924 1710 1058 1796 legitimi
1074 1711 1250 1794 superioris
1266 1708 1353 1773 habi·

178 1840 244 1899 tum
267 1835 463 1919 acceperint.
481 1835 572 1920 Ergo
595 1834 642 1900 illi
665 1833 884 1900 excluduntur
899 1833 955 1916 qui
970 1831 1105 1898 arbitrio
1129 1852 1186 1897 suo
1210 1831 1352 1897 habitum

176 1964 341 2025 assumunt
365 1966 396 2025 et
412 1960 582 2026 dimittunt.
604 1996 620 2008 -
638 1961 763 2025 Verum
781 1958 884 2044 quoad
901 1959 978 2024 istos
998 1978 1112 2044 nempe
1129 1958 1290 2024 Eremitas
1313 1957 1352 2022 de

176 2084 326 2150 mandato
344 2085 493 2170 Episcopi
509 2084 652 2151 habitum
668 2085 879 2169 suscipientes
899 2089 933 2149 ot
950 2083 1045 2150 alicui
1062 2084 1229 2150 Ecclesiae
1240 2084 1352 2148 inser·

176 2212 310 2291 vientes,
334 2231 375 2274 au
399 2209 560 2295 gaudeant
588 2211 650 2278 hoo
667 2210 849 2295 prioitepio
870 2228 934 2273 non
958 2212 1006 2273 est
1033 2210 1103 2274 sine
1129 2209 1352 2276 controversia

175 2334 260 2419 apud
292 2335 456 2400 Doctores.
482 2335 592 2410 Quare
615 2334 823 2407 D'Annibale‚
852 2331 980 2400 Oomm.
1004 2353 1038 2397 n.
1064 2333 1139 2406 108,
1165 2337 1307 2398 autumat
1332 2367 1349 2380 -

172 2476 239 2539 pro
261 2458 518 2541 percussoribus
541 2459 758 2542 respondero,
780 2458 901 2524 matins
916 2463 965 2524 est
981 2493 998 2506 -
1016 2477 1073 2562 sau
1092 2458 1151 2523 hos
1167 2459 1350 2522 non-teneri

175 2579 238 2646 hoc
261 2601 394 2648 canone.

266 2709 390 2774 Iniuria
419 2714 527 2774 autem
551 2727 614 2793 qua
636 2729 775 2775 censura
806 2708 986 2775 incurritur
1009 2715 1136 2794 oportet
1159 2710 1200 2774 sit
1222 2709 1351 2775 directa

175 2835 208 2898 in
232 2855 396 2918 personas,
414 2837 564 2899 nimirum
590 2837 622 2899 in
645 2854 771 2918 eorpus
794 2835 988 2901 clericorum
1005 2856 1064 2920 per
1082 2834 1210 2919 aliquod
1232 2837 1349 2900 lactum

177 2955 340 3029 mosivum,
365 2957 416 3020 vel
441 2957 540 3040 ipsius
564 2957 727 3038 corporis
746 2955 797 3021 vel
815 2956 977 3023 libertatis
993 2963 1046 3022 aul
1063 2957 1247 3043 dignitatis,
1265 2955 1350 3021 dum-

178 3082 269 3147 modo
293 3080 430 3167 dignitas
452 3102 518 3146 non
543 3081 650 3147 uerbis
673 3082 729 3147 sed
751 3083 851 3166 sactis
875 3084 1047 3168 impetatur
1063 3083 1194 3150 directis
1218 3085 1251 3147 in
1270 3101 1348 3166 per-

176 3225 279 3274 sonas
301 3227 358 3274 seu
381 3209 414 3271 in
439 3225 572 3289 corpas,
591 3205 637 3292 (l)
661 3208 722 3272 etsi
738 3227 855 3292 corpus
879 3227 942 3272 non
967 3206 1090 3272 directe
1114 3207 1269 3280 laedatur,
1295 3207 1349 3271 sed

177 3333 330 3396 violentia
346 3333 377 3396 in
395 3353 448 3398 res
464 3333 625 3398 inferatur
642 3334 771 3418 corpori
787 3332 1013 3405 adhaerentes,
1029 3337 1141 3416 utputa
1156 3337 1262 3397 restes
1278 3351 1350 3397 con-

176 3455 360 3530 scindendo‚
385 3458 529 3542 pulvere,
554 3461 646 3542 sputo
674 3457 840 3530 foedando,
865 3458 994 3542 pileum,
1019 3457 1167 3522 baculum
1191 3457 1351 3523 violenter

177 3579 385 3646 detrahendo.
404 3581 534 3646 Revera
557 3582 741 3646 violentiam
767 3581 886 3646 debere
909 3583 1141 3662 asserentem,
1164 3580 1267 3664 sactis
1286 3601 1348 3646 non

176 3701 285 3770 verbis
300 3703 334 3766 in
358 3721 528 3786 personam
548 3701 729 3774 admissam.
746 3703 928 3769 loculenter
944 3702 1073 3768 edicunt
1093 3700 1194 3766 verba
1218 3702 1350 3766 canonis

176 3829 362 3894 statuentis:
387 3825 426 3894 Si
448 3829 524 3913 quia
538 3829 701 3894 madente
717 3828 893 3896 diabolo...
911 3829 956 3894 ¹in
979 3828 1139 3895 clericum
1155 3830 1206 3894 val
1230 3848 1348 3894 mona·

176 3952 277 4018 oham
300 3953 464 4020 violentas
485 3971 610 4018 monna
632 3953 785 4020 iniecerit
807 3959 869 4018 etc·

264 4147 305 4217 (l)
324 4146 457 4199 Addimus
476 4176 491 4186 -
510 4162 558 4200 seu
578 4150 607 4200 in
626 4163 727 4215 corpas
747 4175 759 4186 -
778 4146 844 4215 quia
869 4145 970 4198 iniuria
989 4145 1071 4200 debet
1091 4161 1234 4214 personam
1254 4145 1347 4198 clerici

176 4252 357 4308 dehonestare
377 4257 491 4307 externe
505 4253 533 4306 in
547 4269 669 4322 corpore.
682 4251 761 4306 Unde
780 4253 802 4304 si
816 4251 878 4322 quis
891 4251 993 4305 clerico
1007 4269 1063 4306 rem
1077 4252 1198 4322 aliquem
1212 4253 1349 4320 subripiat

177 4360 220 4414 vel
240 4359 407 4414 calumniam
427 4359 561 4428 divulget,
577 4375 728 4430 personam
748 4357 841 4412 elerici
861 4359 984 4424 offendit,
1002 4360 1049 4416 sed
1069 4377 1122 4412 non
1143 4360 1259 4413 incurrit
1278 4359 1348 4412 hanc

175 4481 321 4521 censuram
340 4467 407 4536 quia
424 4481 524 4536 corpus
543 4466 695 4520 nullimode
713 4466 837 4535 attingit.
926 4486 931 4496 ·
1090 4451 1094 4459 ’
