3202 5104
466 310 510 357 nn
534 308 689 360 nameus
713 309 756 362 ss
780 308 900 356 sonnis
1203 290 1267 358 221

105 432 247 502 definitur
273 435 504 502 communiter:
531 435 723 502 «Censura
753 453 824 520 qua
853 434 963 520 fidelis
989 453 1011 500 a
1038 435 1272 512 senonensis.

104 564 237 642 meopte
246 559 457 644 poenitentia
475 563 507 626 et
526 557 663 631 Viatico,
680 577 703 624 a
718 556 844 626 divinis
862 557 986 643 Officiis
1002 562 1035 624 et
1048 557 1273 626 ecelesiastica

103 685 270 768 sepultura
288 683 490 770 prohibetur
505 705 538 750 s.

186 808 216 894 l)
239 809 434 892 lnterdictis,
459 813 568 896 utpote
591 809 780 882 consumtis,
797 827 862 874 non
877 805 1068 894 prohibetur
1091 827 1273 874 sacramen·

103 939 162 998 tum
189 935 423 1019 poenitentiae,
447 934 601 1000 nimirum
624 939 659 1000 ut
689 933 890 1020 resipiscant,
915 952 1020 1016 neque
1042 932 1206 998 Viaticum
1230 951 1273 996 ne

103 1057 204 1130 solatio
227 1059 324 1124 huius
346 1058 454 1145 pabuli
477 1059 693 1125 destituantur
707 1059 793 1123 viam
811 1058 1013 1124 aeternitatis
1036 1057 1226 1144 ingressuri.

168 1179 214 1278 Ι2)
232 1181 349 1248 Divina
365 1180 482 1249 Officia
497 1181 660 1270 prohibita
674 1185 750 1248 sunt
765 1200 847 1268 quae
862 1201 883 1247 a
898 1180 1028 1248 clericis
1043 1199 1116 1246 cum
1132 1180 1270 1246 vestium

102 1310 258 1389 apparatu,
291 1307 368 1392 ipsis
395 1312 519 1373 tantum
543 1307 685 1394 proprio,
710 1305 837 1394 publice
863 1310 1075 1392 peraguntur,
1099 1305 1145 1370 uti
1168 1304 1272 1369 horae

102 1431 278 1500 apameae.
295 1432 343 1498 cf.
362 1433 490 1506 suarez,
508 1433 560 1499 De
585 1433 693 1505 aaa..
718 1431 789 1499 Dis.
813 1429 871 1508 34,
895 1430 981 1506 ns,
1005 1449 1039 1496 n.
1057 1429 1090 1494 7.
1110 1429 1272 1505 Quocirca

103 1551 230 1620 clericus
252 1554 445 1622 interdictus
467 1555 595 1641 publice
619 1557 652 1621 in
676 1555 778 1622 choro
801 1554 900 1620 horas
927 1554 1100 1620 canonicas
1129 1553 1272 1618 recitare

103 1697 158 1744 non
180 1677 283 1755 debet,
307 1679 392 1746 bene
413 1701 493 1746 vero
508 1686 614 1767 potest
628 1681 779 1768 privatim
795 1679 937 1746 recitare
954 1699 1027 1744 cum
1043 1678 1115 1744 aliis
1131 1678 1268 1744 clericis.

181 1803 213 1892 3)
235 1805 270 1872 Si
302 1805 366 1870 sint
396 1806 559 1872 interdicti
593 1825 659 1872 non
693 1808 823 1875 tolerati
856 1807 913 1874 sed
943 1805 1065 1872 vitandi
1095 1804 1271 1872 nullimode

102 2085 268 2143 {interdictum
294 2105 350 2143 non
376 2105 455 2144 secus
481 2106 514 2144 aa
538 2091 789 2145 excommunicatio
814 2091 882 2146 farri
906 2105 962 2144 non
986 2089 1087 2145 debeat
1109 2088 1144 2142 ad
1163 2099 1271 2160 tempus

102 2193 316 2252 detmuinatsnn
330 2195 368 2251 Gi
390 2195 500 2259 Suarer,
522 2197 599 2268 Disp.
621 2198 714 2252 XXX
722 2197 766 2265 VI,
786 2199 816 2262 3,
835 2198 879 2264 10,
898 2213 953 2268 seq.
976 2197 1024 2250 ubi
1046 2195 1148 2250 Doctor
1166 2197 1271 2252 related

102 2299 247 2368 opinionem
259 2302 375 2358 illorum
387 2304 435 2374 qui
447 2303 607 2374 opinantur,
616 2303 794 2360 interdictum
805 2304 870 2360 terri
882 2321 961 2373 posse
974 2303 1016 2358 uti
1025 2321 1129 2374 param
1139 2320 1270 2374 poenam,

103 2407 128 2458 et
143 2404 203 2460 inde
220 2406 276 2463 iste
297 2407 400 2464 Doctor
419 2407 542 2480 explicat
560 2407 682 2478 seipsum
699 2407 747 2480 qni
766 2409 844 2480 Disp.
865 2407 1007 2473 XXXII,
1026 2409 1055 2474 2,
1074 2426 1099 2462 a.
1119 2407 1148 2461 in
1167 2423 1271 2478 genere

102 2508 248 2580 admiserat,
266 2514 392 2568 referens
410 2530 583 2568 communem
603 2514 809 2569 canonistarum
828 2515 996 2584 opinionem,
1010 2513 1189 2570 interdictum
1202 2515 1269 2570 ferri

103 2614 136 2666 uti
154 2631 296 2672 censuram
314 2618 361 2672 vel
380 2618 422 2671 uti
437 2636 542 2690 puram
556 2636 687 2690 poenam.
713 2619 852 2686 Ceterum,
872 2622 912 2674 nti
932 2621 1053 2676 advertit
1072 2621 1183 2688 Suaren,
1201 2637 1269 2675 con-

102 2724 187 2788 ceptus
204 2739 339 2778 censurae
357 2723 427 2778 adeo
445 2727 523 2793 patet
542 2728 574 2778 ut
591 2723 808 2795 comprehendat
832 2728 883 2781 sub
907 2744 1010 2796 genere
1029 2743 1079 2781 suo
1094 2730 1270 2797 privationes

102 2827 225 2884 tanam
244 2833 444 2902 temporalium
467 2835 590 2887 directas
607 2835 645 2888 ad
664 2835 765 2887 bonum
784 2835 933 2904 spirituale
957 2835 1093 2902 fidelium,
1117 2851 1215 2903 nempe
1234 2833 1269 2888 ad

101 2936 320 3004 resipiscentiam,
338 2939 362 2990 si
380 2953 436 2992 non
455 2940 587 3004 omnium,
606 2938 707 2994 saltem
726 2939 930 2994 nonnullorum
943 2941 990 3010 qui
1004 2938 1160 2993 huiusmodi
1175 2938 1269 3008 priva-

103 3036 168 3096 tione
185 3041 384 3110 percelluntur.
403 3043 553 3114 Siquidem,
572 3059 623 3114 pro
642 3061 725 3115 scopo
741 3047 898 3116 princepali
916 3045 957 3113 (et
976 3044 1029 3099 hoc
1048 3045 1130 3100 debet
1148 3044 1269 3110 attendi)

101 3140 246 3202 huiusmodi
266 3149 437 3218 privationes
456 3165 510 3204 non
529 3151 658 3205 feruntur
676 3151 710 3205 ad
725 3169 831 3220 puram
849 3152 1008 3218 vindictam,
1027 3150 1074 3205 sed
1092 3153 1214 3206 inanime
1233 3151 1269 3206 ad

102 3258 300 3312 correctionem.
312 3284 349 3296 -
361 3255 443 3312 Certe
456 3257 629 3330 potissimum
643 3257 733 3325 quoad
746 3259 876 3323 insontes,
895 3257 950 3311 ista
969 3257 1117 3312 interdicta
1131 3257 1269 3315 rationem

101 3356 195 3417 habent
210 3366 386 3434 privationis,
406 3369 435 3419 et
453 3363 505 3418 hoc
525 3369 568 3420 est
582 3383 638 3436 per
655 3367 800 3432 occiderim
819 3366 867 3421 sed
886 3367 1006 3420 intentio
1023 3365 1166 3422 Ecclesiae
1179 3371 1222 3422 est
1238 3371 1269 3421 ut

101 3464 162 3524 hese
178 3471 327 3526 interdieta
338 3473 492 3528 inserviant
504 3489 587 3543 scopo
600 3489 787 3528 censurarum.
803 3473 882 3528 Unde
896 3491 950 3528 non
963 3473 1066 3528 debent
1078 3473 1176 3528 haberi
1189 3475 1268 3544 quasi

99 3590 181 3642 perae
196 3595 305 3649 paenae
322 3595 371 3634 seu
390 3578 534 3649 simplices
551 3582 733 3650 privationes,
752 3579 800 3634 sed
820 3581 860 3633 uti
881 3598 1032 3648 censurae,·
1050 3586 1079 3636 et
1090 3581 1143 3636 hoc
1156 3581 1185 3636 in
1198 3582 1268 3637 defi·

101 3681 196 3740 nitione
214 3686 331 3755 exprimi
345 3685 435 3740 debet.
447 3715 484 3728 -
496 3686 537 3740 Eo
550 3687 640 3757 magis
653 3687 725 3758 qnod
739 3686 821 3742 hodie
835 3687 890 3741 ista
903 3687 1044 3744 Ecclesiae
1058 3688 1179 3744 intentio
1194 3687 1268 3745 haud

101 3785 251 3844 indubium
269 3792 362 3846 vocari
383 3795 489 3862 potest;
509 3793 645 3864 siquidem
663 3793 692 3848 in
712 3792 805 3848 Consi„
825 3795 919 3863 Apost.
942 3793 1021 3846 Sedis
1041 3793 1115 3850 inter
1133 3809 1268 3849 censuras

101 3902 271 3953 recensentur
295 3899 380 3954 etiarn
398 3901 547 3955 interdicta
569 3902 734 3971 peneralia;
758 3904 787 3955 et
804 3902 1001 3971 suspensiones
1018 3900 1093 3956 latae
1112 3901 1140 3955 in
1160 3904 1267 3956 certum

101 4001 208 4071 tempus,
224 4004 273 4060 vel
289 4005 317 4058 in
336 4021 453 4076 corpora
465 4007 590 4061 moralia.
605 4037 639 4048 -
652 4007 682 4060 ln
695 4007 747 4061 hac
761 4007 891 4078 loquendi
904 4008 1011 4062 ratione
1024 4006 1143 4062 habetur
1155 4002 1267 4079 quidem

101 4121 231 4174 regressus
249 4111 284 4164 ad
302 4112 488 4182 antiquiorem
505 4113 689 4184 disciplinam,
707 4115 779 4188 quod
792 4113 898 4169 adverti
912 4113 1002 4168 debet.
1014 4142 1051 4155 -
1062 4113 1267 4184 Consequentia

102 4213 215 4278 practica
232 4221 282 4286 esi,
302 4234 350 4272 eos
374 4218 421 4290 qui
446 4217 553 4308 pollent
577 4221 712 4275 facultate
738 4219 898 4275 absolvendi
920 4222 955 4274 ab
980 4222 1106 4274 omnibus
1131 4221 1266 4285 cennens,

102 4322 169 4374 certe
194 4322 336 4380 absolvere
360 4330 476 4394 possunt
495 4327 529 4381 ab
549 4326 683 4381 eiusmodi
708 4327 936 4397 suspensionibus
961 4330 991 4380 et
1014 4326 1169 4381 interdictis
1194 4340 1266 4398 quae

102 4424 268 4482 motinentur
286 4429 315 4483 in
334 4428 427 4484 Cenat
446 4432 541 4501 Apost.
563 4433 651 4486 Sedis.
675 4431 716 4488 Cf.
736 4431 917 4498 D'Annibale,
936 4431 959 4498 1,
975 4433 1051 4486 358.
