3296 5108
528 315 571 361 oe
596 311 750 362 nnnroms
773 312 817 358 er
839 311 957 358 rossus
1264 290 1330 357 385

156 438 239 512 dem,
264 443 425 522 quaerunt
448 438 511 502 DD.
541 457 583 502 an
606 439 639 503 in
663 435 815 502 eiusmodi
848 434 974 500 casibus
1001 435 1230 521 irregularitas
1253 453 1331 519 qua-

155 567 250 629 tenus
272 561 391 648 vigeat,
416 581 459 626 ex
482 560 615 644 desecta
638 567 694 626 aut
716 580 758 624 ex
782 560 900 627 delicto
923 561 1099 645 provenire
1122 558 1258 625 dicenda
1281 560 1330 626 sit.

245 687 321 754 295.
338 687 391 752 Ex
406 683 578 751 homicidio
591 689 624 750 et
636 682 836 748 mutilatione
850 683 997 748 Ecclesia
1013 683 1045 747 iu
1061 683 1208 748 homines
1224 681 1332 746 divino

155 813 288 878 servitio
311 812 364 876 vel
386 809 580 876 addicendos
603 810 656 875 vel
681 809 823 874 addictos
847 808 1032 874 considerat
1055 809 1224 894 desectum
1250 811 1331 876 leni-

156 937 233 1004 tatis
261 938 355 1003 Ratio
379 937 475 1002 huius
498 935 643 1001 defectus
666 935 699 1000 in
724 934 878 1000 eiusmodi
894 934 1040 1030 facinore
1056 941 1104 1002 est
1127 956 1187 1022 per
1206 957 1241 1002 se
1265 941 1332 1004 evi-

156 1061 253 1137 dens;
270 1062 402 1145 eiusque
417 1062 561 1146 gravitas
577 1060 681 1124 relate
696 1059 736 1124 ad
753 1081 778 1125 s.
795 1059 925 1125 ordines
941 1080 1005 1126 non
1030 1066 1079 1128 est
1101 1063 1207 1128 minus
1223 1069 1332 1138 certa;

157 1184 312 1270 siquidem
337 1185 494 1255 Christus,
519 1188 628 1270 utpote
646 1183 725 1249 Rem
744 1180 919 1267 pacificus,
937 1191 1144 1270 comparatur
1161 1186 1331 1269 Salomoni,

157 1328 226 1394 arg.
252 1329 277 1374 c.
304 1328 332 1373 c.
355 1307 390 1382 2,
418 1308 451 1372 d.
476 1307 503 1381 1,
532 1307 583 1372 De
606 1311 788 1374 consecrat.
820 1311 853 1372 et
880 1307 916 1387 2,
944 1327 1036 1373 caus.
1066 1313 1094 1381 1,
1124 1328 1154 1393 q.
1185 1309 1217 1385 7,
1242 1311 1334 1374 cuius

159 1453 281 1506 manus,
307 1453 326 1497 a
348 1433 474 1498 bellicis
504 1433 849 1517 incoeptisimmunes‚
873 1438 1064 1498 meruerunt
1087 1433 1252 1518 Templum
1275 1435 1334 1498 Dei

157 1567 340 1642 exstruere,
365 1558 448 1643 quod
472 1560 607 1626 Sanctus
623 1577 686 1624 ren
708 1558 821 1640 David,
844 1558 982 1624 bellator
1005 1560 1144 1626 invictus
1167 1558 1207 1624 de
1231 1559 1334 1624 Phili-

157 1685 254 1750 staeis
276 1684 502 1769 triumphator,
526 1680 699 1749 aedificare
723 1684 859 1769 expetiit
881 1683 937 1749 sed
960 1703 1025 1749 non
1049 1683 1192 1748 obtinuit.

247 1807 479 1894 Irregularitas
495 1807 586 1880 haec,
599 1807 679 1872 adeo
694 1806 756 1872 suit
772 1805 944 1872 observata
959 1808 1141 1891 antiquiore
1158 1807 1333 1893 disciplina,

158 1939 193 1998 ut
215 1934 309 1998 istam
333 1933 519 1997 incurreret
550 1933 646 1996 etiam
670 1933 723 2015 qui
747 1930 844 1996 alium
869 1930 1033 1996 occiderat
1059 1936 1192 1998 sabato
1219 1931 1335 1997 mode·

158 2055 294 2120 ramiae
323 2054 518 2136 inculpatae
549 2053 671 2117 tutelae
677 2072 692 2136 ;
722 2053 778 2118 sed
812 2053 844 2117 in
868 2053 931 2118 hoc
961 2053 1182 2118 limitationem
1210 2053 1337 2118 induxit

159 2178 369 2250 Clementina
395 2176 432 2243 Si
453 2175 617 2258 furiosas.

575 2393 597 2474 ἓ
623 2392 651 2455 l.
677 2391 725 2455 De
749 2390 920 2477 Bigamia.

158 2583 376 2640 Summas-inm.
389 2613 425 2624 -
444 2584 504 2638 296.
524 2583 637 2645 Quando
656 2581 840 2636 contrahatur
857 2582 1051 2651 irregularitas
1070 2601 1104 2638 ex
1117 2584 1242 2653 bigamia
1260 2599 1336 2638 vera.

250 2719 282 2731 -
302 2689 363 2743 297.
384 2689 498 2751 Quando
523 2690 682 2744 incurratur
706 2688 830 2757 bigamia
855 2690 1075 2759 interpretativa.
1096 2718 1128 2730 -
1149 2689 1212 2743 298.
1232 2689 1265 2742 ln
1283 2704 1338 2760 quo

249 2799 384 2852 consistat
395 2799 469 2868 fictio
483 2800 553 2852 iuras
573 2798 616 2852 oui
635 2797 767 2852 innititur
780 2797 904 2867 bigamia
917 2801 1135 2868 interpretativa.
1148 2825 1184 2839 -
1197 2797 1257 2852 299.
1272 2798 1337 2851 Pri·

250 2921 312 2958 mus
332 2921 412 2958 casus
430 2903 550 2959 habetur
568 2905 591 2959 si
610 2905 672 2976 quis
700 2908 766 2959 aute
786 2909 928 2975 susceptos
953 2924 975 2959 ι.
1002 2905 1112 2960 ordines
1131 2905 1253 2960 validum
1272 2906 1336 2960 iniit

252 3011 477 3076 matrimonium
498 3015 526 3065 et
544 3011 643 3066 deinde
661 3011 737 3064 aliud
753 3013 877 3065 attentat
895 3015 924 3066 et
942 3016 1117 3066 consummat
1135 3028 1197 3066 cum
1216 3014 1335 3083 virgine.

248 3145 284 3160 -
297 3117 357 3172 300.
374 3117 425 3171 Hic
438 3117 657 3187 irregularitatis
670 3134 749 3173 casus
762 3134 817 3172 non
831 3121 874 3172 est
887 3118 1076 3188 producendus
1089 3119 1123 3172 ad
1137 3119 1223 3172 alium
1235 3136 1339 3183 casum,

250 3240 305 3295 quo
318 3223 380 3296 qtris
392 3225 447 3278 duo
460 3226 585 3279 invalida
598 3224 651 3278 init
663 3229 692 3280 ot
705 3228 881 3278 consummat
892 3225 1079 3278 matrimonia.
1090 3224 1195 3280 -301,
1207 3225 1237 3280 ln
1246 3228 1337 3280 altero

251 3345 315 3384 casu
328 3346 415 3384 unum
429 3334 538 3383 tantum
552 3329 673 3383 validum
684 3330 772 3382 initur
791 3332 820 3384 et
839 3329 1076 3384 consummatione
1090 3329 1232 3398 perficitur
1244 3332 1338 3385 coniu-

251 3435 327 3504 gium
346 3438 377 3488 at
395 3451 457 3488 cum
476 3432 594 3488 muliere
612 3435 698 3488 vidua
716 3437 766 3487 aut
786 3443 926 3504 camapio.
940 3461 976 3475 -
994 3432 1109 3489 302.1>0
1127 3435 1337 3506 irregularitate

250 3555 284 3595 ex
296 3539 421 3608 bigamia
432 3539 664 3593 similitudinarie
675 3556 747 3610 quae
765 3539 840 3594 inter
852 3540 1022 3610 improprias
1035 3539 1208 3593 amandanda
1220 3539 1337 3595 videtur.

251 3675 283 3686 -
301 3645 361 3700 303.
382 3648 426 3699 An
445 3645 639 3715 irregularitas
656 3661 692 3701 ex
710 3645 834 3715 bigamia
852 3645 890 3700 sit
911 3661 1020 3714 semper
1045 3662 1081 3699 aar
1099 3647 1212 3716 defectu
1231 3663 1265 3700 an
1284 3646 1338 3700 ali-

251 3751 360 3821 quando
378 3752 472 3807 verius
490 3769 524 3807 ax
543 3753 645 3806 delicto
664 3753 815 3821 repetenda
833 3753 877 3806 sit.
891 3780 927 3795 -
945 3751 1005 3806 304.
1021 3752 1060 3808 Da
1077 3752 1214 3807 facultate
1231 3753 1338 3824 dispen-

251 3859 329 3913 sandi
347 3859 376 3912 in
395 3859 500 3914 eadem.

250 4018 326 4085 296.
347 4021 493 4107 Bigamia
511 4021 555 4108 (l)
572 4039 654 4087 cera
670 4040 752 4104 quae
768 4027 817 4087 est
833 4041 878 4087 ero
892 4021 1025 4104 defectu
1041 4023 1075 4086 in
1091 4021 1338 4110 significatione

159 4145 412 4218 sacramentali,
429 4165 494 4209 non
510 4147 714 4212 contrabitur
729 4146 791 4210 nisi
807 4146 939 4228 duplam
955 4147 1136 4231 coniugium
1153 4145 1251 4211 fuerit
1262 4146 1340 4210 vali·

251 4317 291 4387 (l)
310 4318 338 4372 Si
364 4321 425 4390 quis
445 4322 554 4376 obiiciat
572 4322 607 4375 ob
626 4320 760 4376 secundas
779 4321 892 4390 nuptias
910 4330 976 4374 anta
993 4319 1162 4390 baptismum
1182 4321 1265 4375 initae
1283 4336 1339 4376 non

160 4422 234 4478 laedi
253 4427 483 4496 significationem
508 4429 676 4482 sacramenti
693 4429 760 4498 quia
778 4427 845 4483 illae
864 4429 978 4498 nuptiae
997 4445 1052 4484 non
1071 4433 1136 4484 sunt
1155 4440 1340 4484 sacramenta,

306 4531 366 4587 Sec.
386 4535 470 4604 Lego.
1197 4537 1233 4590 25
