3202 5104
558 335 601 380 us
626 333 779 381 uenrcrrs
804 336 845 382 ur
870 336 988 383 posuis
1284 316 1346 382 261

168 453 284 526 tentia,
308 449 423 536 probat
446 451 624 517 communis
641 457 773 538 recepta
789 452 984 520 consuetudo
1005 473 1086 538 quae
1102 459 1151 520 est
1166 455 1286 542 optima
1308 455 1351 520 le

170 595 250 662 gum
274 577 445 662 interpres,
470 595 627 661 quamque
650 577 758 644 laudat
784 579 902 645 Bened.
927 581 1011 646 XIV
1035 582 1055 646 l.
1082 581 1134 645 cit.

266 699 339 766 179.
372 699 484 774 Quoad
513 701 650 766 formam
685 716 779 768 actus
809 703 960 768 solemnis
991 703 1243 786 degradationis,
1268 705 1352 768 anti-

170 823 283 907 quitus
306 821 402 890 fiebat
426 825 458 888 in
481 826 733 910 provincialibus
756 827 989 913 Episcoporum
1020 828 1178 900 conciliis,
1205 825 1244 892 ad
1270 847 1353 912 quae

173 947 405 1014 referebantur
439 952 624 1018 criminales
654 951 847 1018 clericorum
879 973 1007 1019 causae.
1038 951 1156 1018 Postea
1186 972 1228 1018 ne
1257 952 1354 1018 facile

171 1076 329 1159 graviora
352 1076 488 1140 crimina
511 1084 680 1141 manerent
703 1079 857 1161 impunita
873 1075 912 1142 ob
929 1097 993 1142 non
1015 1076 1219 1161 frequentem
1236 1077 1353 1142 horum

173 1198 388 1264 conciliorum
412 1172 672 1276 celebrationem,
697 1206 849 1268 statutum
873 1201 934 1269 fuit
956 1222 1026 1287 arg.
1051 1222 1077 1267 c.
1104 1223 1130 1268 c.
1156 1202 1187 1275 4,
1210 1202 1244 1276 5,
1262 1201 1295 1276 7,
1320 1201 1352 1278 8,

174 1339 268 1386 coac.
292 1323 344 1395 15,
370 1328 497 1406 quaest.
523 1324 547 1388 7
570 1325 603 1388 in
635 1324 773 1389 Decreto
805 1323 966 1397 Gratiani,
999 1329 1093 1388 extra
1124 1323 1263 1408 synodos
1294 1323 1355 1388 bas

173 1464 291 1510 causas
311 1445 477 1532 agitandas
493 1453 526 1514 et
541 1445 737 1514 definiendas
754 1467 835 1530 esse,
851 1452 884 1512 at
900 1449 1083 1514 executioni
1100 1447 1353 1514 demandandam

173 1589 249 1634 esse
264 1573 454 1636 sententiam
479 1572 736 1658 depredationes
759 1572 982 1657 praesentibus
1006 1571 1171 1638 duodecim
1188 1571 1356 1657 Episcopis

172 1692 204 1758 si
227 1693 384 1778 agebatur
407 1695 447 1760 de
470 1696 628 1782 Episcopo
652 1695 868 1781 degradando,
893 1716 953 1760 sex
968 1697 995 1760 si
1010 1696 1052 1760 de
1068 1695 1271 1781 presbytero,
1287 1701 1356 1762 tres

173 1818 205 1882 si
228 1816 268 1882 de
291 1817 434 1884 diacono
449 1819 616 1904 agebatur.
640 1820 702 1886 Sed
724 1821 807 1886 haec
830 1821 1044 1900 coeremonia,
1062 1819 1101 1885 ob
1122 1821 1254 1886 nimium
1278 1821 1355 1906 Epi·

173 1963 348 2028 scoporum
371 1947 561 2028 requisitum
592 1964 772 2018 numerum,
801 1946 926 2010 occasio
950 1946 1011 2010 fuit
1041 1944 1222 2010 hominibus
1245 1950 1357 2028 prote-

172 2065 341 2132 stantibus
365 2065 511 2132 eumdem
536 2070 632 2132 ritum
655 2067 881 2142 calumniandi,
905 2069 996 2151 quasi
1019 2088 1062 2132 ex
1085 2069 1154 2152 ipsa
1177 2069 1357 2134 intentione

115 2184 118 2192 ’
178 2191 346 2258 Ecclesiae
370 2199 588 2277 comparatum
612 2193 652 2258 ad
683 2196 903 2279 impunitatem
934 2192 1138 2260 obtinendam
1170 2193 1356 2278 graviorum

176 2313 368 2380 facinorum.
388 2317 525 2382 Nimium
542 2318 627 2381 enim
643 2314 772 2382 difficile
788 2335 888 2401 usque
903 2315 965 2381 fuit
979 2322 1026 2382 tot
1042 2335 1161 2400 cogere
1182 2317 1357 2401 Episcopos

174 2444 256 2524 quot
278 2441 471 2524 exquirebat
493 2441 679 2506 solemnitas
702 2442 937 2506 coeremoniae.

270 2566 379 2640 Quare
402 2565 490 2632 Trid.
514 2565 634 2634 Concil.
656 2585 734 2632 sess.
759 2565 801 2632 13
824 2566 940 2650 cond
962 2564 1016 2632 De
1031 2565 1094 2648 ref.
1112 2564 1269 2642 decernit,
1291 2567 1355 2632 cle-

178 2689 266 2755 ricos
294 2691 457 2776 Episcopis
489 2691 663 2756 interiores
694 2711 764 2756 esse
794 2690 1016 2777 degradandos
1047 2690 1086 2756 ab
1116 2674 1289 2776 Episcopo'
1306 2694 1356 2756 cui

182 2834 284 2899 «per
315 2835 349 2880 se
380 2835 438 2882 seu
471 2815 556 2880 illius
586 2817 711 2880 vicario
747 2817 779 2880 in
810 2814 1028 2900 spiritualibus
1063 2815 1209 2900 generali
1244 2819 1358 2880 contra

175 2937 334 3004 clericum
363 2940 395 3002 in
425 2940 527 3004 sacris
558 2939 654 3002 etiam
683 2937 927 3023 presbyteratus
957 2937 1122 3002 ordinibus
1150 2940 1357 3004 constitutum

176 3065 277 3130 ctiam
300 3063 340 3128 ad
363 3063 449 3128 illius
471 3063 770 3129 condemnationem
786 3083 928 3128 necnon
945 3061 1110 3128 verbalem
1127 3063 1357 3149 depositionem

177 3195 214 3254 et
237 3209 353 3275 perse
376 3191 479 3274 ipsum
502 3190 597 3254 etiam
621 3188 661 3255 ad
690 3189 848 3254 actualem
872 3194 968 3273 atque
992 3188 1168 3253 solemnem
1200 3189 1357 3275 degrada·

177 3316 299 3381 tionem
323 3314 363 3378 ab
387 3315 462 3398 ipsis
485 3313 651 3380 ordinibus
672 3318 706 3378 et
727 3312 879 3399 gradibus
903 3313 1141 3386 ecclesiasticis,
1167 3315 1200 3378 in
1232 3313 1359 3379 casibus

180 3442 215 3506 in
238 3439 350 3525 quibus
373 3441 510 3504 aliorum
532 3441 767 3524 Episcoporum
783 3439 968 3524 praesentia
991 3440 1025 3503 in
1044 3457 1179 3504 numero
1195 3458 1215 3502 a
1232 3439 1360 3504 canoni-

181 3567 240 3634 bus
264 3563 395 3632 deflnito
418 3566 596 3648 requiritur
618 3565 715 3630 etiam
731 3562 851 3646 absque
874 3563 938 3628 illis
953 3562 1131 3647 procedere
1147 3561 1253 3643 liceat,
1270 3560 1359 3627 adhi-

180 3691 255 3758 bitis
277 3695 385 3756 tamen
410 3699 442 3756 et
466 3693 499 3754 in
522 3690 585 3754 hoc
608 3689 668 3754 sibi
683 3687 909 3754 adsistentibus
925 3687 1056 3753 totidem
1074 3685 1249 3752 Abbatibus
1266 3707 1359 3752 usum

180 3817 299 3882 mitrae
322 3819 354 3880 et
377 3814 482 3880 baculi
505 3833 548 3878 ex
570 3813 740 3899 privilegio
763 3812 949 3897 Apostolico
980 3811 1189 3886 habentibus;
1218 3810 1360 3894 alioquin

178 3941 253 4006 aliis
276 3940 422 4024 personis
445 3939 478 4002 in
502 3937 733 4003 Ecclesiastica
756 3933 911 4021 dignitate
935 3935 1123 4008 constitutis,
1150 3913 1232 4018 quae
1256 3938 1361 3998 aetate

180 4083 301 4150 graves
324 4083 363 4128 ac
387 4063 466 4127 iuris
489 4061 624 4128 scientia
647 4059 917 4126 commendabiles
940 4061 1131 4126 existant».
1153 4094 1172 4108 -
1198 4059 1289 4124 Haec
1312 4077 1363 4122 re·

179 4191 321 4276 spiciunt
351 4188 518 4254 dumtaxat
548 4187 686 4252 clericos
717 4186 884 4272 Episcopis
912 4185 1099 4256 interiores,
1136 4185 1211 4268 quia
1245 4201 1361 4248 causae

179 4314 368 4380 criminales
383 4311 497 4396 quibus
512 4311 663 4395 Episcopi
685 4308 887 4394 postulantur
903 4305 943 4372 de
958 4306 1146 4372 criminibus
1163 4304 1361 4391 depositione

181 4443 238 4505 aut
254 4436 482 4524 degradatione
499 4435 612 4520 dignis,
630 4439 704 4501 sunt
723 4437 911 4498 reservatae
934 4431 1050 4498 iudicio
1067 4433 1160 4498 Rom.
1177 4427 1357 4504 Pontificis;
