3296 5108
322 327 389 394 392
848 352 932 400 raas
957 351 978 398 1.

323 471 512 558 gularitatis,
537 477 586 540 est
608 475 741 548 crimen,
763 475 853 540 iuxta
869 475 1061 560 principium
1086 477 1149 540 iam
1174 475 1370 561 explicatum
1387 493 1500 559 supra.

322 616 354 660 n.
378 597 440 662 291
469 593 525 683 (1).

410 720 486 787 304.
511 722 610 787 Hisce
634 723 803 808 explicatis
826 727 928 808 petat:
947 723 979 808 l)
998 743 1018 787 a
1040 723 1324 790 similitudinarie
1348 722 1498 808 bigamia,

321 849 430 930 utpote
455 847 650 931 impropria
676 848 928 934 irregularitate,
953 847 1142 934 dispensare
1172 868 1266 934 posse
1294 849 1500 934 Episcopum,

321 969 463 1054 legitima
486 970 635 1055 imposita
657 971 873 1056 poenitentia;

452 1093 486 1168 2)
512 1092 552 1158 ab
574 1095 843 1178 interpretativa,
868 1097 894 1160 si
919 1099 969 1161 est
991 1114 1037 1162 em
1059 1095 1193 1176 defectu
1219 1099 1354 1167 tantum,
1380 1093 1499 1159 Roma-

320 1236 398 1281 num
421 1213 627 1295 Pontificem

453 1342 486 1428 3)
510 1343 637 1426 quando
659 1363 705 1409 aa
728 1344 847 1412 delicto
871 1345 1032 1431 provenit,
1056 1344 1110 1410 val
1134 1344 1250 1410 saltem
1269 1343 1434 1411 dubitatur
1457 1363 1501 1408 an

320 1485 365 1533 eva
387 1467 506 1535 delicta
526 1469 652 1534 sitaiva
669 1489 711 1534 ex
727 1468 871 1551 defecta,
889 1471 980 1535 iuxta
995 1470 1171 1536 Doctorum
1186 1469 1349 1554 expositas
1365 1473 1501 1534 senteu-

320 1591 389 1671 tias,
406 1590 561 1675 siquidem
588 1592 708 1658 iactum
731 1597 780 1659 est
803 1595 982 1667 occultum.
1003 1592 1166 1679 dispensat
1188 1593 1287 1658 etiam
1303 1593 1500 1678 Episcopum

452 1717 485 1802 4)
508 1735 529 1782 a
551 1715 691 1804 bigamia
712 1737 796 1785 vera
811 1719 977 1802 dispensat
991 1723 1117 1785 unium
1142 1718 1306 1783 Romanus
1331 1717 1498 1790 Pontifex;

453 1840 486 1920 5)
512 1842 578 1908 Nec
600 1862 682 1909 vera
706 1842 848 1929 bigamia
871 1842 973 1908 deleri
996 1847 1103 1928 potest
1121 1861 1181 1927 per
1204 1840 1406 1926 baptismum,
1423 1842 1501 1924 quia

319 1965 357 2030 ia
380 1965 546 2048 baptismo
573 1973 715 2050 peccata
741 1969 973 2049 remittuntur,
997 1987 1068 2034 aaa
1099 1973 1319 2049 acceptarum
1342 1984 1499 2032 umorum

319 2112 485 2159 numeras
514 2093 679 2178 aboletur,
712 2096 821 2178 prouti
853 2099 948 2160 cavet
982 2093 1191 2158 Innocentius
1223 2093 1236 2156 l
1268 2093 1302 2156 in
1335 2110 1411 2157 can.
1446 2089 1500 2169 13,

319 2221 395 2287 dist.
419 2219 477 2286 34.
502 2257 520 2268 -
546 2221 670 2286 Verum
695 2241 737 2286 ex
760 2220 900 2308 bigamia
926 2219 1186 2304 interpretativa
1208 2222 1284 2310 ante
1307 2216 1500 2302 baptismum

318 2344 406 2414 inita,
425 2341 539 2408 nullibi
563 2349 691 2408 cautum
716 2348 764 2408 est
783 2347 863 2426 post
877 2341 1069 2428 baptismum
1086 2340 1195 2405 enasci
1210 2339 1500 2424 irregularitatem.

870 2680 947 2764 §a

597 2858 647 2925 De
676 2859 933 2945 irregularitate
964 2876 1009 2923 ea
1037 2857 1217 2924 homicidio

653 2987 684 3048 et
707 2982 917 3048 mutilatione
936 2981 1167 3065 proveniente.

413 3177 463 3218 linc
477 3175 569 3219 referat.
584 3177 619 3218 tit.
635 3175 669 3228 50,
684 3176 714 3228 X,
729 3175 768 3218 lib.
785 3175 835 3228 1113
850 3175 872 3216 iu
886 3175 906 3228 6,
922 3175 958 3217 tit.
972 3173 1007 3228 2⁴,
1023 3173 1061 3216 lib.
1078 3172 1126 3226 111;
1141 3179 1165 3215 et
1179 3173 1214 3214 tit.
1232 3171 1264 3226 10,
1281 3170 1314 3222 12,
1329 3171 1359 3224 X,
1376 3172 1404 3223 νς

686 3263 744 3318 ind,
759 3265 794 3307 rit.
810 3263 830 3317 d,
846 3264 874 3316 νς
889 3263 912 3304 in
927 3263 997 3305 Clam.
1013 3262 1048 3306 u‘t.
1064 3260 1085 3316 4,
1101 3263 1129 3306 V.

318 3442 535 3500 Summarium.
547 3473 584 3485 -
595 3443 656 3499 305.
669 3442 779 3497 Titulos
799 3441 985 3497 Decretalium
1004 3445 1225 3496 commentamur
1238 3439 1289 3492 sub
1302 3441 1418 3508 aspectu
1433 3439 1501 3492 irre·

407 3551 569 3619 gularitatis
587 3551 649 3604 sive
668 3566 705 3604 ev
722 3549 825 3604 delicto
839 3549 898 3602 sive
911 3565 947 3602 ea
960 3549 1073 3620 defectu
1091 3543 1288 3616 provenientis.
1303 3571 1339 3585 -
1354 3541 1417 3596 306.
1431 3540 1501 3602 Quid

407 3660 543 3725 occidere,
563 3657 629 3729 quid
646 3658 781 3712 mutitare
798 3657 829 3710 in
846 3655 973 3710 subiecta
991 3651 1110 3706 materia
1122 3651 1282 3721 significare
1295 3648 1501 3718 intelligantur.

405 3795 442 3809 -
460 3765 521 3820 307.
540 3765 594 3820 Seu
612 3765 807 3835 irregularitas
826 3763 883 3819 sive
904 3781 940 3818 ea
958 3765 1070 3834 defecta
1098 3762 1156 3817 sive
1181 3778 1218 3818 ev
1235 3761 1338 3815 delicto
1362 3776 1419 3814 uon
1436 3777 1502 3815 con·

408 3873 530 3928 trahitur
548 3873 601 3926 nisi
620 3874 720 3944 effectu
739 3881 862 3942 sequuta.
882 3899 918 3916 -
935 3867 995 3923 308.
1017 3867 1213 3939 irregularitas
1234 3883 1364 3938 expresse
1389 3867 1501 3923 decreta

406 3979 435 4032 in
453 3977 612 4032 occidentes
631 3992 685 4030 non
705 3974 880 4045 producenda
899 3978 942 4028 est
960 3972 995 4027 ad
1014 3972 1194 4039 mutilantas‚·
1212 3970 1269 4035 sed,
1288 3971 1350 4026 vice
1368 3986 1460 4037 versa,
1478 3969 1502 4023 si

406 4263 446 4332 (l)
459 4263 513 4319 Sed
526 4262 651 4316 nonnulli
667 4260 721 4314 bl).
738 4261 809 4315 hanc
821 4261 973 4329 bigamiam
987 4263 1090 4314 vocant
1102 4259 1372 4312 similitudinariam.
1387 4286 1403 4297 -
1417 4256 1500 4310 Certe

317 4387 352 4425 ex
370 4370 493 4439 bigamia
512 4371 726 4440 interpretativa
746 4367 773 4420 in
793 4365 910 4421 clericos
928 4368 1054 4420 minores
1072 4365 1131 4419 lata
1150 4369 1193 4419 est
1219 4380 1307 4433 poena
1330 4360 1496 4432 privationis

316 4479 388 4547 priv.
407 4477 466 4548 fori
484 4483 513 4531 at
530 4477 637 4530 babitus
656 4473 807 4537 clericalis,
826 4488 885 4541 arg.
905 4489 966 4542 cap.
985 4474 1059 4526 anic.
1081 4471 1109 4536 4,
1129 4473 1157 4524 la.
1176 4481 1195 4523 t.
1214 4473 1243 4523 in
1268 4470 1297 4522 6.
