3312 5108
275 305 279 316 '
317 295 361 364 32
839 319 923 366 ruas
948 319 969 370 1.

317 447 513 524 censeantur
537 443 627 526 quasi
651 463 749 507 unum
774 445 908 524 crimen,
933 444 1013 508 illud
1036 465 1152 530 nempe
1176 443 1260 528 quod
1284 447 1332 508 est
1362 445 1496 529 gravius

317 566 441 629 crimen
459 568 491 629 et
507 563 590 648 quod
607 561 767 651 perficere
783 565 932 632 ordinata
948 572 1051 638 erant.
1068 569 1106 634 ln
1122 569 1185 633 hoc
1201 567 1398 654 propositum
1415 565 1494 630 The·

316 705 434 751 saurus
456 686 478 751 l.
502 707 530 752 c.
554 687 618 753 hoc
638 691 752 753 statuit
780 691 992 775 principium;
1016 711 1132 776 nempe
1155 710 1201 758 em
1223 689 1353 756 actious
1379 688 1494 755 mimi-

316 813 409 879 uorir
430 812 535 886 sotius
555 813 765 897 principalia
783 833 843 880 reu
858 814 1033 900 praetoria
1056 815 1167 881 delicti
1181 813 1350 881 rationem
1367 811 1494 886 habet,

317 937 400 1023 quia
422 937 543 1003 delicta
563 937 794 1022 praeambula
816 940 854 1004 in
873 939 1064 1022 principati
1087 937 1358 1021 confunduntur.
1383 937 1495 1002 Veluti

317 1064 345 1128 si
361 1063 431 1146 quis
446 1061 591 1147 pluribus
614 1063 802 1129 vulneribus
825 1064 964 1148 aliquem
987 1063 1122 1138 occidat,
1147 1063 1355 1129 unicum'erit
1370 1064 1493 1128 crimen

318 1185 499 1253 homicidii.
524 1187 578 1253 Sic
602 1187 766 1274 prohibita
790 1189 913 1254 delatio·
931 1171 1106 1262 armorum,
1132 1189 1288 1267 convicia,
1309 1191 1342 1251 et
1357 1188 1494 1252 vulnera

316 1308 464 1374 ordinata
480 1308 521 1374 ad
544 1309 750 1376 homicidium
774 1312 989 1377 incontinenti
1003 1317 1233 1398 perpetratum,
1252 1313 1370 1398 inipso
1389 1309 1493 1374 homi-

317 1432 391 1498 cidii
414 1431 531 1498 delicto
555 1432 806 1498 confunduntur,

406 1553 470 1622 Sed
494 1555 569 1642 quid
599 1557 678 1623 iuris
702 1558 828 1642 quaudo
862 1559 985 1644 pluries
1019 1560 1178 1644 repetitur
1201 1557 1258 1624 sed
1281 1557 1493 1624 incontinenti

316 1680 428 1747 eodem
450 1682 572 1768 impetu
587 1703 626 1747 ac
642 1685 804 1768 proposito
828 1683 911 1750 idem
935 1689 1027 1750 actus
1051 1685 1241 1753 criminosus
1257 1684 1290 1748 in
1306 1702 1364 1747 sua
1386 1682 1494 1765 specie

317 1810 569 1884 consummatae
593 1807 746 1874 videlicet
770 1803 868 1874 unum
893 1815 1044 1874 censetur
1067 1807 1217 1872 delictum
1241 1806 1294 1872 vel
1316 1797 1412 1892 plura
1434 1821 1494 1888 pro
1527 1855 1528 1862 κ

274 1953 279 1960 ·
316 1931 451 2018 singulis
477 1933 624 2017 repetitis
654 1931 798 1998 actibus?
824 1968 841 1981 -
868 1934 909 2000 Ut
932 1953 1008 1998 ecce
1032 1934 1102 2017 quis
1125 1931 1247 2017 pluries
1270 1930 1326 1996 sed
1356 1927 1493 1994 inconti-

315 2059 405 2122 nenti
429 2057 584 2124 clericum
600 2061 749 2145 percutit,
768 2058 897 2124 adulter
914 2061 1038 2146 pluries
1061 2058 1118 2125 sed
1141 2057 1353 2124 incontinenti
1377 2055 1495 2141 repetit

318 2182 466 2268 copulam
490 2203 563 2248 cum
588 2184 701 2248 eadem
726 2183 881 2259 muliere;
905 2183 975 2267 quis
999 2183 1108 2268 plures
1131 2182 1186 2248 sed
1210 2181 1437 2253 incontinenti,
1462 2183 1494 2244 et

317 2307 429 2375 eodem
445 2309 544 2374 animi
560 2315 660 2391 aestu,
679 2311 796 2395 repetit
818 2309 1048 2394 blasphemias;
1072 2309 1182 2374 habita
1204 2309 1331 2374 ratione
1350 2307 1431 2392 legis
1447 2303 1493 2388 (1)

317 2431 460 2518 poenalis
490 2453 587 2496 unum
619 2433 799 2498 habeturne
834 2433 984 2498 delictum
1019 2439 1076 2499 aut
1097 2431 1209 2518 plural
1234 2469 1252 2482 -
1278 2433 1427 2497 lamvero
1451 2451 1494 2494 ex

317 2557 444 2621 ratione
467 2576 566 2642 supra
589 2559 744 2642 exposita,
769 2557 863 2624 valde
885 2556 1083 2656 probabilior
1106 2563 1155 2622 est
1178 2558 1347 2638 sententia,
1364 2558 1396 2619 in
1421 2555 1494 2620 foro

317 2687 464 2756 externo,
489 2702 546 2747 seu
570 2701 629 2768 pro
653 2683 726 2770 lege
751 2683 876 2768 poenali
905 2703 1003 2748 uuum
1026 2684 1226 2750 considerari
1249 2682 1411 2753 delictum,
1436 2701 1493 2746 seu

317 2826 414 2872 unam
447 2813 573 2872 tantum
607 2809 732 2873 incurri
767 2828 922 2894 poenam:
958 2808 1040 2874 haec
1064 2810 1149 2874 enim
1172 2809 1267 2895 plura
1290 2807 1378 2876 facta
1403 2807 1493 2890 quasi

317 2931 528 2996 materialiter
544 2932 577 2995 in
601 2953 699 2996 unum
722 2931 917 3006 coalescunt,
942 2933 1069 2996 ratione
1090 2933 1245 3015 temporis
1261 2936 1294 2996 et
1317 2930 1494 2994 intentione

317 3058 453 3142 agentis.

406 3177 461 3245 Ex
487 3179 643 3254 adverso,
668 3199 732 3244 nna
754 3185 878 3245 tantum
910 3181 994 3247 actio
1024 3181 1194 3265 aliquando
1224 3179 1408 3245 virtualiter
1430 3178 1494 3243 duo

318 3307 370 3372 vel
396 3307 490 3390 plura
512 3305 659 3371 continet
681 3305 810 3387 delicta,
835 3311 867 3370 et
890 3305 952 3372 hoc
968 3306 1087 3396 duplici
1103 3305 1205 3371 modo,
1223 3306 1286 3372 Vel
1304 3307 1378 3389 quia
1394 3323 1493 3370 unum

317 3430 454 3503 factum,
478 3409 630 3495 delictum
654 3425 781 3513 perficit
803 3428 955 3513 inplura
978 3426 1103 3494 obiecta
1126 3429 1270 3496 eiusdem
1295 3429 1423 3514 speciei,
1447 3433 1495 3494 ut·

317 3559 395 3641 puta
417 3556 443 3622 si
467 3575 530 3620 uno
554 3555 640 3620 lacto
671 3555 785 3639 plurae
817 3574 973 3640 personae
1007 3554 1193 3632 laeduntur;
1216 3557 1315 3621 veluti
1339 3575 1403 3620 uno
1427 3557 1494 3620 ictu

318 3677 380 3742 duo
392 3677 444 3741 vel
459 3681 526 3742 tres
540 3676 651 3742 clerici
671 3679 845 3750 necantur;
864 3675 916 3740 vel
932 3676 1059 3759 quando
1072 3696 1136 3742 una
1147 3676 1273 3742 actione
1286 3677 1494 3741 continentur

317 3803 429 3888 plures
451 3801 611 3866 laesiones
640 3800 844 3866 diversarum
869 3801 991 3886 legum;
1016 3801 1167 3865 nimirum
1191 3819 1233 3864 ex
1259 3799 1363 3866 Clem.
1388 3799 1415 3864 l.
1439 3797 1491 3865 De

326 3927 457 4009 reputt,
482 3926 559 4006 (III.
576 3925 613 4006 7)
637 3926 663 3990 si
685 3925 755 4007 quis
778 3921 914 4009 sepeliat
932 3925 1071 4007 aliquem
1091 3923 1273 3988 usurarium
1289 3922 1492 3988 manifestum

407 4225 446 4294 (l)
465 4225 580 4296 lnquam
592 4226 682 4278 habito
702 4227 810 4278 ratione
829 4223 901 4294 legis
919 4220 1056 4294 poenalis3
1077 4239 1140 4276 nam
1159 4221 1232 4294 quod
1251 4222 1344 4292 plures
1363 4220 1494 4292 blasphe-

317 4333 399 4400 miae,
412 4329 506 4403 plu'ree
525 4331 641 4402 copulae
660 4329 834 4386 adulterinae
854 4330 969 4386 totidem
988 4331 1161 4386 constituant
1180 4333 1301 4400 peccate,
1321 4329 1349 4382 in
1369 4329 1429 4383 foro
1449 4329 1496 4383 in—

318 4445 408 4506 temo,
427 4438 592 4494 confessioni
612 4437 807 4494 sacramentali
827 4438 957 4506 obnoxia,
976 4437 1113 4510 explorati
1133 4436 1201 4492 iuris
1220 4441 1270 4493 est
