3306 5102
308 329 373 396 334
815 327 910 401 'raas
934 353 957 398 1.

260 480 263 489 ’
308 469 563 558 dispensationis,
581 511 599 524 -
617 475 847 542 Controversia
870 473 953 540 haec
975 476 1096 562 agitata
1115 474 1186 549 luit,
1207 495 1273 558 per
1295 474 1492 542 mmmmm

303 614 457 678 precam,
483 598 567 684 apud
587 599 621 666 O.
640 599 735 665 Oonc.
760 601 795 664 in
820 601 1027 666 Neocastren.
1053 603 1086 664 et
1109 599 1283 666 cathacen.
1301 598 1491 682 Dispmsa-

307 722 408 788 tiom‘s
423 728 454 789 et
466 725 492 788 A
497 725 729 812 permotionis
736 744 750 808 ;
768 727 800 790 iu
817 745 879 809 qua
895 724 1054 810 agebatur
1069 723 1109 790 de
1125 721 1330 810 legitimando
1347 722 1397 788 ad
1412 739 1492 788 cau-

308 848 408 912 telam
423 846 488 913 tiiio
504 855 652 934 suscepto
669 870 712 915 ex
727 850 909 915 incestuoso
925 848 1098 916 concubitu
1114 853 1285 934 pareutum
1302 847 1355 932 qui
1375 852 1490 932 postea

306 971 437 1038 obtenta
460 973 675 1070 impedimenti
692 975 977 1060 consanguinitatis
992 973 1229 1059 dispensatione
1245 971 1488 1036 matrimonium

306 1098 477 1165 iniverant.
502 1099 713 1167 Dubitabatur
743 1101 829 1166 enim
858 1119 899 1164 an
927 1101 990 1165 hoc
1019 1099 1216 1185 subsequens
1246 1099 1487 1164 matrimonium

305 1224 370 1287 vim
393 1223 531 1293 haberet
546 1224 743 1312 legitimandi
758 1221 859 1290 fllium
876 1226 1111 1300 incestuosum
1135 1243 1251 1310 nempe
1266 1223 1396 1288 dubium
1413 1229 1490 1288 erat

306 1369 347 1414 an
371 1349 401 1414 S.
427 1349 525 1416 Sedes
541 1349 729 1436 dispensans
753 1350 785 1412 in
809 1347 1036 1433 impedimento
1052 1346 1244 1420 intenderet,
1262 1348 1353 1431 quasi
1377 1348 1412 1411 in
1437 1367 1490 1411 ra·

305 1477 386 1550 dice,
404 1495 521 1542 sanare
537 1476 735 1562 illegitimam
752 1481 912 1552 unionem,
927 1481 1089 1545 retroacto
1106 1477 1222 1546 effectu
1239 1475 1488 1562 dispensationis

305 1599 344 1664 ad
361 1606 556 1667 momentum
572 1603 747 1671 nativitatis
766 1602 831 1670 lilii.
850 1607 976 1671 Verum
999 1605 1087 1670 inter
1110 1605 1267 1669 Doctores
1291 1597 1412 1686 duplex
1437 1607 1488 1665 est

304 1726 472 1797 sententia,
497 1725 600 1791 altera
631 1745 746 1811 nempe
776 1725 950 1801 affirmans,
982 1727 1088 1792 altera
1114 1745 1246 1811 negans,
1271 1721 1370 1788 fllium
1396 1723 1486 1787 ince-

304 1857 444 1918 stuosum
477 1873 536 1937 per
565 1852 763 1937 subsequens
793 1854 1031 1919 matrimonium
1066 1853 1211 1938 legitima
1245 1850 1486 1936 dispensatione

304 1977 425 2049 initum,
443 1977 539 2041 etiam
555 1975 675 2060 absque
691 1977 820 2062 speciali
843 1977 1086 2064 legitimationis
1109 1977 1277 2062 rescripto,
1302 1974 1484 2061 legitimum

303 2101 452 2166 evadere.
467 2137 484 2150 -
500 2103 531 2168 S.
545 2101 578 2169 G.
592 2102 706 2168 nolens
722 2100 885 2168 definitive
901 2101 1054 2168 dirimere
1069 2103 1299 2186 quaestionem,
1317 2099 1486 2187 respondit

303 2226 360 2292 sub
377 2227 432 2293 die
448 2227 743 2313 7Aa9asti1847:
762 2229 874 2294 ‹llsse
886 2227 1132 2294 commendam
1146 2225 1252 2292 SSmo
1266 2245 1333 2308 pro
1351 2225 1486 2307 dispen-

302 2351 431 2418 satione
453 2351 501 2417 ad
524 2351 689 2418 cautelam
704 2357 735 2417 et
754 2350 987 2418 habilitatioae
1002 2351 1149 2419 oratoris
1162 2350 1208 2415 act
1223 2349 1364 2417 ordines
1377 2348 1484 2414 susei-

297 2473 442 2560 piemtos
468 2493 576 2560 usqae
602 2477 649 2541 act
671 2475 946 2561 presbyteratum
976 2475 1140 2542 molestae
1166 2479 1224 2540 etc.
1291 2495 1323 2536 s.
1349 2475 1393 2538 At
1422 2493 1484 2559 pro

302 2601 407 2685 praxi,
425 2599 464 2664 ad
484 2619 595 2664 omnes
618 2601 828 2685 amputandas
851 2600 1029 2666 dubietates
1052 2605 1150 2685 utque
1173 2597 1311 2665 filiorum
1335 2599 1484 2685 legitimi·

302 2723 423 2788 nationi
453 2730 656 2809 prospectum
681 2727 730 2799 sit,
756 2727 788 2790 in
813 2727 980 2810 rescriptis
1009 2723 1291 2790 matrimonialium
1315 2723 1483 2809 dispensa·

301 2847 422 2913 tionum
446 2848 590 2913 clausula
612 2850 730 2934 apponi
753 2848 851 2914 solet:
880 2868 898 2912 ‹
923 2849 1054 2914 Prolem
1077 2854 1269 2933 susceptam,
1292 2849 1316 2914 si
1343 2850 1482 2932 quasit,

301 2976 333 3037 et
356 2973 590 3058 suscipiendam
614 2969 789 3060 legitimam
813 2973 1042 3038 nuntiando».
1068 2973 1220 3055 Proinde,
1245 2973 1309 3038 hac
1335 2973 1483 3038 clausula

301 3116 366 3163 non
399 3099 543 3183 apposita
577 3096 776 3163 sufficienter
810 3119 875 3163 non
910 3104 998 3185 patet
1033 3098 1072 3164 de
1102 3099 1282 3164 intentione
1315 3095 1483 3164 Pontificis

300 3222 521 3308 dispensandi;
546 3228 578 3289 et
601 3224 675 3307 quia
698 3222 892 3310 dispensatio
908 3244 973 3289 non
996 3227 1101 3309 potest
1119 3225 1280 3309 praesumi
1304 3223 1361 3290 sed
1386 3223 1483 3290 debet

300 3343 440 3431 probari,
466 3345 608 3426 deberet,
633 3347 746 3411 saltem
777 3346 818 3411 ad
845 3347 1013 3422 cautelam,
1038 3347 1103 3433 peti
1134 3345 1328 3430 dispensatio
1352 3345 1393 3410 ab
1417 3345 1483 3412 hac

300 3473 553 3558 irregularitate.
571 3473 643 3538 Hoc
666 3473 755 3537 clare
779 3471 907 3538 videtur
930 3471 1044 3538 deduci
1067 3493 1109 3537 ex
1133 3474 1230 3538 citata
1253 3473 1284 3539 S.
1310 3473 1344 3538 G.
1368 3473 1403 3539 G.
1428 3473 1481 3539 de

300 3599 430 3663 cisione.

386 3722 463 3788 243.
489 3723 617 3788 Revera
642 3721 802 3788 secundus
825 3721 937 3786 modus
959 3721 1127 3787 auferendi
1151 3721 1305 3787 natalium
1330 3721 1481 3788 defectus

298 3853 348 3916 est
370 3849 576 3932 dispensatio
601 3868 620 3913 a
642 3848 785 3934 legitimo
808 3848 983 3934 Superiora
1014 3867 1178 3928 concessa,
1203 3847 1237 3912 in
1264 3852 1392 3912 certum
1424 3867 1479 3912 ca·

297 3993 378 4056 sum,
400 3991 465 4056 per
493 3972 707 4058 rescriptam.
732 3972 822 4047 Quae
852 3971 1046 4058 dispensatio
1076 3974 1110 4037 in
1134 3968 1302 4038 effectibus
1333 3970 1479 4037 iuridicis

297 4102 391 4163 caute
415 4097 639 4185 distinguenda
667 4105 716 4165 est
739 4119 761 4164 a
784 4099 1025 4186 legitimatioae
1044 4117 1111 4181 per
1132 4097 1340 4184 subsequens
1362 4099 1479 4164 matri

297 4221 460 4296 moniam,
485 4223 630 4305 quamvis
655 4228 687 4288 et
709 4222 791 4286 haec
821 4221 862 4288 sit
888 4223 1011 4307 species
1034 4221 1279 4307 dispensationis
1302 4219 1359 4286 sed
1384 4226 1477 4286 esta

296 4342 374 4410 iare
396 4363 456 4429 per
478 4344 605 4409 modum
629 4345 728 4430 legis;
752 4343 815 4409 alia
838 4350 888 4411 est
911 4342 954 4411 ab
978 4343 1113 4411 bomine
1135 4344 1239 4430 potius
1263 4363 1324 4430 per
1347 4343 1474 4410 modum

296 4469 469 4554 singularis
492 4469 718 4536 concessionis.
736 4469 897 4546 Quocirca
911 4469 1029 4536 limites
1052 4474 1085 4536 et
1099 4465 1240 4536 *effectus
1256 4469 1351 4536 huius
1370 4489 1474 4554 peca-
