3202 5104
465 365 510 412 nn
535 363 689 411 nnnrcrrs
713 363 755 410 nr
779 363 898 411 rosum
1209 339 1276 407 199

107 491 201 577 primo
220 509 306 574 casu,
321 488 651 558 excommunicatio:
674 487 708 552 in
731 486 835 552 altero
858 487 1097 571 interdictum
1120 487 1155 553 in
1177 487 1275 553 tertio

106 613 269 696 aspasio
291 613 455 679 indicitur.

187 735 259 801 133.
284 736 413 802 Exinde
434 735 725 802 excommunicatio
741 738 791 801 est
805 753 962 817 censura,
985 754 1041 800 seu
1058 751 1164 819 poena
1178 731 1276 797 medi-

107 859 210 925 cinalis
234 895 252 909 ·
273 880 343 946 qua
353 861 567 952 ‘christianus-
578 861 726 948 graviter
743 859 951 952 delinquens.
957 863 1145 952 contumax,
1162 857 1276 923 cacla-

106 983 189 1049 ditar
210 1004 232 1049 a
255 984 493 1051 communione
508 984 669 1072 fideliam,
691 1005 749 1051 seu
764 983 955 1070 prohibetur
978 980 1018 1047 ab
1041 1001 1100 1047 usu
1116 980 1275 1046 bonorum

107 1129 230 1192 quorum
253 1107 357 1176 fidelis
381 1117 430 1176 est
452 1113 624 1198 particeps,
649 1117 817 1197 qualems
841 1116 891 1177 est
912 1109 1104 1176 membrum
1120 1106 1275 1192 corporis

109 1231 232 1299 sistatis
254 1233 352 1320 cuius
377 1239 481 1319 caput
495 1234 625 1302 visibile
640 1241 689 1302 est
704 1233 802 1301 Rom.
820 1233 917 1302 Poat.
935 1233 1127 1308 -Quocirca
1149 1233 1187 1297 D.
1210 1229 1278 1317 Oy-'

105 1357 225 1440 prianus
240 1357 348 1442 Epist.
367 1358 417 1423 62
438 1358 526 1423 hanc
546 1377 717 1424 censuram
737 1355 880 1444 appellat
904 1357 1094 1442 ‹qladium
1117 1355 1275 1438 spiritua-

106 1479 163 1544 lem
191 1499 256 1564 quo
288 1480 428 1564 amerii
451 1487 483 1546 et
506 1487 720 1548 contumaces
742 1486 919 1555 uecaalur,
947 1482 1031 1547 dum
1058 1480 1100 1546 de
1123 1479 1275 1546 Ecclesia

105 1602 271 1670 ducatur.
292 1605 414 1691 Neque
436 1607 526 1672 euim
550 1605 619 1692 (ait)
642 1607 755 1673 uiuere
777 1605 865 1690 foris
883 1610 1027 1691 possuut
1051 1625 1129 1671 cum
1152 1605 1274 1670 domus

105 1721 163 1790 Dei
174 1746 244 1792 uua
259 1726 313 1802 sit,
332 1733 363 1792 el
377 1721 508 1794 uuuiui
528 1729 623 1794 sulcu
646 1747 717 1794 esse
739 1728 807 1794 uisi
830 1729 867 1793 ia
889 1727 1040 1794 Ecclesia
1059 1727 1167 1810 possit
1183 1747 1214 1790 s.
1231 1727 1275 1790 Et

105 1851 131 1917 S.
145 1853 362 1940 Hieronymus
375 1856 468 1940 epist.
482 1855 525 1921 14
540 1855 587 1922 ad
598 1855 823 1923 Heliodorum
839 1875 872 1920 a.
887 1854 1062 1921 8advertit
1079 1853 1154 1918 ‹Iu
1169 1851 1274 1918 aeleri

103 1975 229 2058 quidem
252 1977 328 2062 leqe
350 1978 555 2064 quicumque
577 1976 810 2045 sacerdotibus
832 1997 903 2044 uou
926 1976 1186 2060 obtemperasset
1213 1979 1274 2042 aut

103 2107 193 2168 ulra
211 2109 328 2170 castra
345 2103 478 2188 postas
495 2103 718 2187 lapidabatur
733 2123 755 2168 a
767 2103 910 2187 populo,
927 2107 997 2176 aut,
1013 2101 1129 2188 qladio
1146 2101 1274 2167 eunice

101 2227 247 2311 subiecta,
265 2234 496 2312 coutemptum
519 2229 679 2313 eepiabat
695 2247 837 2296 eruore:
859 2247 953 2294 uuae
975 2245 1055 2293 aero
1076 2225 1274 2293 inobediens

101 2350 263 2432 spirituali
287 2371 451 2419 mameae
475 2357 667 2419 uuucatur.
688 2355 749 2418 aut
763 2351 887 2417 eiectus
911 2351 1126 2424 deecclesia,
1150 2348 1273 2416 rabido

102 2472 301 2542 daemonum
326 2494 385 2542 ore
408 2474 614 2558 discerpitur
628 2495 660 2540 a.
684 2475 806 2540 Eodem
830 2495 927 2541 sensu
950 2475 987 2539 D.
1009 2475 1130 2540 Paulus
1163 2475 1273 2540 taliter

102 2598 241 2664 exclusos
265 2619 286 2664 a
308 2596 450 2664 fidelium
474 2601 698 2666 communione
721 2597 935 2686 profitebatur
958 2621 992 2665 se
1017 2600 1154 2666 tradere
1174 2598 1274 2665 Sata·

100 2741 168 2796 uae.
184 2723 220 2789 iu
234 2724 301 2790 Lit.
320 2723 338 2788 I
361 2725 408 2790 ad
427 2721 580 2812 Cariath.
593 2725 627 2798 5,
646 2728 679 2790 et
695 2723 779 2811 apud
796 2725 986 2790 Gratianum
1002 2725 1200 2809 antiquiores
1217 2724 1273 2788 Ca·

100 2866 193 2914 nones
214 2849 400 2916 huiusmodi
422 2869 560 2937 poenam
583 2850 749 2936 appellant
771 2850 924 2925 eailium,
943 2849 1272 2915 eatermiuatioaem.

182 2975 256 3040 134.
284 2975 391 3059 Usque
407 2975 447 3040 ad
464 2975 581 3040 editam
599 2975 705 3041 Const.
719 2974 836 3057 Aposl.
855 2973 962 3047 Sedis,
984 2972 1272 3039 excommunicatio

100 3096 194 3163 divisa
216 3105 267 3165 est
289 3099 323 3164 in
346 3097 514 3165 maiorem
538 3102 571 3164 et
592 3097 770 3166 mirorem.
797 3133 815 3148 ·
840 3098 959 3164 Miuor
982 3096 1272 3163 excommunicatio

100 3219 209 3306 quippe
236 3219 430 3306 prohibebat
460 3220 644 3286 dumlaaal
667 3219 707 3284 ab
734 3240 794 3284 usu
824 3201 1102 3284 sacramentorum
1121 3219 1271 3303 passivo,

100 3348 129 3410 et
149 3344 281 3412 arcebat
304 3365 324 3409 a
346 3343 511 3419 beneficiis
536 3350 568 3411 et
590 3345 798 3432 dignitatibus
815 3346 856 3411 ad
873 3365 955 3431 quae
971 3347 1047 3432 eligi
1063 3346 1151 3412 licite
1166 3345 1272 3411 minor
1323 3335 1326 3340 ’

100 3473 392 3536 excommunicatus
415 3489 480 3534 non
503 3473 648 3555 poterat;
672 3490 747 3556 arq.
773 3489 848 3555 cap.
870 3469 919 3537 39
941 3470 996 3537 De
1019 3473 1108 3537 elect.
1127 3470 1161 3534 X
1181 3468 1221 3556 (1,
1239 3469 1273 3554 6)

99 3590 283 3678 improprie
307 3597 596 3662 excommunicatio
620 3597 781 3682 appellata
797 3601 855 3664 est.
874 3597 965 3663 Haec
989 3597 1178 3663 incurrebat
1197 3597 1272 3681 ipso

98 3715 182 3796 sacto
205 3717 261 3800 qui
285 3737 359 3782 cum
384 3719 663 3784 excommunicato
686 3716 732 3804 (l)
755 3720 887 3785 vitando
919 3721 1174 3786 communicaret
1203 3721 1273 3786 sive

97 3835 128 3900 in
158 3835 275 3903 divinis
305 3839 374 3904 sive
397 3839 431 3904 in
454 3840 620 3914 humanis,
644 3839 766 3924 absque
789 3841 933 3928 legitima
957 3862 1055 3907 causa
1078 3847 1272 3919 excusante;

66 3989 67 3992 ¹
97 3977 168 4047 arq.
192 3983 221 4028 c.
248 3983 275 4028 c.
301 3964 323 4029 2
347 3964 396 4030 De
420 3963 529 4031 cleric.
554 3984 685 4032 caeam.
709 3964 813 4032 ruiais
836 3967 871 4031 X
890 3964 946 4051 (V,
971 3966 1027 4052 27)
1051 3971 1084 4033 et
1108 3966 1159 4032 29
1188 3973 1272 4034 seut.

181 4153 222 4225 (l)
245 4155 507 4212 Excommunicatus
530 4158 819 4214 excommunicatione
844 4160 954 4213 minore
978 4159 1064 4214 etiam
1089 4163 1155 4214 ante
1179 4159 1273 4216 const

97 4256 208 4316 biartini
228 4261 262 4328 V,
281 4278 336 4318 non
355 4264 521 4318 censebatur
538 4265 677 4319 vitandus.
691 4263 788 4336 Neque
807 4265 879 4320 hanc
898 4282 1031 4320 excomm.
1051 4265 1212 4322 incurrebat
1225 4267 1272 4337 qui

96 4381 156 4420 curn
174 4368 239 4424 aliis
258 4371 412 4426 senseratis
425 4372 555 4439 vitandis,
569 4373 627 4428 sive
646 4375 789 4444 suspensis
807 4375 866 4430 sive
885 4375 1039 4430 interdictis
1052 4375 1174 4448 aliquam
1188 4375 1274 4432 habe·

97 4475 139 4526 ret
156 4477 385 4534 communionem.
