3266 5102
514 322 558 370 nn
581 321 735 368 nnurcrrs
760 320 804 368 nr
828 319 948 367 eonius
1277 293 1321 362 95

128 455 196 522 cta,
214 451 240 514 si
256 467 393 514 carcere
406 446 542 513 detentis
566 447 712 532 corporis
735 439 865 510 aillictio
889 444 1036 516 addatur,
1054 444 1154 508 veluti
1179 443 1318 528 privatio

130 573 227 638 lucis.
242 608 259 620 -
275 571 391 638 Status
402 570 668 637 inraadimuntur
680 571 732 635 vel
745 571 853 636 omnia
868 589 920 634 ex.
938 589 987 656 gr.
1000 570 1027 633 si
1043 569 1114 652 quis
1126 588 1144 633 e
1156 572 1242 634 statu
1258 567 1321 632 cle·

133 699 228 764 ricali
245 699 412 780 deiciatur,
429 699 481 762 vel
498 698 654 763 nonnulla
671 717 788 783 nempe
803 698 1030 764 interdictione
1046 715 1066 760 a
1089 693 1263 769 beneficiis,
1280 696 1320 761 ab

132 821 249 888 officiis
272 823 508 889 ecclesiasticis.
528 857 545 870 -
564 823 663 888 Bona
681 821 929 906 patrimonialia.
948 821 1102 886 universa
1125 819 1321 885 auferuntur

129 944 363 1028 publicatione
385 941 568 1030 (confisae),
592 943 645 1007 vel
669 942 777 1027 aliqua
801 961 843 1006 ex
867 947 959 1027 parte
984 962 1044 1026 per
1066 943 1221 1008 mulctas.

225 1069 278 1135 63.
304 1069 451 1135 Ecclesia
479 1089 499 1133 a
529 1069 695 1154 sanguinis
720 1063 874 1133 effusione
897 1065 1056 1132 abhorret
1079 1069 1112 1130 et
1135 1064 1270 1152 proinde
1298 1085 1317 1130 a

134 1193 248 1276 poenis
270 1192 455 1277 sanguina
479 1190 519 1255 ab
543 1190 616 1255 aliis
639 1188 862 1276 corporalibus
885 1209 950 1252 non
984 1193 1033 1254 est
1060 1189 1190 1252 omnino
1210 1189 1318 1252 aliena

133 1317 289 1383 adhibitis
301 1322 409 1382 tamen
425 1315 602 1414 mitioribus
617 1315 880 1401 castigationibus
903 1315 962 1380 sibi
988 1314 1147 1400 propriis;
1171 1318 1204 1378 et
1223 1333 1319 1399 prae·

134 1445 228 1505 terea
250 1440 290 1505 ab
314 1440 365 1504 bis
388 1439 528 1506 abstinet
550 1439 676 1524 quando
700 1439 842 1504 moribus
862 1437 1003 1504 fidelium
1021 1458 1084 1502 non
1102 1439 1166 1504 sint
1182 1457 1319 1503 consen-

134 1572 261 1637 taneae,
278 1565 385 1649 prouti
409 1561 445 1628 fit
466 1563 551 1649 apud
574 1563 707 1650 populos
731 1564 833 1648 magis
856 1563 1012 1629 excultos.
1033 1562 1194 1636 Quocirca
1219 1564 1319 1629 eccle·

133 1688 203 1752 siae
223 1705 349 1773 poenae
372 1689 546 1772 praecipue
562 1687 740 1752 consistunt
762 1687 795 1751 in
820 1685 1020 1771 ademptione
1036 1689 1092 1749 aut
1109 1684 1319 1750 diminutione

135 1815 188 1879 vel
210 1820 320 1880 status
342 1814 395 1878 vel
419 1813 581 1880 libertatis
605 1814 657 1878 vel
682 1813 858 1880 bonorum.

229 1943 360 2006 Revera
375 1939 506 2008 adhibet
521 1959 683 2006 censuras
699 1961 814 2024 nempe
831 1939 1237 2012 excommunicationem,
1261 1960 1318 2007 su-

132 2068 364 2150 spensionem,
395 2067 628 2140 interdictum,
657 2066 770 2150 quibus
795 2064 921 2132 fidelem
958 2066 1162 2151 baptizatum,
1186 2087 1316 2153 respec-

134 2194 200 2256 tive
224 2197 257 2255 et
279 2191 337 2257 sub
362 2191 497 2256 diversis
522 2189 731 2276 respectibus,
752 2191 870 2256 laicum
893 2191 946 2256 vel
971 2191 1136 2265 clericam,
1162 2197 1254 2258 arcet
1277 2194 1317 2259 ab

135 2335 195 2378 usu
215 2315 332 2377 iurium
345 2313 486 2377 omnium
497 2312 550 2378 vel
566 2313 797 2377 nonnullorum
813 2312 1044 2386 tantummodo,
1058 2333 1174 2398 nempe
1189 2318 1283 2379 arcet
1297 2335 1318 2378 a

133 2434 227 2499 bonis
249 2435 481 2499 communionis
504 2454 561 2500 seu
583 2439 685 2500 statas
710 2435 891 2505 christiani,
917 2439 973 2499 aut
998 2436 1233 2500 communionis
1259 2456 1317 2502 seu

133 2567 236 2628 status
248 2561 419 2633 clericalis,
434 2560 536 2626 donec
548 2567 739 2627 censuratus
758 2562 941 2645 resipuerit.
953 2597 970 2608 -
987 2561 1053 2624 Per
1065 2580 1198 2643 poenas
1210 2563 1317 2646 privat

134 2687 187 2752 vel
201 2686 367 2752 nonnullis
382 2686 478 2753 bonis
499 2705 559 2771 per
580 2687 727 2752 mulctas
732 2706 745 2769 ,·
761 2686 814 2750 vel
831 2686 985 2751 libertale
1001 2686 1108 2770 privat
1131 2705 1190 2770 per
1207 2705 1316 2750 carce·

132 2829 208 2875 rein
224 2811 334 2874 mitem
351 2815 383 2874 et
398 2811 625 2883 correctivum,
643 2810 690 2875 uti
708 2817 794 2875 esset
810 2809 1054 2883 monaste1·ium;
1071 2807 1316 2892 privatioribus

134 2939 242 3000 status
271 2933 434 2999 clericalis
464 2953 523 3019 per
549 2933 780 3016 privationem
811 2930 956 2998 beneficii
984 2938 1040 2998 aut
1062 2931 1239 3014 fructuum
1264 2931 1315 2995 vel

137 3073 194 3138 per
216 3054 471 3137 mancationem
495 3054 535 3119 ab
559 3054 680 3119 ordinis
712 3053 869 3118 exercitio
899 3054 951 3116 vel
987 3051 1084 3118 officii
1115 3052 1316 3117 administra·

136 3180 222 3246 tione
245 3179 287 3243 ad
310 3185 437 3246 certum
459 3184 594 3265 tempus.
620 3215 638 3228 ·
663 3179 735 3244 Hac
752 3181 836 3244 enim
856 3181 979 3244 ratione
999 3177 1121 3243 inflicta
1139 3176 1315 3261 suspensio

135 3324 200 3369 non
215 3309 265 3368 est
284 3325 430 3370 censura
445 3305 502 3370 sed
522 3324 625 3391 poena
637 3307 753 3390 quippe
766 3305 805 3368 ad
819 3311 944 3390 tempus
956 3304 1204 3369 determinatum
1220 3303 1315 3388 impo-

133 3431 205 3504 sita,
227 3430 404 3496 resolvitur
420 3431 509 3515 lapsu
524 3431 689 3515 temporis,
707 3447 771 3492 non
792 3428 1001 3495 absolutionc
1014 3435 1085 3512 post
1102 3428 1151 3492 rei
1169 3426 1316 3492 emenda-

134 3553 254 3618 tionem
262 3558 319 3618 aut
330 3554 593 3638 resipiscentiam,
610 3555 716 3638 prouti
730 3553 936 3637 expostulant
944 3571 1117 3617 censurae.
1131 3550 1314 3616 -Absolute

134 3678 242 3761 privat
260 3677 384 3742 iuribus
403 3683 510 3743 status
527 3677 687 3742 clericalis
704 3697 764 3760 per
780 3676 1023 3758 depositionem
1039 3681 1094 3740 aut
1110 3674 1317 3760 depratalio·

133 3821 223 3868 nem.
242 3837 259 3850 -
278 3801 461 3886 Aliquando
476 3806 648 3887 praeterea
664 3804 771 3887 privat
787 3801 923 3866 iuridica
940 3801 1118 3885 capacitate
1134 3800 1315 3882 aliquorum

134 3928 253 3992 iuriam
269 3933 385 4000 status.
403 3929 527 3994 scilicet
545 3948 605 4016 per
621 3928 877 4009 inhabilitatem,
895 3927 1187 4012 irregularitatem
1202 3944 1247 3991 ecc
1262 3925 1317 3990 de-

134 4056 223 4130 licto,
247 4061 279 4122 el
301 4055 485 4138 infamiam
504 4055 601 4121 iuris.
626 4058 762 4139 Inquam
779 4074 845 4138 per
869 4053 1161 4138 irregularitatem
1185 4071 1230 4116 nx
1254 4071 1315 4117 nn·

134 4199 233 4246 moro
246 4183 280 4245 et
293 4177 477 4261 infamiam
490 4197 591 4253 runis,
605 4197 680 4242 nam
697 4176 923 4261 irregularitas
936 4195 981 4240 cn·
996 4174 1130 4256 desecta
1146 4179 1195 4239 est
1210 4173 1314 4259 potius

133 4301 396 4387 impedimentum
418 4300 538 4385 absque
558 4301 683 4365 ratione
699 4317 831 4384 poenae,
849 4303 881 4362 et
896 4297 1045 4381 infamia
1061 4317 1159 4363 rucrr
1184 4315 1315 4381 proma·

136 4443 217 4490 nans
228 4426 422 4494 naturaliter
433 4443 477 4489 ex
489 4425 624 4488 crimine
637 4429 684 4489 est
691 4423 807 4506 potius
819 4422 1001 4509 indignitas
1013 4441 1107 4505 quam
1115 4417 1312 4485 inhabilitas.
