3306 5102
323 260 390 325 344
853 279 936 328 rans
961 281 982 326 1.

322 400 481 486 publicam
513 402 766 468 aestimationem
791 404 823 467 in
847 402 1059 487 reprobandis
1083 402 1285 477 criminibus;
1310 402 1394 468 alter
1416 402 1507 468 inri-

322 526 418 592 diens
441 525 481 590 ad
505 526 680 593 arcendum
704 527 856 592 infamem
881 548 901 591 a
923 527 1058 613 publicis
1080 526 1277 594 muneribus.

410 648 486 716 254.
504 650 639 722 Verum.
657 651 717 716 hac
730 654 876 736 praecise
889 651 929 717 de
942 653 1076 727 ratione,
1090 651 1267 716 hodiernae
1282 650 1372 735 leges
1383 651 1503 736 passim

322 784 482 864 respuunt
504 783 537 844 et
560 785 740 864 coarguunt
763 779 930 863 infamiae
950 799 1108 862 poenam,
1127 782 1216 864 quasi
1234 780 1377 846 inutilem
1397 785 1432 844 et
1455 781 1504 842 in-

321 903 451 969 civilem
472 905 546 987 quia
570 905 687 969 civium
711 905 853 989 opinioni
875 924 939 969 non
955 910 1087 989 possunt
1104 907 1222 988 imponi
1239 904 1363 988 legales
1380 905 1502 969 civium

321 1029 602 1113 reprehensiones.
629 1025 733 1094 Por'ro
758 1030 790 1093 in
821 1031 952 1096 civitate
975 1027 1141 1094 hodiernis
1171 1027 1296 1114 legibus
1327 1029 1503 1092 constituta

321 1152 374 1218 ubi
409 1152 536 1238 publica
573 1152 739 1217 hominnm
774 1154 879 1238 opinio
915 1152 995 1217 adeo
1030 1153 1197 1237 praevalet
1231 1157 1267 1218 ut
1300 1151 1500 1236 publicarum

322 1294 432 1339 rerum
455 1273 675 1341 moderatores
703 1276 939 1339 constituantur
963 1279 996 1339 et
1022 1272 1238 1339 destituantur
1261 1271 1302 1336 ab
1326 1274 1403 1358 ipsis
1427 1273 1502 1336 civi-

321 1400 389 1472 bus,
414 1419 493 1464 sane
516 1399 664 1482 infamia
686 1399 773 1466 iaris
795 1405 845 1465 est
868 1419 972 1485 poena
996 1397 1112 1464 effectu
1136 1419 1256 1473 vacua;
1281 1400 1399 1482 quippe
1422 1397 1501 1462 insa·

320 1525 404 1590 miae
427 1543 531 1610 poena
555 1543 669 1610 reapse
694 1544 758 1589 non
783 1524 922 1590 habetur
944 1526 970 1590 si
995 1524 1078 1609 qnod
1100 1523 1225 1610 legibus
1250 1521 1499 1607 reprehenditur

320 1648 462 1714 moribus
485 1669 550 1712 non
573 1669 674 1733 aeque
699 1648 911 1735 reprobatur;
934 1649 1106 1714 habebitur
1129 1647 1284 1732 quaedam
1316 1645 1498 1712 inhabilitas

319 1793 339 1838 a
360 1774 434 1859 lege
458 1775 640 1846 constituta,
657 1773 712 1838 sed
728 1773 870 1839 moribus
886 1773 1108 1838 condemnata.
1129 1771 1219 1840 Unde
1236 1792 1300 1835 non
1317 1770 1497 1857 probamus.

319 1898 359 1962 cl.
377 1899 542 1983 Gasparri,
559 1899 580 1962 l.
598 1918 625 1964 e.
638 1917 672 1962 n.
685 1897 769 1970 285,
783 1899 983 1982 aliorumque
1000 1899 1202 1970 sententiam,
1216 1899 1268 1981 qui
1285 1899 1317 1961 in
1336 1896 1497 1984 Galistrati

318 2020 503 2088 definitione
534 2024 703 2107 reperiunt
733 2024 894 2089 notionem
918 2022 1085 2105 infamiae
1112 2023 1198 2088 iaris
1221 2041 1283 2105 qna
1313 2019 1350 2088 fit
1380 2023 1497 2086 mentio

317 2123 568 2226 reprobationis
584 2145 706 2229 tapam,
732 2147 765 2207 et
780 2143 947 2226 infamiae
968 2143 1052 2226 facti
1075 2163 1136 2227 qua
1161 2141 1196 2209 fit
1218 2144 1337 2208 mentio
1362 2161 1495 2208 moram

312 2268 446 2350 populi.
465 2304 482 2316 -
502 2268 639 2332 Infamia
654 2270 722 2333 sive
736 2266 821 2349 facti
836 2269 904 2332 sive
920 2267 1008 2333 iniis
1027 2276 1197 2352 utrumque
1213 2268 1365 2351 exquirit,
1384 2287 1496 2352 nempe

318 2391 576 2477 reprobationem
592 2392 700 2477 legum
725 2398 758 2457 et
780 2413 915 2458 morum.
935 2393 1015 2458 Nam
1039 2393 1166 2477 quando
1191 2393 1239 2457 ius
1259 2392 1424 2457 infamiam
1448 2393 1495 2457 in-

316 2513 407 2601 fligit,
440 2536 476 2581 se
506 2517 667 2581 convertit
697 2514 738 2580 ad
768 2517 856 2582 cives
887 2519 920 2581 et
950 2515 1038 2580 iubet
1069 2514 1211 2580 moribus
1242 2513 1414 2600 reprobari
1445 2517 1495 2596 qui

316 2640 449 2705 infamia
468 2661 487 2704 a
504 2642 574 2707 iure
589 2648 761 2716 nutantum
787 2663 829 2705 ex
844 2640 982 2706 adverso
999 2642 1126 2724 quando
1145 2641 1280 2726 populns
1295 2659 1353 2705 seu
1369 2639 1493 2726 publiea

316 2765 510 2830 existimatio
526 2765 664 2848 aliquem
690 2765 734 2829 uti
758 2764 910 2829 infamem
928 2764 1117 2838 detestatur,
1135 2765 1236 2832 veluti
1257 2764 1440 2848 expostulat
1462 2771 1493 2828 ut

316 2887 462 2952 eumdem
486 2887 575 2972 leges
598 2888 740 2974 plectant
763 2908 820 2952 sua
836 2887 1073 2972 reprobatione,
1092 2892 1297 2952 removentes
1320 2905 1340 2952 a
1363 2887 1492 2971 publicis

315 3013 519 3088 muneribus;
545 3014 628 3079 unde
644 3016 713 3100 ipsa
729 3014 877 3097 infamia
891 3014 976 3097 facti
992 3015 1168 3080 secumfert
1184 3011 1318 3080 effectus
1334 3013 1491 3079 iuridicos.

405 3137 619 3202 Nihilominus
634 3136 801 3202 dumtaxat
823 3138 971 3220 infamia
994 3139 1080 3204 iaris
1103 3143 1153 3204 est
1167 3157 1247 3203 vera
1271 3138 1492 3223 irregularitas

316 3262 388 3344 quia
406 3263 590 3328 continetur
606 3262 738 3327 decretu
754 3261 835 3348 legis
859 3263 898 3328 de
922 3283 957 3327 se
980 3267 1146 3346 perpetuu,
1163 3262 1316 3346 quodque
1331 3263 1492 3347 dispensa-

315 3387 403 3450 tione
419 3393 541 3451 tantum
558 3387 716 3460 aufertur,
730 3387 803 3452 dum
817 3387 965 3469 infamia
980 3385 1064 3468 faeti
1079 3387 1229 3452 naturale
1245 3393 1389 3472 praestat
1403 3389 1491 3472 impe·

315 3508 490 3576 dimentum
514 3511 598 3595 quod
622 3511 758 3596 simplici
783 3505 910 3576 delelnr
932 3513 1140 3596 poenitentia.

405 3633 528 3700 Verum
545 3637 721 3700 auctoritas
738 3635 957 3700 ecelesiastica
973 3635 1125 3702 divinitus
1149 3636 1276 3716 collata,
1294 3655 1359 3701 non
1381 3636 1489 3700 huma·

314 3758 399 3822 nitus
414 3759 598 3839 constituta,
611 3759 700 3824 cuius
716 3763 765 3823 est
780 3777 891 3822 omnes
907 3757 1054 3822 homines
1066 3757 1184 3823 docere
1196 3758 1306 3822 diuina
1321 3763 1489 3842 praecepta

314 3887 346 3943 et
369 3900 424 3944 eos
451 3899 631 3966 coarguere
655 3883 707 3966 qui
732 3881 968 3954 contradicunt,
994 3881 1103 3947 sedulo
1126 3881 1290 3968 vigilando
1319 3901 1362 3946 ne
1388 3899 1487 3945 mores

314 4199 347 4235 en
361 4183 434 4234 droit
446 4187 580 4249 romaine,
595 4183 683 4248 Paris,
700 4183 780 4248 taam
797 4183 931 4248 Pacheco,
947 4183 985 4236 El
998 4187 1095 4253 oedipo
1107 4183 1194 4254 penol
1207 4186 1407 4250 commanendo,
1421 4201 1444 4235 a.
1457 4181 1484 4242 1,·

313 4285 484 4352 Bonnaville‚
498 4287 736 4343 L'Ame'liorution
754 4290 790 4344 de
810 4290 839 4342 ia
853 4289 892 4342 loi
904 4290 1073 4355 criminalia,
1087 4289 1175 4354 Paris,
1192 4289 1274 4354 1855;
1294 4275 1483 4352 blitterma'ien

316 4393 399 4450 Delie
415 4411 489 4464 pene
507 4395 665 4466 infumanti.
