3312 5108
323 289 367 354 60
846 309 930 356 raas
954 307 976 354 r.

320 451 457 518 poenam
473 433 573 498 infert
589 435 622 496 iu
639 451 710 496 eum
728 431 949 496 tantummodo
961 432 1013 515 qui
1027 432 1132 516 legem
1149 431 1273 497 habens
1288 439 1502 519 perspectam,

320 556 527 622 nihilomiuus
551 575 621 620 eam
645 561 854 622 contemnens
877 557 1001 622 violare
1017 556 1122 621 audet.
1142 557 1298 622 Nimirum
1321 557 1503 623 hulusmodi

320 679 376 745 lex
398 699 463 744 non
487 683 577 764 punit
600 681 777 765 simplicem
804 681 1020 754 violationem,
1052 681 1108 747 sed
1139 701 1210 748 eam
1243 703 1325 766 quae
1356 683 1504 768 perfecta

321 809 370 868 est
385 824 458 868 cum
474 804 570 889 plena
592 805 673 890 legis
697 806 888 890 cognitione.
907 841 924 854 -
943 805 1132 871 Huiusmodi
1157 808 1339 892 ignorantia
1355 809 1505 893 gnaviter

321 927 489 1012 culpabilis
512 949 532 993 a
556 929 723 994 Bonitacio
747 929 827 994 VIII
853 930 1015 1016 appellata
1039 929 1099 995 fuit
1126 950 1244 996 crassa
1266 937 1299 997 et
1318 931 1444 1014 supina
1468 934 1504 996 In

321 1071 395 1136 cap.
419 1053 454 1117 2.
481 1089 499 1102 -
523 1055 573 1118 De
600 1055 719 1128 Cenat,
745 1055 778 1118 X
801 1055 841 1139 (I.
866 1054 899 1137 2)
923 1054 1070 1120 edicente
1093 1055 1179 1120 hauc
1199 1076 1263 1120 non
1287 1075 1446 1121 excusare
1470 1058 1503 1120 iu

321 1195 443 1260 genere
467 1197 486 1240 a
509 1179 621 1262 poenIs
644 1176 827 1242 subeundis,

411 1303 562 1378 Quaestio
586 1309 636 1368 est
658 1304 744 1369 inter
768 1305 923 1369 Doctores
947 1325 988 1368 au
1013 1309 1148 1370 excuset
1177 1306 1274 1369 etiarn
1304 1304 1503 1390 ignorantia

320 1427 401 1511 Iegis
424 1429 580 1510 affectata
603 1447 659 1493 seu
684 1435 815 1493 causata
838 1428 878 1492 ab
903 1449 941 1493 eo
965 1431 1019 1512 qui
1043 1449 1107 1492 non
1132 1429 1202 1493 vult
1227 1428 1331 1512 legem
1356 1430 1444 1492 scire
1468 1433 1503 1493 ut

242 1575 247 1586 ·
321 1551 402 1614 bene
425 1557 512 1636 agat.
526 1588 543 1599 -
559 1553 599 1619 Ut
620 1557 712 1617 certa
735 1553 774 1617 ab
791 1555 925 1618 incertis
941 1570 1156 1624 secernamus,
1173 1552 1293 1635 absque
1309 1551 1404 1617 dubio
1420 1551 1504 1616 haec

320 1675 505 1760 ignorantia
528 1695 592 1740 non
616 1673 813 1762 suffragatur
843 1697 939 1760 quum
965 1695 1069 1762 poena
1091 1676 1157 1742 lata
1180 1682 1230 1740 est
1253 1677 1285 1740 iu
1310 1681 1443 1750 temere,
1468 1678 1501 1739 in

320 1819 408 1864 cusa
417 1800 598 1868 temerario
611 1807 755 1886 agentes.
766 1801 828 1868 Sed
837 1803 1015 1886 quaeritur,
1025 1821 1066 1866 au
1080 1801 1161 1865 haec
1170 1797 1502 1884 suffrageturquando

321 1943 425 2008 poena
446 1924 512 1988 lata
536 1930 585 1990 est
608 1927 641 1990 in
665 1925 817 2001 scienter,
843 1927 874 1990 in
895 1927 1046 1993 consulto
1062 1925 1168 2010 Iegem
1186 1924 1351 1990 violantes.
1370 1923 1501 1997 Suarez,

321 2049 342 2112 I.
367 2069 394 2116 c.
418 2070 452 2114 o.
478 2049 509 2113 6.
535 2067 607 2114 cum
631 2051 744 2136 plesse
767 2058 800 2116 et
822 2051 893 2115 aliis
916 2056 1059 2116 autumat
1077 2051 1292 2135 ignorantiam
1308 2051 1502 2133 affectatam

321 2173 450 2236 minime
466 2191 625 2238 excusare
641 2174 716 2256 quia
731 2175 890 2240 scientiae
906 2175 942 2238 ia
968 2175 1043 2239 ture
1060 2173 1322 2258 aequiparatur,
1348 2177 1380 2237 et
1403 2171 1501 2244 addit,

321 2298 414 2361 istam
428 2299 529 2382 magis
542 2317 663 2384 augere
676 2299 802 2383 culpam
816 2319 910 2391 quarn
928 2299 1082 2372 minuere,
1093 2318 1165 2364 oum
1174 2295 1318 2364 includat
1326 2297 1502 2363 scientiam

320 2423 439 2488 saltem
452 2423 598 2503 periculi
615 2429 645 2488 et
661 2422 887 2490 dubitationis.
904 2459 922 2472 ·
936 2427 980 2488 nt
993 2421 1192 2489 D'Annibale
1208 2420 1249 2508 (I.
1262 2421 1341 2495 312,
1356 2429 1424 2488 aot.
1440 2422 1502 2509 72)

320 2548 480 2631 opinatur,
505 2549 609 2612 citans
623 2545 808 2612 Lehmlrulrl
824 2545 885 2632 (II.
903 2547 987 2634 886)
1003 2553 1080 2612 tunc
1103 2567 1262 2612 excusare
1285 2547 1503 2631 ignorantiam

320 2672 524 2753 affectatam,
550 2672 625 2755 quia
647 2673 829 2756 ignorantia
853 2672 912 2736 etsi
932 2673 1088 2756 affectata
1103 2690 1265 2754 nunquam
1282 2676 1332 2735 est
1347 2671 1502 2735 sciendae

320 2795 568 2880 aequiparanda,
594 2801 626 2860 et
649 2795 797 2868 advertit,
829 2797 933 2860 minus
960 2802 1170 2861 contemnere
1198 2795 1304 2881 legem
1335 2797 1388 2879 qui
1415 2795 1503 2860 hanc

320 2923 473 3007 ignorare
500 2926 645 2994 conatur,
669 2941 711 2985 ne
735 2923 838 2986 sciens
862 2921 1004 3006 prudens
1028 2921 1172 2986 eamdem
1189 2920 1288 2985 violet
1319 2925 1351 2984 et
1374 2918 1502 2984 conclu-

320 3045 380 3111 dit:
406 3047 600 3112 «Existimo
624 3065 703 3130 ergo
727 3046 813 3110 hanc
836 3047 1027 3110 sententiam
1052 3046 1128 3129 quta
1149 3065 1320 3110 versamur
1335 3045 1368 3108 in
1384 3043 1502 3108 odiosis

320 3171 491 3236 tenendam
516 3191 595 3245 esse,
620 3173 680 3236 nisi
704 3170 790 3236 forte
813 3191 954 3237 canones
978 3191 1132 3256 expresse
1157 3175 1330 3236 coerceant
1346 3189 1427 3240 eum,
1446 3172 1501 3254 qui

320 3295 475 3379 delinquit
505 3297 648 3361 scienter
678 3315 734 3360 seu
766 3298 922 3379 affectato
950 3296 1170 3380 Ipaoraatia5
1198 3301 1233 3360 ut
1262 3296 1295 3359 in
1328 3316 1355 3360 e.
1382 3293 1417 3358 2.
1450 3293 1502 3360 De

321 3429 421 3504 recep.
446 3422 568 3494 ordia,
593 3440 675 3504 quae
698 3422 850 3504 exceptio
873 3423 988 3506 firvnat
1010 3423 1168 3506 reputem
1184 3423 1221 3486 ia
1237 3421 1451 3488 contrarium
1468 3421 1499 3486 a.

321 3543 403 3609 Puto
427 3542 502 3607 huic
525 3544 703 3608 sententiae
727 3541 945 3608 adserendum
965 3561 1115 3608 essenon
1132 3541 1500 3625 tantumexprt'neipio

319 3665 459 3748 refleao,
474 3664 530 3729 sed
546 3667 640 3729 etiam
654 3685 696 3729 ex
711 3665 833 3731 iata‘ma
849 3666 991 3732 ratione.
1005 3665 1130 3731 Verum
1145 3685 1185 3730 ne
1198 3663 1253 3730 liat
1265 3667 1500 3749 aequivocatio

320 3797 447 3877 oportet
473 3791 573 3876 probe
595 3791 760 3876 explicare
783 3797 972 3876 conceptum
996 3791 1200 3876 ignorantiae
1218 3793 1404 3876 affectatae,
1425 3809 1502 3874 qua·

319 3924 414 3983 tenus
432 3917 638 4002 dIstinguItur
656 3936 675 3980 a
691 3935 808 3983 masso
821 3921 853 3980 et
868 3916 1004 3999 sapiae.
1023 3951 1040 3964 ·
1059 3915 1247 4002 Ignorantia
1267 3935 1386 3982 crosso
1399 3919 1433 3981 et
1447 3933 1502 3982 su·

316 4039 413 4122 pina,
425 4041 513 4103 iuxta
526 4037 696 4102 nonnullos
706 4038 860 4102 Doctores
873 4057 951 4121 quos
965 4038 1043 4102 citat
1054 4041 1086 4101 et
1098 4037 1242 4120 sequItur
1251 4037 1344 4122 Gury
1353 4033 1409 4120 (ΙΙ.
1420 4033 1501 4122 939)

322 4169 370 4228 est
386 4184 530 4248 quaeque
544 4165 725 4249 ignorantia
735 4163 888 4250 praviter
900 4161 1092 4243 culpabilis;
1105 4161 1160 4225 sed
1173 4164 1264 4226 iuxta
1275 4163 1365 4234 alios,
1381 4159 1501 4226 Lehm-

322 4285 401 4351 kulrl
419 4291 451 4350 et
467 4287 649 4351 canonistas
661 4285 701 4351 ab
719 4305 756 4350 eo
770 4288 894 4365 altatus,
908 4305 947 4348 ea
959 4283 1108 4348 habenda
1121 4288 1169 4348 est
1182 4283 1365 4368 ignorantia
1381 4299 1502 4348 massa

321 4415 354 4472 et
376 4407 502 4489 supina
526 4427 608 4490 quae
632 4427 676 4473 eo:
700 4407 905 4494 aeplt'peatiu
927 4405 1139 4471 vehementer
1154 4405 1247 4490 gravi
1268 4406 1390 4486 oritur,
1414 4402 1504 4469 unde
