3306 5102
316 293 385 360 332
837 307 927 356 raas
951 309 974 356 1.

316 430 437 497 iactum
453 429 687 517 illegitimitatis
702 431 858 497 natalium
881 435 914 498 et
930 430 1009 520 111116
1025 430 1265 517 irregularitas:
1290 428 1331 494 61.
1349 425 1499 494 D'llnni·

317 554 401 638 bale,
428 555 455 636 1,
478 555 588 622 ease.

403 677 480 744 237.
505 679 533 744 E
556 684 671 745 contra
693 679 832 746 habetur
854 681 926 764 quis
948 681 995 746 uti
1018 680 1204 766 illegitimus
1227 684 1261 746 et
1279 677 1358 745 hinc
1373 681 1502 765 irregu-

315 801 395 868 laris
416 823 474 870 seu
497 803 621 884 melius,
638 802 913 890 irregularitatem
934 804 1064 890 patitur,
1080 804 1139 869 etsi
1163 803 1355 889 irregularis
1378 821 1501 868 revera

315 933 384 992 non
400 929 449 1002 sit,
468 927 523 993 ille
546 929 599 1012 qui
622 933 717 994 natus
740 933 854 995 estex
877 928 1064 1015 parentibus
1080 925 1223 1014 legitime
1239 927 1337 992 unitis
1361 947 1501 1013 quomam

278 1118 283 1134 ,
314 1055 423 1118 tamen
446 1053 522 1118 unio
545 1052 673 1139 publico
696 1051 889 1120 documento
920 1051 1157 1120 condemnatur
1184 1050 1264 1118 adeo
1288 1057 1323 1119 ut
1345 1056 1501 1138 parentes

316 1176 369 1242 vel
399 1182 595 1244 censeantur
625 1178 730 1261 soluti,
744 1179 807 1244 1161
840 1197 905 1244 non
935 1178 1080 1264 legitimo
1110 1179 1197 1243 inter
1219 1197 1255 1243 ss
1278 1175 1419 1263 copulati
1444 1197 1502 1242 co-

316 1302 435 1388 niugio.
453 1304 534 1367 ltem
550 1302 713 1368 habentur
727 1302 889 1388 illegitimi
903 1303 956 1386 qui
973 1307 1151 1368 nascuntur
1167 1301 1391 1388 6166611696
1409 1302 1502 1368 coitu

317 1445 375 1492 seu
397 1444 418 1489 a
440 1424 626 1511 parentibus
650 1425 779 1491 aliunde
803 1426 946 1512 legitime
970 1425 1127 1511 copulatis
1150 1426 1206 1492 sed
1229 1431 1407 1512 postquam,
1431 1443 1504 1489 ser-

317 1551 400 1636 ratis
435 1550 514 1616 iuris
548 1551 884 1636 praescriptionibus„
906 1549 959 1616 vel
989 1570 1072 1617 unus
1103 1552 1155 1616 vel
1190 1558 1328 1636 uterque
1361 1569 1503 1636 parens,

233 1654 238 1666 ⁸
317 1675 520 1739 matrimonio
555 1679 664 1740 tamen
699 1674 762 1738 iam
797 1678 1037 1746 consummato,
1070 1674 1274 1760 Religionem
1308 1694 1382 1740 cum
1415 1674 1505 1738 votis

318 1799 513 1865 solemnibus
543 1801 582 1865 sit
610 1800 777 1886 ingressus
807 1805 864 1867 aut
894 1801 1028 1867 maritus
1058 1803 1090 1867 in
1118 1799 1267 1868 Ecclesia
1300 1801 1506 1869 occidentali

318 1925 427 1990 sacris
443 1924 620 1991 ordinibus
644 1925 685 1990 sit
708 1925 866 2000 initiatus;
891 1944 977 1992 6116.
995 1925 1067 2000 61,
1092 1946 1125 1991 a.
1143 1925 1185 1990 14
1210 1945 1228 1989 ‹
1245 1925 1295 1992 De
1310 1926 1389 2011 filiis
1407 1945 1506 2009 pres

320 2049 516 2136 bpteroram
542 2069 612 2116 ooo
638 2049 883 2116 ordinandis»
909 2050 944 2114 X
963 2053 1005 2134 (Ι,
1034 2049 1088 2134 17)
1111 2056 1143 2117 61
1166 2052 1197 2125 6,
1222 2051 1273 2118 De
1303 2051 1413 2118 oreae.
1446 2071 1504 2119 co·

319 2172 414 2258 oiaq.
429 2172 465 2236 Χ
486 2168 559 2257 (111,
581 2169 624 2260 3).
650 2169 702 2238 Of.
728 2171 1049 2261 Schmalzgrueberg‚
1068 2172 1129 2248 IV,
1157 2173 1221 2246 Qui
1241 2173 1305 2260 filii
1326 2175 1396 2240 sint
1420 2175 1505 2262 tegi·

323 2297 405 2373 rimi,
429 2317 464 2361 o.
489 2295 547 2363 35.

410 2421 486 2486 238.
511 2419 572 2486 Sed
589 2420 663 2506 quid
679 2423 759 2486 iuris
782 2423 824 2487 de
839 2417 1025 2506 ceperitis?
1042 2423 1127 2497 Quia
1142 2422 1231 2489 iacta
1250 2429 1507 2509 praesumuntur

321 2550 412 2611 recte
434 2545 520 2610 sacta
536 2544 638 2610 donec
655 2547 854 2611 contrarium
871 2550 1006 2620 constet,
1023 2547 1158 2630 quisque
1173 2551 1269 2612 natus
1284 2549 1507 2633 praesumitur

319 2671 461 2756 legitime
485 2674 578 2734 natus
605 2669 709 2735 donec
740 2671 941 2735 contrarium
972 2669 1142 2756 probetur.
1168 2670 1327 2736 Nimirum
1358 2673 1506 2756 quaestio

183 2881 186 2888 Δ
320 2798 369 2859 est
391 2798 513 2860 tantum
537 2792 577 2858 de
599 2793 774 2876 expositis,
798 2813 878 2878 quos
903 2795 1069 2878 legitimos
1092 2814 1163 2860 esse
1180 2793 1311 2860 indubie
1334 2815 1400 2860 non
1425 2815 1507 2862 6611-

320 2923 393 2984 stat.
419 2919 491 2984 Hac
513 2918 552 2983 de
576 2939 674 2984 causa
696 2938 793 3002 quum
815 2919 909 2985 adest
936 2920 1026 2985 circa
1058 2920 1234 3002 expositos·
1259 2919 1369 3004 aliqua
1399 2919 1506 3008 illegi-

318 3041 869 3129 1161116116611661616111111611161116
894 3050 926 3110 et
950 3043 1080 3110 dubium
1098 3045 1224 3111 tollitur
1247 3064 1307 3131 per
1329 3049 1506 3129 parentum

321 3169 540 3236 confessiones
564 3169 690 3254 aliaque
713 3169 893 3234 huiusmodi
920 3171 1113 3258 testimonia.
1133 3171 1291 3238 -Tamen
1319 3172 1434 3258 praxis
1458 3177 1508 3238 est

214 3322 218 3338 ·
323 3297 396 3362 heic
418 3299 452 3360 in
478 3295 563 3362 Urbe
587 3299 619 3360 et
642 3297 675 3358 in
699 3313 900 3378 quacumque
916 3295 998 3360 bene
1015 3294 1164 3360 ordinata
1180 3295 1331 3378 dioecesi,
1351 3302 1389 3362 ut
1411 3317 1508 3362 nemo

323 3421 509 3487 admittatur
532 3419 571 3485 ad
595 3420 725 3485 ordines
748 3422 818 3486 sine
833 3420 1099 3486 testimonialibus
1123 3421 1163 3487 de
1186 3422 1389 3508 legitimitate
1414 3387 1517 3488 natas

323 3547 399 3611 lium
424 3551 457 3610 et
480 3543 618 3629 expositi
640 3543 693 3609 vel
718 3541 920 3628 repellantur
943 3545 996 3609 vel
1019 3545 1067 3611 ad
1089 3546 1259 3611 6661616111
1286 3567 1360 3611 curn
1384 3543 1507 3611 eisdem

323 3667 535 3752 dispensetur,
560 3667 604 3730 uti
629 3665 748 3732 factum
772 3665 834 3732 fuit
855 3685 875 3730 a
899 3666 929 3732 S.
956 3666 990 3732 G.
1015 3667 1048 3733 G.
1073 3669 1105 3730 in
1129 3666 1342 3744 Sulmonensi,
1366 3669 1420 3734 22
1445 3667 1507 3736 ne-

324 3792 456 3858 bracrii
479 3791 578 3856 1710.
604 3789 648 3857 Et
674 3791 737 3856 hoc
767 3792 935 3857 conforme
967 3797 1017 3856 est
1046 3793 1205 3878 principio
1236 3793 1300 3857 iarn
1332 3792 1506 3880 explicato,

323 3935 438 4000 nempe
461 3915 561 3980 satius
584 3933 655 3980 esse
679 3935 751 3980 cum
776 3913 962 3980 ordinandis
985 3913 1086 3980 dubie
1110 3914 1296 4002 illegitimis
1318 3913 1508 4003 dispensare

324 4039 564 4112 attractatam,
582 4035 636 4124 (61.
654 4056 752 4122 supra
768 4057 800 4101 n.
813 4036 901 4124 201).
917 4071 935 4086 -
951 4037 1100 4104 Ordinati
1117 4039 1178 4103 etsi
1192 4039 1322 4124 aliquod
1338 4041 1507 4106 exoriatur

326 4159 454 4224 dubium
479 4161 604 4224 intuta
628 4179 705 4224 suae
727 4159 886 4225 libertatis
908 4161 1111 4246 possessione
1135 4163 1262 4226 versari
1285 4167 1438 4248 possunt;
1465 4161 1505 4226 cf.

327 4283 426 4357 Santi,
452 4285 483 4348 11.
508 4289 529 4350 1.
553 4305 588 4349 o.
614 4284 645 4349 4.
672 4283 763 4358 Quod
786 4285 813 4350 si
837 4283 1065 4370 irregularitas
1088 4284 1259 4372 detegatur
1281 4291 1355 4372 post
1377 4285 1505 4352 ordines

325 4411 506 4492 susceptos,
538 4407 621 4500 haec
652 4406 803 4492 prohibet
837 4406 1023 4472 eorumdem
1058 4407 1262 4473 exercitium.
1295 4405 1344 4476 Gi.
1377 4409 1502 4490 Suara,
