3306 5102
537 377 579 424 nn
605 375 756 421 cauieris
781 376 822 422 ur
847 375 965 422 eonius
1258 353 1320 419 291

148 503 419 588 irregularitates,
437 501 586 568 inductae
609 506 685 569 sunt
706 501 874 565 dumtaxat
888 498 927 563 ob
944 499 1100 563 honorem
1122 498 1201 562 eccl.
1223 503 1325 562 status

148 631 224 712 quin
242 629 337 713 culpa
352 627 452 694 subsit
475 628 666 714 irregularis
682 627 830 700 hominis
854 625 909 691 sed
926 643 1008 708 quae
1024 643 1069 690 em
1084 623 1203 689 delicto
1219 623 1325 687 oriun-

147 759 220 828 tur,
244 752 363 838 absque
386 753 500 818 morali
523 753 733 838 imputatione
755 753 999 837 proportionale
1022 751 1132 835 gravi,
1155 768 1221 812 non
1248 767 1323 812 con-

148 878 333 942 trabuntur.
359 879 593 963 Argumentum
610 897 689 943 vero
706 897 768 961 quo
786 876 933 941 innititur
949 874 1110 940 sententia
1125 872 1241 936 horum
1259 872 1322 935 llll.

147 1011 198 1070 est
214 1025 296 1090 pene
311 1004 533 1091 apodicticum,
550 1005 635 1088 quod
650 1006 695 1070 ita
712 1002 815 1068 refert
830 1003 960 1070 Suarez,
974 999 1078 1072 XLV,
1093 999 1127 1071 5,
1141 999 1181 1064 8.·
1199 997 1324 1064 «Haec

146 1129 387 1216 irregularitas
417 1130 606 1214 imponitur
633 1135 779 1213 propter
809 1129 964 1211 culpom3
994 1131 1042 1193 est
1071 1131 1185 1194 autem
1212 1143 1324 1210 poena

145 1254 373 1340 pravissimam
396 1273 476 1341 erpo
500 1273 571 1320 aon
593 1259 640 1320 est
663 1253 845 1319 verisimile
867 1252 999 1334 imponi
1017 1255 1163 1333 propter
1186 1250 1322 1331 culpem

147 1384 280 1444 tantum
291 1378 457 1445 venialem
469 1398 501 1441 ».
518 1377 618 1459 Alias,
635 1379 680 1444 uti
698 1381 788 1442 notat
803 1376 980 1459 Schmalzg.
999 1376 1020 1440 l.
1034 1393 1072 1448 c..
1089 1393 1193 1459 poena
1209 1372 1322 1457 culpae

145 1505 340 1590 gravitatem
364 1504 547 1568 excederet.

238 1629 387 1696 Dicebam
418 1630 504 1696 hanc
535 1631 751 1714 quaestionem
782 1647 924 1714 prooem
951 1634 983 1693 et
1009 1629 1195 1714 crepantem
1220 1626 1321 1691 resol-

144 1750 283 1815 vendam
300 1771 370 1816 esse
386 1753 461 1836 quia
476 1770 518 1815 ex
534 1770 598 1815 una
613 1755 705 1836 parte
721 1771 835 1816 verum
858 1751 1005 1833 estquod
1022 1751 1138 1814 asserit
1154 1748 1320 1832 Gasperri,

145 1885 179 1941 et
203 1876 297 1942 docet
319 1879 387 1963 ipse
410 1878 539 1950 Suarez,
556 1878 617 1942 XL
627 1879 662 1950 V,
687 1878 720 1952 5,
738 1877 770 1959 8,
795 1897 836 1942 ex
861 1877 955 1961 culpa
980 1876 1161 1964 theologice
1184 1875 1248 1939 levi
1271 1877 1319 1940 iu-

145 2003 234 2067 curri
261 2003 534 2088 irregularitatem
558 2023 599 2068 ex
623 2002 795 2068 homicidio
819 2023 934 2088 nempe
955 2004 1091 2085 culposo
1108 2021 1164 2066 seu
1182 2019 1318 2066 cusnani

144 2128 192 2193 uti
207 2128 350 2211 loquitur
367 2127 498 2192 rubrica
521 2127 608 2194 tituli
624 2128 677 2209 12,
695 2127 748 2193 lib.
772 2128 805 2200 V,
822 2129 863 2199 Χ,
880 2126 936 2192 sed
953 2145 994 2191 ex
1011 2127 1075 2190 alia
1090 2134 1183 2212 parte
1207 2145 1319 2190 verum

144 2259 193 2317 est
216 2254 408 2338 principium
431 2255 584 2340 generale
608 2255 822 2319 communiter
838 2255 1042 2318 enunciatum
1066 2272 1086 2315 a
1110 2252 1184 2324 Dll„
1204 2271 1319 2336 nempe

143 2378 269 2442 incurri
301 2378 575 2463 irregularitatem
599 2397 644 2443 eor
667 2379 785 2445 delicto
818 2384 950 2466 propter
980 2379 1105 2462 culpam
1138 2377 1319 2465 theologice

20 2507 28 2520 ”
141 2521 276 2588 gravem
308 2521 365 2568 seu
395 2503 511 2567 dolum.
538 2539 580 2552 -
606 2504 762 2577 lamnam,
787 2505 820 2566 ui
845 2523 904 2588 ego
933 2502 1040 2584 fallor,
1065 2523 1162 2567 unum
1194 2506 1318 2570 tantum

140 2629 282 2713 suppetit
304 2629 535 2695 conciliationis
558 2629 697 2694 medium
720 2631 807 2695 inter
830 2627 891 2694 duo
915 2635 1071 2694 extrema.
1094 2629 1221 2694 Etenim
1246 2649 1317 2694 cum

141 2755 310 2819 recenseri
327 2774 390 2818 non
408 2756 506 2838 possit
521 2756 747 2841 irregularitas
770 2775 811 2819 ex
835 2754 1006 2819 homicidio
1023 2756 1159 2836 culposo
1183 2776 1239 2821 seu
1263 2775 1316 2822 co·

139 2879 231 2944 sueti
254 2879 340 2945 inter
362 2879 622 2964 irregularitates
644 2900 689 2946 em
712 2879 845 2963 defectu
866 2881 1102 2964 provenientes.
1120 2884 1194 2964 quia
1209 2886 1317 2947 textus

139 3002 223 3087 legis
246 3001 420 3085 loquuntur
443 3001 482 3068 de
506 3002 608 3087 culpo
630 3023 688 3069 seu
712 3003 751 3069 de
775 3005 945 3070 omissione
973 3003 1098 3070 debitae
1121 3005 1315 3090 diligentiae.

140 3133 290 3209 superest
304 3131 339 3191 ut
355 3146 460 3193 causo
471 3128 637 3210 promime
653 3127 833 3194 huiusmodi
854 3128 1103 3213 irregularitatis
1126 3131 1317 3212 exquiratur

141 3251 175 3313 in
198 3249 335 3333 quadam
360 3271 457 3316 causa
480 3253 594 3318 media
618 3255 702 3318 inter
726 3273 841 3339 purum
865 3253 1034 3334 delictam,
1060 3259 1091 3318 et
1116 3275 1239 3318 merum
1264 3255 1316 3320 de·

139 3375 276 3458 sectum.
303 3377 393 3442 llaec
417 3398 513 3443 causa
536 3379 663 3444 videtur
687 3399 758 3444 esse
781 3379 1056 3463 quusi-delictum
1080 3379 1163 3464 qnod
1187 3381 1219 3442 in
1243 3380 1315 3444 loro

140 3501 275 3568 turmo
292 3503 337 3567 uti
353 3504 432 3568 scite
452 3503 591 3570 advertit
608 3503 806 3570 D’Annibale
829 3505 867 3590 (Ι,
885 3504 1024 3592 297)(1)
1040 3508 1098 3571 rix
1115 3507 1314 3591 intelligitur,

140 3625 197 3690 sed
221 3627 387 3693 dumtaxat
410 3631 443 3693 in
466 3629 538 3694 foro
555 3636 695 3697 eetermo
719 3632 752 3695 in
776 3651 838 3715 quo
854 3630 941 3695 facta
957 3651 1038 3715 quae
1054 3631 1126 3696 aliis
1142 3639 1259 3696 nocent
1283 3638 1315 3696 et

140 3753 287 3836 graviter
303 3751 494 3820 deordinant
517 3754 676 3840 publicam
700 3755 963 3840 tranquillitatem
988 3763 1235 3842 compescuntur
1257 3759 1312 3822 ali·

139 3895 203 3958 quo
227 3875 368 3942 remedio
389 3879 515 3963 poenali
539 3881 683 3963 quamvis
707 3883 766 3945 ista
789 3881 891 3964 posita
915 3882 978 3946 sint
1002 3901 1065 3946 non
1089 3902 1131 3946 ex
1154 3884 1315 3966 proposito

227 4087 269 4157 (l)
289 4087 364 4144 Haec
383 4095 448 4143 eunt
467 4092 551 4145 verba
570 4091 748 4170 D’Annibala
770 4094 788 4145 l.
809 4112 830 4147 c.
850 4093 976 4164 «ltaque
997 4093 1085 4164 isqui
1108 4113 1174 4149 casu
1198 4095 1317 4167 deliquit

139 4195 268 4250 innoxius
286 4202 343 4262 θεῖς
362 4197 409 4267 qui
423 4198 488 4251 dolo
502 4198 592 4254 sciens
605 4199 732 4268 prudens,
747 4217 823 4266 reusq
842 4199 889 4270 qui
903 4201 987 4271 culpa
1003 4201 1032 4254 iu
1044 4202 1105 4256 foro
1117 4203 1227 4273 quidem
1242 4214 1316 4258 eate-

138 4303 212 4358 riori
229 4304 289 4374 (seu
303 4305 379 4359 civili
392 4323 440 4359 seu
454 4306 597 4376 carronico)
612 4307 788 4379 aliquatenus
801 4327 864 4364 reus
877 4307 1004 4374 hebetur,
1019 4310 1042 4363 si
1057 4310 1140 4381 culpa
1150 4312 1235 4366 fuerit
1248 4312 1315 4379 lata,

137 4410 197 4466 sive
216 4411 283 4481 quia
300 4411 329 4464 in
347 4411 404 4466 doli
422 4413 606 4482 suspicionem
626 4415 724 4469 incidit
741 4432 790 4470 seu
809 4417 900 4486 potius
923 4419 988 4488 quia
1012 4419 1083 4472 mali
1106 4421 1231 4492 exempli
1248 4438 1315 4474 reus

137 4529 194 4587 est3
212 4519 242 4572 in
260 4521 390 4574 interiori
407 4535 461 4574 non
480 4520 548 4576 item
567 4523 631 4593 quia
650 4523 733 4592 culpa
752 4526 841 4594 irmpis
861 4529 888 4578 ia
907 4543 1002 4580 casum
1021 4529 1157 4582 recidit».
