3312 5108
589 341 632 388 na
657 339 812 388 osrncrrs
837 339 879 386 er
902 337 1022 386 rosum
1369 319 1390 382 7

212 467 338 532 rituale
360 469 394 532 in
417 469 651 532 assecutionem
674 463 747 532 finis
769 466 904 530 aeterni.
939 461 1156 539 Quamobrem
1180 467 1320 548 potestas
1345 466 1392 530 ci·

214 593 288 658 vilis
307 594 512 678 persequitur
528 594 664 658 crimina
687 591 809 657 ordinis
824 597 857 657 et
872 591 987 677 quietis
1010 589 1196 676 temporalis
1219 588 1391 664 turbatius

215 716 459 786 Ecclesiastica.
485 721 597 803 suapte
628 722 762 790 natura,
787 735 826 782 ea
850 734 932 800 quae
955 713 1102 780 ordinem
1135 714 1336 800 spiritualem
1360 717 1393 777 et

214 841 493 924 supernaturalem
517 839 727 916 subvertunt;
755 840 839 907 unde
864 840 983 907 iustitia
1005 840 1167 905 societatis
1190 837 1294 903 civilis
1318 855 1391 902 sua-

215 983 288 1026 rum
302 963 409 1050 legum
426 963 594 1050 poenalem
610 966 809 1030 sanctionem
833 965 997 1029 constituit
1012 961 1053 1028 ad
1068 961 1220 1028 socialem
1244 959 1391 1028 ordinem

216 1089 462 1154 restaurandum
485 1109 668 1174 poenasque
692 1088 807 1176 infligit
828 1109 889 1176 per
903 1090 1117 1176 privationem
1136 1087 1294 1153 bonorum
1309 1091 1390 1152 tem·
1436 1117 1439 1126 ·

214 1214 387 1298 poralium;
401 1233 419 1278 e
435 1219 550 1279 contra
566 1214 714 1280 Ecclesia
728 1215 773 1279 uti
790 1215 1009 1300 praecipuam,
1027 1214 1174 1297 quamvis
1189 1231 1255 1276 non
1271 1210 1390 1276 imme·

215 1339 356 1413 dictam,
374 1359 505 1405 suarum
521 1345 554 1406 et
576 1339 758 1405 diuinarum
781 1339 888 1420 legum
911 1338 1047 1404 attendit
1067 1339 1266 1403 sanctionem
1289 1337 1391 1401 futuri

215 1465 286 1526 aeri
302 1461 349 1547 (l)
368 1469 401 1528 et
424 1466 508 1548 ipsas
531 1484 651 1548 poenas
675 1466 708 1528 in
731 1464 893 1549 praesenti
917 1464 984 1528 vita
1006 1464 1051 1528 ita
1074 1461 1221 1528 decernit
1244 1463 1334 1546 quasi
1352 1459 1391 1525 ad

215 1583 374 1650 arcendas
389 1607 409 1650 a
423 1584 569 1652 fidelibus
592 1593 743 1652 aeternas
766 1605 896 1672 poenas,
913 1606 992 1671 prae
1008 1586 1109 1652 oculis
1125 1605 1254 1670 semper
1268 1583 1393 1650 habens

216 1707 310 1776 linem
343 1711 573 1796 sempiternum
598 1731 675 1776 suae
699 1717 857 1776 externae
883 1711 1093 1776 ordinationis
1123 1710 1250 1776 socialis
1273 1712 1306 1774 in
1330 1709 1392 1778 hoc

216 1834 342 1900 mundo.
376 1835 478 1909 Quem
510 1844 702 1921 conceptum
730 1836 917 1922 disciplinae
948 1837 1112 1922 punitivae
1142 1835 1393 1900 Ecclesiasticae

214 1960 361 2044 perbelle
377 1963 537 2046 expressit
549 1963 728 2046 Gregorius
740 1963 784 2026 bl.
798 1962 996 2047 respondens
1013 1963 1045 2026 in
1058 1961 1163 2044 Epist.
1182 1961 1237 2034 od,
1254 1981 1344 2044 resp.
1358 1961 1391 2034 4,
1436 1955 1448 1984 “
1584 1965 1597 1995 f

214 2084 284 2166 (lib.
309 2085 374 2172 Xl)
401 2087 431 2152 S.
457 2079 637 2172 Augustino
668 2088 807 2174 Angliao
831 2087 1001 2172 Apostolo‚
1026 2088 1202 2152 sciscitanti
1233 2105 1391 2171 quaenam

214 2229 319 2294 poena
342 2219 427 2277 esset
457 2210 662 2277 decernenda
685 2218 800 2278 contra
823 2213 913 2278 fures
937 2213 985 2276 rei
1009 2211 1274 2286 Ecclesiasticae;
1298 2210 1394 2277 docet

215 2334 299 2397 enlm
325 2334 356 2399 S.
381 2335 548 2400 Pontifex:
575 2340 648 2400 <ut
671 2336 799 2420 quidam
822 2335 963 2416 damnis,
988 2333 1116 2418 quidam
1139 2333 1331 2398 verberibus
1355 2337 1387 2396 et

214 2457 340 2540 quidam
364 2457 550 2532 districtius,
568 2460 695 2544 quidam
718 2479 798 2526 vero
822 2460 925 2525 levius
941 2445 1186 2546 corrigatur...
1207 2478 1235 2533 »;
1259 2457 1392 2524 subiun-

215 2601 313 2667 gens:
332 2601 350 2645 ‹
367 2587 400 2647 et
423 2603 495 2647 curn
519 2584 625 2668 paullo
641 2583 817 2648 districtius
840 2585 957 2668 agitur,
983 2603 1024 2648 ex
1048 2583 1208 2646 charitate
1230 2580 1390 2666 agendum

214 2711 263 2768 est
285 2709 318 2770 et
340 2725 405 2770 non
430 2726 472 2771 ex
495 2705 617 2781 sortire,
643 2707 718 2790 quia
740 2707 799 2790 ipsi
830 2707 892 2770 hoc
915 2709 1100 2792 praestatur
1124 2725 1187 2788 qun
1211 2704 1389 2788 corrigitur

213 2828 351 2910 (scilicet
379 2829 523 2914 punitur)
546 2849 588 2894 ne
610 2830 780 2916 gehennae
804 2829 930 2915 ignibus
952 2829 1170 2894 tradatur....
1197 2827 1288 2892 Haec
1311 2845 1392 2911 ergo

213 2953 359 3018 charitas
388 2956 421 3018 in
456 2959 564 3019 mente
597 2955 737 3020 tenenda
768 2961 817 3020 est
848 2961 880 3020 et
915 2957 982 3042 ipsa
1017 2955 1143 3020 modurn
1179 2955 1392 3019 correctionis

212 3077 314 3143 dictat
334 3098 364 3140 a.

301 3927 340 3993 (l)
359 3926 421 3979 Non
447 3927 607 3995 ignoramus
634 3927 731 3982 haberi
761 3945 839 3998 posse
866 3928 943 3998 leges
969 3929 1054 3983 etiam
1080 3928 1285 3983 ecclesiasticas
1309 3945 1389 3984 mere

202 4033 359 4100 poenales,
378 4030 478 4086 saltem
497 4031 576 4086 iuxta
596 4032 810 4101 probabiliorem
831 4035 1008 4099 sententiam,
1029 4035 1063 4088 cf.
1085 4033 1202 4100 Soarez,
1223 4035 1263 4088 Dc
1292 4035 1391 4105 Legib-

208 4137 256 4190 uo.
275 4136 304 4201 V,
324 4155 345 4190 c
360 4138 388 4190 4.
409 4137 461 4192 Sed
482 4138 552 4191 istae
571 4135 649 4208 leges
669 4155 723 4192 non
737 4155 787 4193 eae
800 4146 865 4192 sunt
883 4155 955 4209 quae
975 4138 1095 4208 pressius
1114 4143 1242 4208 spectant
1255 4139 1288 4193 ad
1304 4141 1388 4194 finem

206 4242 352 4298 societatis
370 4243 429 4297 sive
449 4243 597 4312 religiosae
616 4243 674 4298 sive
694 4243 793 4308 civilis,
812 4244 859 4297 sed
878 4245 1032 4313 respiciunt
1050 4244 1181 4298 materias
1202 4261 1299 4314 parum
1320 4261 1390 4300 con·

208 4367 296 4406 nexas
314 4367 378 4428 cum
390 4353 459 4406 fine:
479 4355 508 4406 et
526 4367 576 4406 nos
594 4349 734 4421 loquimur
747 4351 779 4406 de
793 4352 902 4421 legibus
921 4357 998 4408 arcte
1018 4357 1046 4408 et
1067 4371 1138 4424 pene
1159 4355 1315 4412 necessario
1328 4371 1392 4410 con·

209 4455 314 4509 iunctis
333 4471 395 4510 cum
414 4457 478 4522 fine,
497 4455 576 4527 quasi
594 4459 694 4512 mediis
713 4458 887 4511 necessariis.
