3290 5100
545 335 588 380 nn
612 333 766 381 naurcrrs
791 335 833 380 ar
857 335 977 380 eonius
1280 317 1343 382 531

173 459 317 524 mobrem
340 467 427 545 patet
451 463 483 526 in
506 461 658 542 themate,
684 481 752 526 rem
780 481 850 526 esse
874 461 913 525 de
936 461 1072 544 quadam
1103 465 1211 547 specie
1237 463 1346 530 ant·

175 583 253 668 tepii
274 583 355 666 fori.

262 711 337 776 457.
369 711 475 777 Const.
510 711 623 795 Apost.
657 688 756 777 Sedis
786 712 871 778 inter
903 731 1060 777 excomm.
1085 733 1129 798 sp.
1145 733 1197 826 ,m'
1221 733 1345 778 reserv.

172 841 360 901 censuratos
384 837 529 902 declarat
550 837 611 904 stab
631 843 696 904 art.
721 839 753 904 5.
774 837 934 904 «Omnes
955 838 1200 923 interficientes,
1222 857 1346 920 percu-

175 960 299 1036 tientes,
325 961 503 1045 capientes,
535 969 757 1034 carcerantes.
787 963 968 1028 retinentes
995 963 1046 1028 oet
1067 963 1236 1028 -bostititer
1258 962 1346 1028 inse-

172 1091 311 1168 quentes
340 1083 374 1150 S.
400 1084 439 1150 R.
473 1087 508 1152 Ε.
545 1086 754 1168 cardinales,
787 1087 1021 1159 Patriarcluus
1053 1083 1345 1170 Arcbiepiscopos

172 1208 368 1295 Episcopum,
401 1210 565 1298 Sedisqne
596 1213 810 1296 Apostolioae
839 1214 983 1301 Leqatos
1014 1215 1065 1280 oet
1097 1212 1257 1286 Nuncios‚
1287 1219 1347 1278 ant

172 1357 228 1404 eos
258 1357 280 1403 a
309 1339 380 1404 suis
402 1305 625 1412 dioecesibus,
656 1340 860 1413 Pandioniis,
899 1339 1014 1405 Tenis
1045 1359 1104 1406 sen
1135 1338 1347 1405 dioecesibus

171 1463 339 1530 eiicientes
361 1484 424 1531 nec
445 1485 516 1530 non
539 1484 579 1531 ea
594 1467 807 1540 mandantes,
824 1468 876 1532 oet
890 1471 970 1532 rata
986 1465 1153 1539 babentes,
1170 1485 1229 1532 seu
1241 1486 1346 1549 prae-

172 1593 306 1662 stantes,
331 1588 439 1655 ineis
462 1589 643 1670 caecilium,
668 1591 846 1656 canalium
871 1588 916 1676 (1)
939 1591 991 1656 vet
1013 1589 1170 1673 fonnem
1189 1613 1219 1656 ›.

261 1713 397 1779 Articuli
422 1733 513 1778 mens
536 1719 594 1795 est,
621 1713 816 1780 proceribus
841 1716 1007 1782 Ecclesiae
1030 1717 1206 1782 conciliare
1233 1737 1345 1783 neces·

173 1839 291 1903 sariam
313 1838 528 1904 securitatem
551 1845 584 1904 et
606 1841 855 1922 reverentiam
878 1859 979 1924 quare
1009 1841 1215 1907 accommode
1240 1839 1346 1907 D’An-

174 1961 279 2024 nibale
310 1963 343 2026 in
374 1983 432 2027 suo
459 1963 642 2029 comnena
667 1983 700 2027 n.
725 1962 783 2034 50,
808 1966 899 2028 notet
929 1961 982 2027 hic
1014 1965 1120 2047 puniri
1149 1964 1283 2029 iniurias
1315 1964 1347 2026 in

172 2103 305 2166 empus,
325 2083 521 2158 libertatem,
539 2074 740 2171 niquitatem
756 2090 907 2170 patratas.
926 2086 989 2152 Sed
1004 2091 1079 2172 puto
1094 2088 1260 2172 proprium
1277 2107 1348 2152 esse

174 2207 290 2274 harum
312 2207 522 2275 offensionum
556 2216 590 2274 ut
612 2229 723 2275 omnes
747 2211 810 2275 sint
833 2212 943 2277 reales
965 2231 1022 2277 seu
1044 2212 1077 2276 in
1109 2230 1243 2294 corpus,
1267 2210 1348 2276 adeo

175 2337 210 2398 ut
231 2333 259 2396 si
281 2331 428 2406 libertas,
452 2336 478 2398 si
502 2334 652 2421 dipnitas
674 2336 848 2419 impetatur
870 2333 990 2419 absque
1020 2335 1163 2400 laesione
1191 2335 1242 2399 vel
1271 2354 1348 2399 con·

173 2458 339 2522 strictione
362 2459 509 2544 corporis
532 2479 596 2523 non
621 2461 661 2523 sit
682 2437 773 2524 locus
796 2460 872 2524 huic
895 2461 1026 2544 speciali
1050 2479 1216 2525 censurae.

261 2587 304 2651 In
327 2605 452 2669 corpus
467 2586 621 2651 iniuriose
637 2585 745 2671 agitur
769 2583 1001 2668 interficiendo,
1018 2586 1236 2671 percutiendo,
1253 2588 1348 2653 muti-

175 2712 287 2788 lando;
308 2713 345 2778 in
360 2712 548 2779 libertatem
571 2712 737 2798 capiendo,
755 2713 965 2793 carcerando,
982 2711 1172 2788 detinendo;
1189 2712 1226 2778 in
1242 2712 1348 2798 diqni-

174 2843 284 2910 tatem,
311 2837 506 2922 insequendo
529 2838 581 2902 vel
597 2836 764 2902 eiiciendo.
783 2837 922 2922 insequi
936 2857 1016 2902 vero
1039 2836 1200 2902 hostiliter
1215 2841 1265 2901 est
1280 2856 1350 2921 per

172 2965 261 3047 sequi
279 2962 415 3027 nocendi
427 2963 533 3026 animo
550 2982 607 3026 seu
620 2961 779 3026 inserendi
795 2963 911 3027 vulnus
923 2964 955 3028 in
969 2981 1096 3047 corpus,
1110 2961 1161 3026 vel
1173 2961 1349 3028 laesionem

174 3091 229 3151 eut
241 3087 512 3160 constrictionem,
527 3086 672 3168 quamvis
689 3091 799 3169 postea
816 3083 877 3149 hoc
892 3083 1004 3169 perfici
1016 3105 1081 3150 non
1097 3086 1205 3169 possit.
1218 3084 1350 3150 iiiicere

173 3215 274 3278 esuis
290 3212 437 3277 dominiis
453 3216 485 3277 et
499 3212 565 3276 suis
581 3211 679 3275 terris
694 3212 846 3296 importat
866 3211 1032 3296 expellere
1049 3212 1229 3296 Principes,
1248 3213 1350 3276 Prae·

174 3341 259 3404 sulas
281 3360 302 3404 a
324 3339 403 3404 locis
420 3337 533 3421 quibus
549 3341 704 3424 praesunt
727 3342 759 3402 et
782 3342 1024 3403 commorantur
1047 3339 1078 3402 vi
1102 3335 1207 3413 officii,
1226 3357 1291 3402 non
1307 3357 1350 3402 ex

174 3463 347 3529 domestico
370 3461 541 3527 domicilio.

264 3587 346 3661 Quia
367 3605 539 3651 versamur
561 3585 594 3648 in
618 3584 743 3658 odiosis,
768 3586 795 3650 si
818 3586 888 3668 quis
911 3584 1032 3669 absque
1051 3585 1272 3668 percussione
1296 3591 1351 3652 aut

173 3713 393 3787 mutilatione,
419 3712 608 3777 detentione
629 3711 683 3776 vel
705 3711 908 3794 eapntsione
931 3715 986 3776 aut
1009 3711 1121 3778 hostili
1143 3710 1351 3778 insecutione

173 3839 311 3923 aliquem
327 3858 370 3904 ex
386 3839 437 3903 his
453 3837 661 3902 Praesulibus
681 3836 797 3908 laedat,
815 3857 880 3902 non
897 3839 1035 3903 incurrit
1058 3837 1143 3902 hanc
1167 3856 1349 3903 censuram.

173 3965 284 4030 Veluti
299 3966 326 4030 si
342 3969 536 4037 contemnat,
554 3965 582 4028 ei
600 3969 707 4028 vestes
722 3961 921 4031 detrahendo
937 3967 993 4028 eut
1009 3963 1109 4048 sputis
1126 3967 1181 4028 aut
1197 3963 1265 4027 luto
1281 3962 1348 4027 foe-

263 4267 302 4336 (l)
327 4267 497 4320 D'Annibale
521 4296 536 4306 -
558 4268 587 4322 in
608 4267 755 4320 Summula
779 4272 809 4320 et
833 4265 862 4319 in
887 4265 1089 4319 Commentario
1112 4292 1128 4304 ·
1150 4263 1221 4333 legit
1242 4267 1351 4318 textum

172 4376 277 4443 absque
297 4373 348 4426 hoc
367 4375 451 4428 verbo
471 4403 485 4412 -
505 4375 653 4426 consilinm
673 4403 687 4412 -
708 4372 755 4426 sed
775 4371 823 4424 alii
844 4372 955 4440 passim,
971 4374 1001 4424 nt
1017 4371 1180 4442 Bucceroni,
1194 4369 1351 4425 Lebmlruhl

174 4481 258 4537 etiam
272 4513 289 4522 -
302 4483 448 4535 comitium
462 4511 474 4524 -
489 4482 516 4535 in
537 4487 616 4538 textu
636 4480 883 4551 comprehendunt.
