3296 5108
542 339 585 384 os
613 325 832 386 osnlcrrs'nr
856 339 974 387 renuis
1281 321 1346 388 437

165 467 265 544 quam
284 461 536 529 Universitatem
558 462 737 529 studiorum
759 463 800 528 ad
824 462 1066 548 consequendos
1089 463 1209 550 gradus
1233 464 1347 530 acade-

168 587 278 652 micos.
304 587 352 652 Of.
377 586 608 654 Vermeersch.
632 589 653 654 l.
670 606 791 674 apap.
819 588 1132 668 tantominus.
1158 609 1184 655 c
1210 587 1237 654 Ι.
1262 587 1345 662 453,

169 711 213 794 l‚‚·
237 717 269 777 et
298 712 485 778 Pennacchi
509 715 536 778 l:
554 733 580 779 c.
601 731 684 801 pap.
709 711 759 777 61.
1011 683 1014 690 ⁴
1095 719 1098 726 '

259 835 322 902 Sed
337 857 440 921 neque
455 837 506 904 his
521 839 667 923 personis
683 839 914 922 permittuntur
929 837 992 902 hae
1008 835 1162 903 editiones
1183 839 1208 901 si
1232 837 1344 919 irripu-

73 1041 74 1046 ἵ
163 966 316 1045 pnentur
337 962 374 1026 in
394 961 642 1047 protepomints
668 966 730 1026 ant
755 959 1030 1028 adnotationibus
1055 959 1239 1026 catholicae
1265 959 1346 1044 fidei

163 1086 339 1172 dopmuta.
358 1121 377 1132 -
395 1084 458 1152 Sed
481 1086 696 1172 impnpnare,
714 1104 779 1149 non
796 1091 845 1150 est
860 1085 1047 1170 simpliciter
1062 1103 1195 1149 errores
1212 1087 1345 1148 nectere

166 1210 325 1276 adversus
341 1211 524 1278 catholicae
538 1211 618 1297 fidei
634 1210 946 1297 depasturum
962 1210 1126 1296 dopmnta
1141 1209 1220 1295 fidei
1236 1207 1346 1274 catho-

164 1335 255 1401 licae
277 1334 414 1401 dicenda
436 1353 502 1400 non
525 1339 600 1400 sunt
623 1335 684 1400 nisi
708 1335 782 1400 illae
798 1337 951 1401 veritates
971 1353 1125 1420 expresse
1141 1333 1181 1398 ab
1198 1333 1346 1398 Ecclesia

164 1455 319 1522 definitae
342 1457 387 1523 uti
403 1457 575 1544 dopmatu.
594 1493 611 1507 -
638 1457 728 1524 l‘unc
748 1460 933 1524 necessaria
948 1463 997 1524 est
1016 1457 1210 1543 dispensat-io
1226 1476 1245 1520 a
1261 1457 1344 1542 lege,

163 1599 252 1664 quae
274 1579 360 1646 haud
383 1586 522 1666 negatur
544 1582 666 1646 oratori
689 1581 832 1667 legitime
855 1582 940 1646 hanc
963 1577 1161 1667 efflagitanti.
1180 1578 1267 1646 Sane
1290 1580 1346 1646 die

168 1704 212 1768 21
227 1705 321 1770 Iunii
335 1705 426 1772 1898
445 1707 615 1791 propositis
638 1705 757 1772 dubiis:
785 1707 845 1772 «1.
863 1706 978 1772 Utrum
1001 1704 1059 1770 sub
1079 1706 1207 1770 nominc
1231 1722 1343 1769 eorum

164 1831 223 1914 qui
237 1831 358 1897 studiis
381 1830 572 1917 theolopicis
594 1831 647 1896 vel
671 1830 799 1898 biblicis
822 1831 907 1896 dant
929 1845 1071 1914 operam
1091 1831 1224 1897 veniant
1246 1829 1343 1894 etiam

164 1955 289 2019 alumni
312 1957 364 2039 qui
380 1955 563 2042 theologiae
579 1960 612 2021 et
626 1955 759 2041 linguae
773 1954 947 2024 hebraicae
963 1975 1001 2020 ac
1018 1973 1157 2042 graecae
1172 1955 1206 2020 in
1221 1953 1342 2019 scholis

164 2078 422 2144 Seminariorum
436 2076 575 2144 vacanti
591 2079 633 2144 Et
652 2086 809 2163 quatenus
825 2077 1028 2144 affirmative.
1052 2080 1096 2145 ll.
1115 2079 1228 2145 Utrum
1245 2078 1345 2166 possit

169 2203 346 2288 Episcopus
361 2204 551 2288 permittere
565 2209 601 2268 ut
616 2206 649 2268 in
665 2203 784 2270 scholis
800 2204 930 2278 alumni,
948 2202 1006 2269 sub
1023 2201 1120 2268 ductu
1137 2203 1342 2288 professoris,

165 2331 291 2392 textus.
305 2324 477 2392 hebraicos
508 2331 540 2393 et
570 2343 706 2412 graecos
737 2327 778 2392 ab
808 2327 996 2394 acatholicis
1028 2325 1139 2408 editos,
1167 2327 1279 2413 legant
1305 2345 1345 2392 ac

167 2457 309 2532 vertam,
339 2449 509 2516 dummodo
542 2471 613 2517 non
645 2452 893 2538 impupnentur
925 2451 963 2518 in
992 2451 1246 2539 prolegomenis
1281 2458 1342 2518 ant

163 2574 443 2643 adnotationibus
474 2575 593 2642 talium
624 2575 792 2644 librorum
822 2564 1006 2644 catholicae
1029 2577 1129 2642 Fidei
1155 2571 1345 2663 dopmatal

165 2699 199 2766 S.
216 2699 317 2785 (long.
331 2698 451 2766 Indicis
466 2700 631 2786 respondit
646 2700 686 2765 ad
702 2701 757 2766 lum
769 2691 981 2786 Affirmntive
988 2717 1003 2784 ;
1017 2701 1057 2766 ad
1074 2702 1147 2767 llum
1158 2699 1323 2788 Nepotiue
1330 2720 1345 2783 ,·

161 2825 235 2892 :nisi
247 2825 429 2909 specialem
446 2843 468 2890 a
483 2823 518 2890 S.
532 2825 619 2893 Sede
632 2825 830 2908 facultatem
847 2827 1074 2894 obtinuerit».
1092 2825 1211 2892 Sensus
1226 2825 1342 2891 harum

165 2953 413 3036 responsionum
429 2951 483 3017 hic
498 2951 626 3017 videtur
642 2972 714 3018 esse
729 2959 765 3021 ut
780 2953 900 3018 alumni
917 2955 970 3037 qui
987 2953 1187 3018 curriculum
1212 2955 1344 3039 explent

167 3075 201 3142 S.
233 3075 434 3162 Thectopiue
464 3082 496 3145 et
525 3078 664 3164 liupuae
696 3077 874 3144 hebraicae
905 3084 936 3144 et
965 3097 1111 3164 praseae
1143 3083 1275 3164 possunt
1297 3081 1344 3145 uti

161 3200 358 3267 editionibus
382 3202 413 3268 S.
439 3202 625 3288 Scripturas
648 3203 688 3268 ab
716 3202 906 3268 acatholicis
938 3201 1031 3269 editis
1060 3183 1246 3270 dummodo
1273 3221 1344 3270 non

165 3327 413 3411 impugnentur
434 3327 472 3392 in
491 3326 745 3413 protepomenis
772 3332 831 3392 aut
854 3325 1129 3393 adnotationibus
1157 3325 1341 3393 catholicae

161 3447 247 3532 fidei
267 3445 451 3534 dopmata;
466 3447 586 3512 alumni
603 3451 710 3512 autem
726 3447 779 3530 qui
796 3445 854 3512 suh
871 3445 969 3512 ductu
985 3445 1213 3532 professorum,
1231 3448 1342 3533 legere

166 3575 200 3634 et
222 3575 356 3635 vertere
379 3569 508 3668 student
537 3575 647 3636 textus
677 3570 848 3636 hebraicos
872 3576 904 3636 et
931 3589 1076 3656 graecos,
1102 3573 1343 3639 exercitationis

161 3710 266 3758 causa
288 3691 329 3758 ad
352 3693 488 3780 tinpnas
510 3693 738 3760 addiscendas
761 3713 825 3758 non
849 3713 943 3779 posse
967 3696 1013 3762 uti
1037 3695 1127 3761 hisce
1151 3695 1343 3763 editionibus

169 3818 239 3881 sine
261 3817 359 3881 uenia
383 3817 413 3883 S.
439 3816 538 3883 Sedis.
560 3817 691 3902 Nempe.
716 3819 750 3882 ni
774 3817 881 3892 fallor,
899 3817 1105 3904 distinguitur
1127 3840 1203 3885 usus
1227 3819 1342 3885 herum

162 3939 342 4006 editionum
372 3941 413 4006 ad
436 3939 540 4006 studia
570 3940 754 4028 theologica
785 3943 826 4008 ab
856 3964 1000 4031 usupra
1030 3964 1127 4031 scopo
1157 3931 1345 4012 addiscendi

166 4063 347 4130 huiusmodi
363 4065 500 4152 linguas.
517 4100 534 4114 -
549 4067 661 4140 Quare
676 4066 784 4132 dubito
801 4087 842 4133 an
858 4069 1088 4135 Vermeersch.
1105 4069 1158 4143 97,
1177 4070 1266 4148 (edit.
1280 4069 1344 4156 3⁰);

160 4194 202 4254 et
216 4189 356 4256 Genicot
372 4212 405 4256 n.
422 4191 497 4265 453,
514 4211 629 4258 verum
645 4211 772 4258 sensum
789 4196 928 4260 assecuti
944 4196 1009 4260 sint
1024 4194 1098 4260 dum
1115 4201 1265 4262 asserunt
1281 4231 1296 4244 ·
1312 4194 1344 4260 id

162 4312 361 4400 denegatum
384 4316 483 4382 luisse
505 4315 546 4382 ab
569 4317 630 4382 hac
655 4317 686 4383 S.
712 4319 745 4383 C.
763 4337 806 4384 ne
829 4319 915 4385 dnsa
939 4319 1082 4386 claretur
1105 4320 1285 4386 deserendi
1306 4320 1344 4386 in

163 4439 289 4505 selectis
310 4439 501 4526 theologicis
524 4446 648 4507 textum
672 4443 835 4528 Vulgatae
859 4463 953 4526 quem
979 4447 1011 4508 in
1036 4443 1156 4510 eisdem
1179 4450 1341 4528 tamquam
