3302 5100
303 297 369 364 554
754 319 961 370 aurearum
984 321 1035 370 111.

401 437 505 494 Verum
525 440 624 496 salutis
643 441 772 512 publicae
785 443 866 508 ratio,
878 459 950 514 qaae
965 441 1087 513 [tegulas
1098 441 1276 498 Tridentinus
1287 442 1369 498 initio
1381 459 1489 512 geuue-

305 551 358 614 rat,
378 547 474 602 novari
495 548 600 621 aliquid
619 550 647 602 iu
667 549 716 615 eis,
734 549 894 604 labentibus
912 550 1063 615 aetatibus,
1075 550 1172 606 eadem
1191 549 1281 604 iussit.
1299 550 1488 612 Quamobrem

305 653 424 708 Romani
453 655 612 722 Pontifices,
641 655 861 727 nominatimque
887 653 1017 711 Clemens
1044 654 1117 724 vnt,
1136 655 1295 710 Alexander
1316 655 1373 722 Vll,
1393 655 1487 710 Bene·

303 759 394 814 dictus
412 761 479 815 xlv
492 763 573 830 gnari
593 767 748 832 temporum
762 771 791 818 et
804 779 941 818 memores
958 761 1124 834 prudentiae
1143 762 1225 833 plura
1242 761 1400 830 decrevere,
1413 778 1490 833 quae

302 867 404 923 adeas
423 869 602 939 explicandas
621 875 704 942 atque
723 869 970 925 accommodandas
988 871 1108 941 tempori
1133 869 1293 925 valuerunt

392 975 469 1037 Quae
487 991 532 1032 res
551 976 694 1046 praeclare
712 978 887 1044 confirmant,
916 976 1081 1047 praecipuas
1108 975 1296 1030 Romanorum
1315 973 1489 1030 Pontificum

303 1099 385 1136 curas
403 1082 432 1136 in
451 1098 484 1138 eo
502 1083 587 1138 fnisse
606 1089 740 1152 perpetuo
759 1084 873 1154 positae,
885 1087 918 1138 ut
930 1083 1093 1152 opinionum
1112 1097 1222 1138 errores
1239 1097 1405 1152 morumque
1423 1096 1489 1136 cor·

303 1187 451 1258 raptelam,
470 1190 611 1260 geminam
631 1189 703 1243 banc
720 1189 867 1245 civitatum
885 1189 979 1244 labem
997 1205 1031 1244 ac
1049 1189 1170 1254 ruinam,
1189 1187 1281 1258 previa
1298 1187 1381 1242 libris
1404 1187 1488 1256 gigni

302 1310 336 1348 ac
355 1293 529 1350 disseminari
557 1295 678 1362 solitam,
696 1313 714 1350 a
732 1296 808 1350 civili
836 1295 979 1351 hominnm
1008 1295 1144 1350 societate
1170 1293 1359 1350 defenderent.
1388 1293 1490 1364 Neque

303 1402 411 1455 tructus
429 1401 532 1457 fefellit
549 1419 672 1472 operam,
691 1402 821 1473 quamdiu
841 1403 869 1457 iu
889 1403 973 1458 rebus
991 1400 1112 1472 publicis
1135 1399 1362 1456 administrandis
1380 1399 1488 1454 rationi

303 1507 457 1578 imperandi
476 1526 509 1563 ac
528 1509 691 1579 probibendi
712 1510 758 1564 lex
776 1515 891 1565 aeterua
910 1508 1040 1580 praefuit,
1059 1513 1237 1580 rectoresque
1255 1507 1403 1563 usitatum
1422 1523 1489 1560 enm

303 1619 443 1684 potestate
462 1633 542 1670 sacra
560 1617 589 1671 in
609 1631 694 1670 unum
712 1632 884 1672 consensere.

392 1721 468 1782 Quae
488 1725 585 1791 postea
603 1726 752 1778 consecuta
781 1725 855 1788 sunt,
874 1737 955 1777 nemo
975 1721 1073 1776 nescit
1102 1719 1243 1776 Videlicet
1267 1736 1330 1774 cum
1352 1719 1489 1774 adiuncta

303 1841 396 1882 rerum
416 1830 501 1898 atque
520 1826 662 1882 hominurn
682 1828 784 1882 sensim
804 1827 970 1883 mutavisset
988 1827 1057 1894 dies,
1068 1827 1137 1882 fecit
1149 1826 1178 1881 id
1189 1825 1316 1882 Ecclesia
1333 1824 1489 1896 prudenter

302 1947 379 1988 more
398 1949 456 2000 suo,
475 1934 556 2005 quod,
575 1939 721 2005 perspecta
739 1941 841 1989 natura
861 1939 1026 2005 temporum,
1044 1934 1135 2004 magia
1153 1935 1285 2005 expedire
1309 1939 1395 2006 atque
1415 1933 1489 1990 utile

301 2049 362 2092 esse
382 2036 525 2092 hominum
543 2039 628 2093 saluti
646 2039 795 2094 videretur.
815 2039 914 2096 Plures
935 2039 1108 2110 Regularum
1120 2039 1222 2094 Indicis
1239 2038 1486 2110 praescriptiones,

300 2163 373 2218 quae
392 2147 527 2203 excidisse
545 2147 755 2217 opportunitate
768 2147 886 2216 pristina
904 2147 1080 2214 videbantur,
1091 2146 1137 2204 vel
1149 2147 1262 2204 decreto
1280 2147 1342 2216 ipsa
1360 2145 1488 2213 sustulit,

300 2252 345 2308 vel
371 2269 447 2308 more
467 2269 572 2324 risuque
589 2251 693 2306 alicubi
722 2251 911 2308 invalescente
939 2253 1079 2324 antiquari
1108 2237 1228 2322 benigne
1256 2249 1392 2306 simulac
1418 2267 1487 2320 pro·

301 2359 364 2415 vide
378 2359 452 2415 sivit.
472 2361 638 2415 Recentiore
659 2361 802 2426 memoria,
821 2360 894 2414 datis
911 2359 946 2414 ad
975 2359 1207 2432 Arcaiapiseopoa
1234 2360 1444 2430 Episcopoeque
1469 2376 1487 2414 e

301 2469 458 2539 principatu
478 2469 621 2538 pontificio
640 2468 753 2535 litteris,
772 2469 839 2522 Pius
859 2468 898 2522 lx
917 2467 1055 2538 Regulam
1075 2468 1102 2522 X
1121 2484 1224 2537 magna
1248 2485 1284 2522 ex
1303 2477 1383 2538 parte
1406 2465 1486 2521 miti·

300 2575 388 2646 gavit.
416 2577 574 2644 Praeterea,
594 2576 749 2647 propinquo
767 2575 822 2630 iam
847 2575 973 2630 Concilio
997 2591 1100 2645 magno
1126 2574 1273 2642 Vaticano,
1299 2573 1390 2629 doctis
1414 2573 1486 2628 viria

300 2682 334 2736 ad
353 2692 519 2753 argumenta
538 2682 661 2753 paranda
678 2681 803 2748 delectis,
822 2681 849 2734 id
869 2683 1013 2751 negotium
1031 2681 1116 2748 dedit,
1130 2685 1163 2736 nt
1179 2681 1379 2751 expenderent,
1397 2685 1486 2750 atque

299 2790 483 2846 aestimarent
507 2790 630 2860 Regulas
661 2789 759 2843 indicis
786 2789 938 2856 universas,
958 2789 1146 2861 iudiciumque
1168 2790 1284 2856 ferrent,
1308 2786 1428 2860 quidde
1447 2787 1485 2840 iis

299 2897 376 2950 facto
389 2898 549 2964 opuseseet.
572 2892 616 2948 llli
638 2892 857 2958 commutandas,
878 2891 1116 2947 consentientibus
1136 2891 1294 2958 sententiis,
1314 2890 1484 2946 indicavere.

299 3001 373 3056 Idem
392 3017 423 3055 se
441 3004 470 3055 et
489 3000 593 3055 sentire
613 3004 642 3055 et
660 3003 756 3070 petere
769 3016 787 3053 a
799 2998 925 3054 Concilio
943 2999 1057 3070 plurimi
1075 3016 1110 3055 ex
1128 2999 1262 3054 Patribus
1279 3003 1377 3070 aperte
1396 2999 1484 3068 proli-

299 3109 440 3162 tebantur.
460 3107 659 3178 Episcoporum
679 3106 788 3163 Galliae
807 3111 906 3164 extant
924 3107 976 3162 hac
994 3107 1028 3162 de
1047 3125 1077 3162 re
1096 3107 1217 3175 litterae,
1231 3123 1347 3179 quarum
1367 3109 1484 3161 seuten-

300 3215 341 3269 tia
361 3217 412 3281 est,
431 3229 542 3269 necesse
561 3230 621 3268 esse
640 3218 669 3267 et
687 3213 747 3268 sine
771 3214 950 3270 cunctatione
974 3213 1140 3280 iaciendum,
1160 3218 1192 3268 ut
1209 3213 1283 3269 illae
1306 3213 1436 3284 separa·
1455 3224 1484 3269 et

299 3321 432 3375 accersa
450 3336 497 3375 res
511 3319 615 3374 Iudicia
628 3335 698 3373 nouo
707 3335 829 3390 prorsas
847 3320 930 3374 modo
949 3329 1061 3374 reattraa
1074 3323 1160 3374 aetati
1176 3320 1279 3374 melius
1297 3328 1483 3390 attemperata

299 3435 326 3480 et
355 3427 502 3480 observatu
531 3425 658 3498 faciliori
683 3427 920 3482 instaurarentur.
950 3424 1024 3479 ldem
1052 3441 1086 3480 eo
1114 3429 1239 3496 tempore
1266 3424 1401 3480 iudicium
1427 3423 1485 3478 fuit

298 3531 497 3602 Episcoporum
525 3531 699 3598 Germaniae,
727 3532 810 3603 plane
834 3531 989 3602 petentium
1007 3537 1039 3587 ut
1058 3533 1186 3604 Regem
1205 3533 1347 3587 Indicia..
1373 3529 1485 3587 matti

297 3639 433 3695 recisione
460 3649 486 3694 ct
504 3641 660 3695 redactionr'
682 3641 887 3695 sabrnittantur.
906 3640 1011 3702 Quibus
1031 3639 1161 3710 Episcopi
1179 3639 1330 3695 concinunt
1348 3654 1384 3694 ex
1399 3636 1483 3694 ltalia

296 3743 419 3815 aliisque
437 3761 453 3800 e
471 3745 633 3814 regionibus
653 3743 817 3814 complures.

388 3851 440 3914 Qui
459 3851 570 3922 quidem
589 3869 693 3918 omues,
712 3852 735 3906 si
754 3857 920 3921 temporum,
932 3851 956 3906 si
969 3851 1162 3907 institutorum
1181 3851 1316 3920 cirillum,
1334 3851 1481 3906 simorum

295 3959 472 4030 popularium
492 3960 629 4016 habeatur
648 3961 729 4028 ratio,
748 3976 816 4014 sane
834 3975 925 4030 aequa
945 3958 1089 4029 postulant
1106 3965 1137 4015 et
1154 3975 1217 4014 cum
1236 3965 1365 4015 materna
1384 3958 1481 4015 Eccle·

296 4065 355 4122 aiae
374 4072 488 4123 mactae
508 4069 626 4124 caritate
645 4067 848 4123 convenientia.
861 4065 971 4121 Etenim
985 4065 1014 4119 in
1027 4070 1086 4121 tam
1099 4065 1184 4123 celeri
1197 4067 1374 4136 ingeniorum
1388 4085 1481 4134 curan,

296 4174 392 4230 nullas
411 4180 454 4230 est
472 4175 653 4231 scientiarum
681 4191 802 4244 campus,
821 4174 850 4228 in
868 4189 924 4245 quo
942 4189 998 4228 non
1017 4172 1130 4229 litterae
1157 4172 1288 4230 licentius
1312 4179 1477 4240 excurrant3

295 4279 361 4334 inde
382 4280 673 4350 pestilentissimorum
684 4279 819 4334 librorum
838 4277 1001 4350 quotidiana
1019 4276 1162 4334 colluvies
1182 4278 1259 4341 Quod
1277 4293 1346 4334 vero
1364 4279 1479 4350 gravius

296 4395 348 4456 est,
361 4390 390 4443 in
407 4395 463 4458 mm
483 4390 581 4460 grandi
600 4389 674 4445 malo
692 4406 748 4445 non
767 4389 847 4444 modo
865 4387 1025 4454 connivent,
1038 4386 1086 4443 scd
1104 4403 1235 4458 maguam
1254 4387 1400 4458 licentiam
1412 4389 1480 4443 dant
