3302 5100
326 296 393 361 572
775 315 982 366 mansarum
1007 318 1054 366 ιν.

325 437 422 509 ltaque
439 439 569 506 nationis,
589 439 722 504 familiae,
741 439 862 503 scholae.
877 441 999 496 instituti
1013 443 1144 497 affectum
1156 441 1318 506 excutiant3
1332 439 1424 494 studia
1438 453 1504 507 par

324 545 396 599 tium
420 551 570 616 seponaut;
595 545 736 602 Ecclesiae
761 553 874 604 sanctae
898 547 1031 618 dogmate
1055 555 1085 603 et
1106 564 1280 603 communem
1299 544 1506 601 catholicorum

324 652 487 717 doctrinam,
506 669 578 723 quae
597 653 778 708 conciliorum
797 653 971 724 generalium
991 655 1119 722 decretis,
1137 669 1313 709 romanorum
1334 653 1504 707 Pontificum

324 759 584 828 Constitutiouibus,
603 765 633 815 et
651 760 868 816 orthodoxorum
888 767 998 832 patrum
1018 767 1101 834 atque
1120 763 1264 818 doctorum
1282 777 1417 815 consensu
1437 773 1507 814 con·

324 865 438 926 tinetur,
458 865 539 921 unice
558 881 623 935 prae
641 865 730 920 oculis
748 864 885 931 habeant3
903 865 957 920 hoc
975 867 1009 922 de
1022 873 1133 924 caetero
1150 869 1315 948 cogitantes,
1331 881 1386 920 non
1400 880 1505 934 paucas

325 989 385 1028 esse
403 973 562 1042 opiniones,
589 990 661 1045 quae
686 975 733 1028 uni
758 974 885 1042 scholae,
905 977 1048 1042 instituto,
1069 981 1118 1030 aut
1143 977 1249 1031 nationi
1273 980 1348 1031 certo
1367 975 1504 1028 certiores

322 1076 459 1144 videntur,
478 1084 508 1133 et
526 1077 716 1144 nihilominus,
734 1079 794 1134 sine
814 1079 872 1134 ullo
891 1079 954 1136 fidei
974 1085 1023 1134 aut
1040 1080 1185 1150 religionis
1197 1069 1372 1144 de'trimento,
1390 1079 1424 1132 ab
1438 1077 1505 1132 aliis

323 1181 469 1238 catholicis
487 1184 555 1238 viris
575 1185 747 1250 reficiuntur,
766 1192 850 1256 atque
869 1186 1070 1254 impugnantur
1088 1185 1287 1263 oppositaeque
1306 1184 1503 1249 defenduntur,

324 1290 429 1345 sciente
454 1307 486 1346 ac
513 1291 696 1360 permittente
722 1292 883 1363 Apostolica
907 1293 986 1360 Sede,
1007 1311 1079 1366 quae
1099 1310 1321 1366 canamquamque
1340 1293 1501 1362 opinionem

324 1393 479 1450 huiusmodi
500 1395 529 1450 in
547 1412 598 1450 suo
617 1397 824 1466 probabilitatis
842 1397 928 1468 gradu
949 1398 1089 1470 relinquit.

413 1504 431 1566 5
453 1501 493 1556 18.
507 1529 521 1544 ·
534 1501 580 1555 tv.
599 1501 658 1557 Hoc
677 1519 786 1574 qnoque
805 1476 956 1584 diligenter
974 1505 1248 1560 animadvertendum
1263 1520 1415 1568 monemus,
1428 1501 1504 1556 haud

324 1611 431 1661 rectum
456 1607 589 1662 iudicium
614 1608 647 1663 de
669 1625 738 1663 vero
762 1611 885 1664 auctoris
909 1627 991 1666 sensu
1011 1610 1072 1665 fieri
1092 1626 1180 1681 posse,
1199 1611 1252 1664 nisi
1271 1609 1346 1663 omni
1365 1625 1401 1664 ex
1420 1613 1505 1678 parte

325 1709 401 1766 illius
423 1710 494 1766 liber
520 1709 645 1781 legatum
665 1729 792 1784 quaeque
813 1711 930 1768 diversis
949 1713 977 1766 in
1003 1712 1072 1767 locis
1097 1713 1188 1783 posita
1212 1716 1241 1767 et
1265 1710 1404 1766 collocata
1429 1715 1505 1774 sunt,

324 1817 398 1872 inter
416 1835 445 1873 se
464 1824 674 1889 comparentur;
695 1820 855 1874 uniuersum
873 1825 1021 1889 praeterea
1039 1821 1163 1875 auctoris
1181 1819 1328 1874 consilinm
1348 1822 1378 1872 et
1390 1817 1504 1871 institu-

323 1927 383 1978 tum
402 1929 511 1980 attente
529 1923 708 1995 dispiciatum
726 1943 818 1998 aeque
836 1942 903 1982 vero
922 1945 957 1982 ex
976 1944 1032 1981 una
1050 1927 1095 1982 vel
1115 1927 1204 1982 altera
1218 1926 1407 1996 propositione
1420 1942 1439 1978 a
1451 1941 1503 1978 suo

323 2035 456 2084 contextu
481 2029 597 2096 divulsa,
617 2029 661 2085 vel
680 2031 795 2085 seorsim
814 2033 849 2085 ab
869 2031 947 2097 aliis,
966 2049 1038 2104 quae
1058 2031 1086 2086 in
1105 2030 1201 2086 omem
1222 2030 1294 2086 libro
1312 2029 1504 2095 continentur,

324 2137 499 2193 considerata
525 2144 554 2194 et
573 2131 703 2208 expensa,
721 2139 755 2194 de
774 2155 807 2194 eo
827 2139 1065 2212 pronunciandum
1083 2156 1157 2194 esse:
1183 2155 1267 2209 saepe
1290 2139 1365 2194 enim
1391 2139 1503 2204 accidit,

324 2245 356 2295 ut
379 2241 452 2312 quod
477 2244 512 2298 ab
537 2249 651 2298 auctore
675 2244 704 2297 in
729 2242 823 2314 aliquo
847 2243 939 2314 operis
963 2241 1024 2297 loco
1044 2243 1242 2312 perfunctorie,
1259 2247 1309 2296 aut
1327 2243 1502 2296 subobscure

323 2349 457 2404 traditum
476 2355 527 2414 est,
545 2351 586 2405 ita
604 2350 661 2404 alio
678 2351 707 2405 in
727 2349 789 2406 loco
807 2351 946 2418 distincte,
966 2351 1077 2420 copiose
1095 2367 1128 2404 uc
1146 2349 1268 2404 dilucide
1286 2349 1454 2418 explicetur,
1471 2357 1505 2402 ut

324 2455 428 2510 offusae
447 2456 708 2526 priori-sententiae
727 2459 875 2523 tenebrae,
893 2457 994 2528 quibus
1013 2456 1141 2512 involuta
1160 2457 1238 2526 pravi
1259 2473 1357 2512 sensus
1378 2457 1502 2526 speciem

324 2560 483 2632 exhibebat,
506 2565 617 2634 penitus
638 2563 831 2635 dispellantur,
853 2565 998 2636 omnisque
1024 2565 1096 2618 labis
1117 2581 1216 2635 expers
1239 2564 1382 2634 propostio
1402 2563 1504 2632 digno·

323 2677 425 2728 scatur.
532 2653 534 2658 Α

413 2783 430 2844 ἓ
452 2779 493 2833 19.
522 2779 600 2840 Quod
627 2780 651 2833 si
676 2779 808 2848 ambigua
832 2779 968 2851 quaedam
993 2778 1149 2834 exciderint
1173 2779 1291 2844 auctori,
1309 2779 1357 2849 qui
1375 2778 1502 2850 alioquin

323 2883 479 2940 catholicus
497 2885 543 2950 sit,
562 2885 672 2956 integra
692 2885 836 2956 religionis
854 2885 1054 2957 doctrinaeque
1072 2886 1155 2950 fama,
1176 2885 1303 2956 aequitas
1322 2885 1385 2954 ipsa
1406 2889 1504 2954 postu·

322 2992 381 3048 lare
400 2991 518 3059 videtur,
538 2998 569 3047 ut
588 2994 648 3048 eius
666 2993 741 3047 dicta
760 2993 889 3064 benigne,
907 2998 1043 3064 quantum
1059 2991 1182 3056 licuerit,
1197 2991 1346 3062 explicata,
1359 2992 1389 3045 in
1402 2993 1503 3045 bonam

322 3103 433 3168 partem
451 3100 632 3170 accipiantur.

412 3207 430 3269 ἓ
450 3205 492 3258 20.
507 3203 563 3258 Has
576 3221 658 3274 porro
671 3205 831 3277 similesque
850 3203 962 3274 regulas
981 3221 1052 3276 quae
1071 3205 1143 3276 apud
1162 3205 1282 3275 optimos
1300 3205 1454 3273 scriptores
1469 3202 1504 3256 de

322 3310 366 3365 his
386 3311 502 3381 agentes
520 3312 602 3368 facile
622 3317 778 3379 occurrent,
796 3329 905 3382 semper
927 3315 1021 3368 animo
1047 3313 1204 3384 propositas
1228 3311 1351 3368 habeant
1373 3327 1502 3366 censores

309 3424 352 3498 ‘et
370 3418 556 3486 consultoresz,
575 3436 630 3491 quo
648 3418 770 3484 valeant,
788 3421 818 3473 in
834 3418 886 3473 hoc
899 3420 1064 3489 gravissimo
1078 3417 1172 3473 iudicii
1186 3433 1298 3487 genere,
1311 3417 1502 3472 eonscientiae

323 3543 398 3592 suae,
417 3532 561 3580 auctorum
580 3527 679 3590 famae,
699 3525 841 3582 Ecclesiae
859 3527 932 3580 bono
950 3535 980 3580 et
997 3525 1121 3580 fidelium
1141 3525 1258 3579 utilitati
1271 3523 1427 3578 consulere.
1443 3523 1503 3576 Duo

322 3634 416 3684 eutem
436 3629 543 3700 relique
561 3639 626 3684 sunt
644 3631 673 3684 in
692 3647 756 3685 eum
776 3631 859 3685 finem
878 3629 960 3699 plane
979 3635 1144 3698 opportuna,
1163 3644 1235 3699 quae
1253 3626 1307 3681 hoc
1325 3626 1388 3682 loco
1401 3627 1502 3682 adiun-

323 3735 413 3805 genda
431 3735 545 3791 omniuo
564 3753 624 3792 esse
642 3735 805 3790 iudicamus.

412 3843 430 3904 5
449 3839 492 3894 21.
512 3840 653 3894 Prodeant
665 3838 815 3910 aliquando
827 3841 901 3908 libri,
915 3841 943 3894 in
956 3841 1057 3912 quibus
1068 3839 1140 3893 falsa
1153 3843 1181 3893 et
1194 3839 1343 3908 reprobata
1359 3835 1503 3907 dogmnm

322 3953 372 4003 aut
388 3954 551 4020 systemata,
566 3949 697 4020 religioni
716 3948 762 4004 vel
781 3950 903 4003 moribus
915 3949 1043 4014 exitiosa,
1056 3955 1197 4018 tamquam
1212 3945 1331 4000 aliorum
1344 3947 1462 4002 inventa
1473 3955 1504 4001 et

322 4057 456 4127 cogitata,
473 4063 649 4127 exponuntur
667 4062 696 4112 et
714 4058 880 4124 referuntur,
894 4059 998 4128 absque
1018 4073 1051 4112 eo
1069 4055 1142 4127 quod
1154 4059 1262 4122 auctor,
1277 4054 1325 4125 qui
1338 4070 1504 4124 opus-suum

323 4165 415 4233 pravis
428 4162 582 4218 huiusmodi
597 4165 735 4219 mercibus
747 4179 863 4219 onerare
873 4165 986 4233 sategit,
996 4180 1030 4219 ea
1039 4161 1179 4219 refutandi
1190 4177 1285 4215 curam
1295 4161 1326 4216 in
1335 4177 1365 4216 se
1376 4163 1505 4232 recipiat.

323 4271 428 4326 Putant
441 4287 516 4337 vero,
527 4272 574 4342 qui
589 4270 657 4324 talia
670 4274 766 4339 agunt,
777 4269 847 4324 nulli
857 4287 918 4326 sese
928 4268 1149 4340 reprehensioni,
1160 4272 1210 4322 aut
1219 4283 1355 4322 censurae
1367 4268 1505 4322 obnoxios

323 4393 392 4441 esse,
412 4381 559 4448 propterea
577 4377 649 4448 quod
668 4377 702 4432 de
720 4375 827 4444 alienis,
847 4382 878 4430 ut
896 4376 984 4442 aiunt,
1003 4375 1182 4446 opinionibus
1201 4372 1272 4427 nihil
1286 4371 1340 4443 ipsi
1353 4371 1504 4437 affirment,
