3296 5108
301 281 367 344 444
697 293 725 338 ῑ.
819 295 906 349 raas
930 301 953 348 1.

301 421 403 502 boloe,
427 420 557 488 obstare
579 421 736 490 voluntati
765 423 903 507 Spiritus
933 423 1044 489 Sancti
1074 423 1135 508 qui
1152 421 1268 505 posuit
1292 423 1482 507 Episcvpos

300 563 420 631 repere
435 546 621 614 Ecclesiam
637 543 711 618 Dei,
728 547 781 612 rel
805 566 870 611 non
891 547 948 612 alii
965 567 1062 633 scopo
1079 550 1240 614 inservire
1263 567 1358 633 quam
1380 547 1483 613 ambi·

300 669 379 734 tioni
403 670 568 736 hominum
591 669 795 736 fovendae·
811 671 919 738 Status
934 671 1104 758 religiosus
1126 679 1183 738 aut
1198 671 1361 739 clericalis
1382 671 1483 738 deho-

300 799 450 860 nestatur
471 815 579 879 quum,
595 795 706 872 veluti,
723 798 756 862 in
779 797 864 863 libro
887 797 1065 868 intenditur
1087 799 1193 865 evinci
1216 797 1344 869 thesim,
1362 814 1481 884 nempe

300 923 377 985 vota
400 920 555 986 castitatis
578 925 635 985 aut
657 917 857 985 obedientiae
879 929 936 986 aut
950 923 1150 1008 paupertatis
1173 941 1244 988 esse
1265 921 1481 987 condemnata

299 1042 340 1107 ab
364 1045 432 1129 ipso
448 1045 589 1110 naturali
612 1046 683 1111 iure
706 1052 739 1112 et
758 1046 922 1114 hincesse
942 1055 999 1114 aut
1014 1048 1104 1112 nulla
1126 1054 1181 1114 aut
1197 1048 1319 1114 illicita
1337 1049 1380 1114 Et
1395 1048 1481 1113 haec

300 1168 385 1235 dicta
412 1171 476 1236 sint
499 1172 638 1256 exempli
663 1191 770 1238 causa.
794 1172 858 1240 Sed
881 1173 1012 1238 bilibri
1036 1175 1097 1240 nisi
1121 1173 1203 1240 dala
1226 1192 1333 1258 opera
1355 1179 1411 1238 aut
1436 1193 1480 1239 ex

296 1293 452 1376 professo
477 1291 574 1379 (quod
602 1299 703 1383 magis
729 1295 790 1382 est)
814 1299 847 1362 in
873 1297 906 1364 id
933 1299 1147 1380 contendant,
1171 1299 1247 1366 iure
1273 1300 1387 1366 eccles.
1412 1319 1479 1364 non

216 1401 218 1406 ¹
300 1423 374 1481 sunt
390 1415 540 1483 damnati.
561 1419 670 1504 Neque
692 1421 774 1487 haec
791 1420 930 1486 conditio
947 1456 965 1470 ·
982 1422 1065 1488 data
1080 1441 1187 1506 opera
1203 1455 1222 1470 -
1239 1426 1345 1506 potest
1360 1419 1481 1486 subau-

300 1538 362 1602 diri
385 1539 490 1624 quoad
511 1541 592 1610 alias
614 1543 693 1610 duas
717 1550 825 1630 partes
847 1545 977 1610 articuli
1000 1547 1130 1611 omnino
1153 1543 1330 1611 distinctas.

368 1703 371 1710 .
388 1663 466 1730 363.
490 1668 576 1732 Aar.
597 1667 647 1734 12.
664 1690 682 1732 a
699 1667 810 1752 Nefas
831 1675 899 1736 esto
923 1669 1028 1737 libros
1042 1669 1151 1750 edere,
1169 1671 1292 1756 tepere,
1313 1674 1376 1734 eut
1396 1668 1480 1736 reti-

298 1809 382 1858 uere
396 1793 434 1857 iu
449 1791 572 1878 quibus
586 1794 768 1880 sortitepia,
786 1795 960 1869 divinatio,
973 1796 1099 1883 asapia,
1117 1797 1265 1864 evocatio
1281 1795 1478 1879 spirituum,

300 1917 455 2000 aliaeque
479 1916 579 1982 buius
601 1918 737 2003 peeoris
758 1919 1013 2002 superstitiones
1034 1919 1202 1986 doceatur
1226 1925 1285 1984 aut
1304 1935 1479 1984 manuvea-

301 2038 431 2104 ttautur
447 2059 487 2144 >νχ

389 2165 473 2230 Aer.
497 2165 547 2230 13.
566 2183 585 2228 e
603 2165 699 2232 Libri
714 2171 775 2232 aut
788 2165 916 2250 scripta
932 2185 1021 2251 quae
1036 2172 1188 2232 uasrvut
1208 2179 1316 2232 uvves
1338 2164 1480 2249 appari·

298 2293 415 2362 tiones,
439 2291 670 2372 revelationes,
694 2292 839 2359 sisioues
865 2291 1075 2376 prophetias,
1107 2293 1278 2359 miracuta
1307 2293 1360 2357 vet
1387 2309 1481 2374 quae

299 2435 406 2482 novas
434 2416 601 2482 inducunt
627 2416 818 2484 devotiones
845 2415 948 2482 etiam
978 2415 1040 2483 sub
1066 2423 1252 2500 praeteatu
1282 2415 1375 2501 quod
1409 2415 1478 2482 siut

295 2542 463 2624 privatae,
479 2541 510 2606 si
522 2539 739 2624 publicentur
753 2540 880 2626 absque
895 2540 1047 2627 tepitima
1064 2539 1291 2625 Superivrum
1306 2541 1479 2608 Ecclesiae

298 2666 444 2749 lieentia,
467 2664 733 2748 proscribuntur
747 2687 778 2729 s.

388 2786 500 2863 Quoad
523 2795 587 2854 art.
605 2788 650 2853 12
672 2786 870 2861 advertatur,
895 2788 1062 2875 prohiberi
1084 2785 1183 2855 libros
1208 2789 1261 2874 qui
1285 2789 1318 2853 in
1342 2787 1477 2874 vulgum

298 2920 455 3000 spargunt
470 2920 558 2980 artes
573 2915 821 2998 superstitiosas.
838 2913 895 2980 sed
911 2912 1078 2998 prohiberi
1094 2913 1262 2979 dumtaxat
1277 2933 1374 2998 quum
1391 2915 1478 2979 eius-

298 3040 382 3107 modi
409 3045 497 3107 artes
522 3041 692 3108 doceatur
720 3046 777 3107 aut
807 3041 1108 3124 commendantem
1132 3043 1286 3125 quocirca
1316 3059 1381 3106 non
1406 3059 1477 3125 pro

298 3165 428 3231 hibetur
450 3166 588 3252 simplex
602 3166 749 3233 narratio
763 3172 820 3230 aut
835 3167 979 3231 narratio
1003 3164 1164 3230 factorum
1187 3183 1268 3249 quae
1292 3165 1361 3230 istis
1377 3167 1479 3232 virtu·

297 3290 381 3357 tibus
404 3289 579 3356 reconditis
601 3289 798 3356 tribuuntur.
825 3291 949 3356 Nostris
971 3288 1083 3355 diebus
1103 3289 1187 3354 malo
1211 3287 1278 3354 fato
1301 3289 1479 3355 inhonore

297 3422 381 3498 sunt,
405 3413 605 3500 spiritismus,
630 3417 818 3500 ipnotismus
840 3420 874 3481 at
896 3415 1125 3500 magnetismus
1152 3416 1206 3498 qui
1233 3413 1296 3479 duo
1322 3418 1477 3498 postremi

299 3543 381 3609 modi
398 3541 547 3628 patrandi
562 3541 650 3607 iacta
672 3542 755 3605 mira
770 3543 905 3605 eatenus
928 3545 1004 3604 sunt
1026 3537 1180 3625 prohibiti
1203 3543 1360 3622 quatenus
1383 3557 1479 3604 exce

297 3669 377 3735 dunt
399 3673 455 3734 aut
478 3665 639 3733 excedere
663 3670 823 3731 conantur
849 3669 882 3729 et
908 3662 1034 3751 fingunt
1055 3665 1143 3730 vires
1166 3663 1332 3730 naturales
1356 3665 1479 3729 virtute

296 3795 503 3866 ‹laemonum;
520 3789 603 3875 quod
619 3792 690 3854 iure
706 3789 811 3854 veteri
830 3807 932 3872 aeque
948 3786 1144 3874 prohibitum
1168 3791 1249 3860 erat
1267 3788 1300 3851 in
1317 3787 1398 3873 Reg.
1417 3787 1477 3854 IX.

387 3917 426 3980 In
449 3921 515 3982 ort.
540 3913 585 3982 13
606 3913 701 4000 plura
717 3918 792 3979 sunt
814 3911 1074 3978 consideratione
1097 3910 1204 3997 digna.
1224 3911 1263 3976 ln
1285 3913 1400 3996 primis
1423 3911 1479 3977 hic

296 4042 454 4109 articulus
467 4043 511 4105 ita
522 4041 588 4107 tale
600 4045 775 4124 conceptus
787 4043 836 4103 est
847 4038 943 4123 plane
956 4057 1067 4102 novae.
1083 4037 1212 4102 Revera
1229 4035 1380 4104 Urbanus
1392 4035 1479 4102 VllI

302 4167 411 4235 Coust.
437 4166 678 4232 Sanctissimus
700 4161 743 4229 13
773 4163 894 4228 Martii
916 4162 1009 4228 1625
1032 4159 1198 4247 prohibuit
1223 4159 1323 4225 libros
1346 4160 1401 4226 edi
1424 4161 1478 4245 qui

298 4291 455 4358 miracula
470 4297 526 4356 aut
541 4291 633 4375 signa
649 4288 813 4354 referrent
828 4286 983 4352 attributa
1007 4285 1118 4352 Servis
1133 4286 1190 4351 Dei
1208 4284 1350 4350 nondum
1374 4285 1478 4352 Beati-

298 4414 400 4482 ficatis
423 4414 481 4479 etsi
506 4431 602 4478 causa
622 4407 876 4477 Beatidcationis·
895 4406 1068 4474 nullimode
1092 4405 1198 4472 adhuc
1214 4411 1299 4472 esset
1314 4408 1470 4480 instituta,
