<?xml version="1.0" encoding="UTF-8"?>
<!DOCTYPE html PUBLIC "-//W3C//DTD XHTML 1.0 Transitional//EN"
    "http://www.w3.org/TR/xhtml1/DTD/xhtml1-transitional.dtd">
<html xmlns="http://www.w3.org/1999/xhtml" xml:lang="en" lang="en">
 <head>
  <title>
</title>
<meta http-equiv="Content-Type" content="text/html;charset=utf-8" />
  <meta name='ocr-system' content='tesseract 3.04.00' />
  <meta name='ocr-capabilities' content='ocr_page ocr_carea ocr_par ocr_line ocrx_word'/>
</head>
<body>
  <div class='ocr_page' id='page_1' title='image "./praelectionesin02legagoog_0316.png"; bbox 0 0 3306 5102; ppageno 0'>
   <div class='ocr_carea' id='block_1_1' title="bbox 536 285 1333 360">
    <p class='ocr_par' dir='ltr' id='par_1_1' title="bbox 536 285 1333 360">
     <span class='ocr_line' id='line_1_1' title="bbox 536 285 1333 360; baseline -0.011 -2"><span class='ocrx_word' id='word_1_1' title='bbox 536 313 579 360; x_wconf 79' lang='lat' dir='ltr'><strong>nn</strong></span> <span class='ocrx_word' id='word_1_2' title='bbox 603 313 756 360; x_wconf 80' lang='lat' dir='ltr'><strong>nsnrc&#39;ms</strong></span> <span class='ocrx_word' id='word_1_3' title='bbox 781 313 823 358; x_wconf 83' lang='lat' dir='ltr'><strong>ar</strong></span> <span class='ocrx_word' id='word_1_4' title='bbox 846 311 966 358; x_wconf 72' lang='lat' dir='ltr'><strong>sonnis</strong></span> <span class='ocrx_word' id='word_1_5' title='bbox 1272 285 1333 350; x_wconf 89' lang='lat'><strong>311</strong></span> 
     </span>
    </p>
   </div>
   <div class='ocr_carea' id='block_1_2' title="bbox 162 431 1338 874">
    <p class='ocr_par' dir='ltr' id='par_1_2' title="bbox 162 431 1338 874">
     <span class='ocr_line' id='line_1_2' title="bbox 165 431 1338 520; baseline 0 -27"><span class='ocrx_word' id='word_1_6' title='bbox 165 432 339 506; x_wconf 82' lang='lat' dir='ltr'><strong>Navarrus,</strong></span> <span class='ocrx_word' id='word_1_7' title='bbox 366 433 520 520; x_wconf 72' lang='lat' dir='ltr'><strong>Larymna,</strong></span> <span class='ocrx_word' id='word_1_8' title='bbox 545 434 576 500; x_wconf 91' lang='lat' dir='ltr'><strong>S.</strong></span> <span class='ocrx_word' id='word_1_9' title='bbox 602 433 796 519; x_wconf 81' lang='lat' dir='ltr'><strong>Alpbcnsus,</strong></span> <span class='ocrx_word' id='word_1_10' title='bbox 821 432 1036 505; x_wconf 80' lang='lat' dir='ltr'><strong>Tamburrini</strong></span> <span class='ocrx_word' id='word_1_11' title='bbox 1065 431 1222 495; x_wconf 87' lang='lat' dir='ltr'><strong>Maazotta</strong></span> <span class='ocrx_word' id='word_1_12' title='bbox 1253 431 1338 494; x_wconf 92' lang='lat' dir='ltr'><strong>iuter</strong></span> 
     </span>
     <span class='ocr_line' id='line_1_3' title="bbox 162 556 1338 645; baseline 0.001 -26"><span class='ocrx_word' id='word_1_13' title='bbox 162 557 421 641; x_wconf 82' lang='lat' dir='ltr'><strong>irregularitates</strong></span> <span class='ocrx_word' id='word_1_14' title='bbox 437 577 482 624; x_wconf 80' lang='lat' dir='ltr'><strong>em</strong></span> <span class='ocrx_word' id='word_1_15' title='bbox 501 559 619 626; x_wconf 85' lang='lat' dir='ltr'><strong>delicto</strong></span> <span class='ocrx_word' id='word_1_16' title='bbox 643 579 698 624; x_wconf 90' lang='lat' dir='ltr'><strong>eas</strong></span> <span class='ocrx_word' id='word_1_17' title='bbox 714 556 994 645; x_wconf 90' lang='lat' dir='ltr'><strong>comprehendunt</strong></span> <span class='ocrx_word' id='word_1_18' title='bbox 1008 577 1090 643; x_wconf 88' lang='lat' dir='ltr'><strong>quae</strong></span> <span class='ocrx_word' id='word_1_19' title='bbox 1106 557 1162 622; x_wconf 93' lang='lat' dir='ltr'><strong>illo</strong></span> <span class='ocrx_word' id='word_1_20' title='bbox 1178 557 1338 622; x_wconf 81' lang='lat' dir='ltr'><strong>versiculo</strong></span> 
     </span>
     <span class='ocr_line' id='line_1_4' title="bbox 162 683 1338 766; baseline -0.001 -21"><span class='ocrx_word' id='word_1_21' title='bbox 162 683 379 760; x_wconf 89' lang='lat' dir='ltr'><strong>continentur,</strong></span> <span class='ocrx_word' id='word_1_22' title='bbox 397 685 488 748; x_wconf 82' lang='lat' dir='ltr'><strong>iuxta</strong></span> <span class='ocrx_word' id='word_1_23' title='bbox 511 703 711 751; x_wconf 92' lang='lat' dir='ltr'><strong>communem</strong></span> <span class='ocrx_word' id='word_1_24' title='bbox 736 683 914 751; x_wconf 81' lang='lat' dir='ltr'><strong>doctrinam</strong></span> <span class='ocrx_word' id='word_1_25' title='bbox 932 685 977 748; x_wconf 89' lang='lat' dir='ltr'><strong>ita</strong></span> <span class='ocrx_word' id='word_1_26' title='bbox 996 683 1187 748; x_wconf 91' lang='lat' dir='ltr'><strong>concinnato</strong></span> <span class='ocrx_word' id='word_1_27' title='bbox 1204 701 1224 746; x_wconf 86' lang='lat' dir='ltr'><strong>a</strong></span> <span class='ocrx_word' id='word_1_28' title='bbox 1241 683 1338 766; x_wconf 86' lang='lat' dir='ltr'><strong>Prag-</strong></span> 
     </span>
     <span class='ocr_line' id='line_1_5' title="bbox 163 809 297 874; baseline 0.015 -4"><span class='ocrx_word' id='word_1_29' title='bbox 163 809 297 874; x_wconf 82' lang='lat' dir='ltr'><strong>maticis</strong></span> 
     </span>
    </p>
   </div>
   <div class='ocr_carea' id='block_1_3' title="bbox 251 909 1338 1022">
    <p class='ocr_par' dir='ltr' id='par_1_3' title="bbox 251 909 1338 1022">
     <span class='ocr_line' id='line_1_6' title="bbox 251 909 1338 1022; baseline -0.002 -24"><span class='ocrx_word' id='word_1_30' title='bbox 251 933 328 999; x_wconf 81' lang='lat'>212.</span> <span class='ocrx_word' id='word_1_31' title='bbox 353 935 476 1000; x_wconf 90' lang='lat' dir='ltr'><strong>Verum</strong></span> <span class='ocrx_word' id='word_1_32' title='bbox 502 955 676 1022; x_wconf 86' lang='lat' dir='ltr'><strong>progressu</strong></span> <span class='ocrx_word' id='word_1_33' title='bbox 705 940 863 1008; x_wconf 88' lang='lat' dir='ltr'><strong>aetatum,</strong></span> <span class='ocrx_word' id='word_1_34' title='bbox 888 937 974 1001; x_wconf 91' lang='lat' dir='ltr'><strong>inter</strong></span> <span class='ocrx_word' id='word_1_35' title='bbox 1002 909 1202 1007; x_wconf 77' lang='lat' dir='ltr'><strong>canonistas,¹</strong></span> <span class='ocrx_word' id='word_1_36' title='bbox 1224 933 1338 1000; x_wconf 90' lang='lat' dir='ltr'><strong>melius</strong></span> 
     </span>
    </p>
   </div>
   <div class='ocr_carea' id='block_1_4' title="bbox 161 1059 1338 1391">
    <p class='ocr_par' dir='ltr' id='par_1_4' title="bbox 161 1059 1338 1391">
     <span class='ocr_line' id='line_1_7' title="bbox 161 1059 1337 1146; baseline 0.003 -25"><span class='ocrx_word' id='word_1_37' title='bbox 161 1063 337 1143; x_wconf 87' lang='lat' dir='ltr'><strong>conceptus</strong></span> <span class='ocrx_word' id='word_1_38' title='bbox 359 1060 618 1145; x_wconf 81' lang='lat' dir='ltr'><strong>irregularitatis,</strong></span> <span class='ocrx_word' id='word_1_39' title='bbox 636 1065 793 1144; x_wconf 89' lang='lat' dir='ltr'><strong>quatenus</strong></span> <span class='ocrx_word' id='word_1_40' title='bbox 817 1064 850 1124; x_wconf 90' lang='lat' dir='ltr'><strong>in</strong></span> <span class='ocrx_word' id='word_1_41' title='bbox 875 1062 987 1146; x_wconf 89' lang='lat' dir='ltr'><strong>primis</strong></span> <span class='ocrx_word' id='word_1_42' title='bbox 1006 1065 1055 1126; x_wconf 90' lang='lat' dir='ltr'><strong>est</strong></span> <span class='ocrx_word' id='word_1_43' title='bbox 1078 1059 1337 1146; x_wconf 80' lang='lat' dir='ltr'><strong>impedimentum</strong></span> 
     </span>
     <span class='ocr_line' id='line_1_8' title="bbox 161 1183 1338 1272; baseline 0.001 -26"><span class='ocrx_word' id='word_1_44' title='bbox 161 1186 195 1246; x_wconf 90' lang='lat' dir='ltr'><strong>et</strong></span> <span class='ocrx_word' id='word_1_45' title='bbox 217 1185 306 1267; x_wconf 83' lang='lat' dir='ltr'><strong>quasi</strong></span> <span class='ocrx_word' id='word_1_46' title='bbox 331 1183 523 1259; x_wconf 78' lang='lat' dir='ltr'><strong>inhabilitas</strong></span> <span class='ocrx_word' id='word_1_47' title='bbox 541 1185 691 1272; x_wconf 76' lang='lat' dir='ltr'><strong>distingui</strong></span> <span class='ocrx_word' id='word_1_48' title='bbox 715 1187 822 1270; x_wconf 89' lang='lat' dir='ltr'><strong>coepit</strong></span> <span class='ocrx_word' id='word_1_49' title='bbox 843 1187 990 1271; x_wconf 91' lang='lat' dir='ltr'><strong>apoenis</strong></span> <span class='ocrx_word' id='word_1_50' title='bbox 1014 1186 1144 1271; x_wconf 90' lang='lat' dir='ltr'><strong>proprie</strong></span> <span class='ocrx_word' id='word_1_51' title='bbox 1159 1184 1255 1250; x_wconf 90' lang='lat' dir='ltr'><strong>dictis</strong></span> <span class='ocrx_word' id='word_1_52' title='bbox 1271 1189 1338 1249; x_wconf 92' lang='lat' dir='ltr'><strong>eta</strong></span> 
     </span>
     <span class='ocr_line' id='line_1_9' title="bbox 161 1304 1335 1391; baseline 0.002 -23"><span class='ocrx_word' id='word_1_53' title='bbox 161 1306 319 1370; x_wconf 81' lang='lat' dir='ltr'><strong>censuris.</strong></span> <span class='ocrx_word' id='word_1_54' title='bbox 336 1304 415 1371; x_wconf 90' lang='lat' dir='ltr'><strong>Inde</strong></span> <span class='ocrx_word' id='word_1_55' title='bbox 432 1307 568 1372; x_wconf 90' lang='lat' dir='ltr'><strong>crimina</strong></span> <span class='ocrx_word' id='word_1_56' title='bbox 583 1326 665 1391; x_wconf 88' lang='lat' dir='ltr'><strong>quae</strong></span> <span class='ocrx_word' id='word_1_57' title='bbox 681 1327 724 1372; x_wconf 83' lang='lat' dir='ltr'><strong>ex</strong></span> <span class='ocrx_word' id='word_1_58' title='bbox 740 1307 811 1372; x_wconf 92' lang='lat' dir='ltr'><strong>iure</strong></span> <span class='ocrx_word' id='word_1_59' title='bbox 830 1305 988 1371; x_wconf 81' lang='lat' dir='ltr'><strong>adnexam</strong></span> <span class='ocrx_word' id='word_1_60' title='bbox 1006 1305 1125 1372; x_wconf 89' lang='lat' dir='ltr'><strong>habent</strong></span> <span class='ocrx_word' id='word_1_61' title='bbox 1143 1304 1335 1388; x_wconf 79' lang='lat' dir='ltr'><strong>infamiam,</strong></span> 
     </span>
    </p>
   </div>
   <div class='ocr_carea' id='block_1_5' title="bbox 160 1433 1442 1519">
    <p class='ocr_par' dir='ltr' id='par_1_5' title="bbox 160 1433 1442 1519">
     <span class='ocr_line' id='line_1_10' title="bbox 160 1433 1442 1519; baseline 0.001 -25"><span class='ocrx_word' id='word_1_62' title='bbox 160 1433 330 1496; x_wconf 87' lang='lat' dir='ltr'><strong>aestimata</strong></span> <span class='ocrx_word' id='word_1_63' title='bbox 359 1433 434 1499; x_wconf 88' lang='lat' dir='ltr'><strong>suut</strong></span> <span class='ocrx_word' id='word_1_64' title='bbox 462 1452 581 1519; x_wconf 90' lang='lat' dir='ltr'><strong>parere</strong></span> <span class='ocrx_word' id='word_1_65' title='bbox 610 1433 885 1518; x_wconf 77' lang='lat' dir='ltr'><strong>irregularitatem</strong></span> <span class='ocrx_word' id='word_1_66' title='bbox 914 1451 978 1496; x_wconf 90' lang='lat' dir='ltr'><strong>non</strong></span> <span class='ocrx_word' id='word_1_67' title='bbox 1002 1433 1092 1516; x_wconf 87' lang='lat' dir='ltr'><strong>quasi</strong></span> <span class='ocrx_word' id='word_1_68' title='bbox 1121 1451 1256 1518; x_wconf 90' lang='lat' dir='ltr'><strong>poenam</strong></span> <span class='ocrx_word' id='word_1_69' title='bbox 1281 1452 1337 1496; x_wconf 91' lang='lat' dir='ltr'><strong>seu</strong></span> <span class='ocrx_word' id='word_1_70' title='bbox 1440 1439 1442 1444; x_wconf 87' lang='grc'><strong>’</strong></span> 
     </span>
    </p>
   </div>
   <div class='ocr_carea' id='block_1_6' title="bbox 155 1537 1337 3642">
    <p class='ocr_par' dir='ltr' id='par_1_6' title="bbox 155 1537 1337 3390">
     <span class='ocr_line' id='line_1_11' title="bbox 160 1537 1336 1642; baseline 0.001 -21"><span class='ocrx_word' id='word_1_71' title='bbox 160 1556 335 1622; x_wconf 89' lang='lat' dir='ltr'><strong>vindictam</strong></span> <span class='ocrx_word' id='word_1_72' title='bbox 367 1558 519 1632; x_wconf 87' lang='lat' dir='ltr'><strong>criminis,</strong></span> <span class='ocrx_word' id='word_1_73' title='bbox 544 1564 577 1623; x_wconf 91' lang='lat' dir='ltr'><strong>at</strong></span> <span class='ocrx_word' id='word_1_74' title='bbox 599 1558 702 1642; x_wconf 88' lang='lat' dir='ltr'><strong>magis</strong></span> <span class='ocrx_word' id='word_1_75' title='bbox 724 1556 764 1621; x_wconf 93' lang='lat' dir='ltr'><strong>ob</strong></span> <span class='ocrx_word' id='word_1_76' title='bbox 788 1557 888 1642; x_wconf 85' lang='lat' dir='ltr'><strong>ipsam</strong></span> <span class='ocrx_word' id='word_1_77' title='bbox 915 1556 1079 1622; x_wconf 84' lang='lat' dir='ltr'><strong>infamiam</strong></span> <span class='ocrx_word' id='word_1_78' title='bbox 1103 1577 1160 1622; x_wconf 91' lang='lat' dir='ltr'><strong>seu</strong></span> <span class='ocrx_word' id='word_1_79' title='bbox 1183 1537 1223 1621; x_wconf 88' lang='lat' dir='ltr'><strong>ob</strong></span> <span class='ocrx_word' id='word_1_80' title='bbox 1247 1556 1336 1622; x_wconf 83' lang='lat' dir='ltr'><strong>defe-</strong></span> 
     </span>
     <span class='ocr_line' id='line_1_12' title="bbox 159 1681 1337 1766; baseline 0.001 -21"><span class='ocrx_word' id='word_1_81' title='bbox 159 1686 247 1746; x_wconf 91' lang='lat' dir='ltr'><strong>ctum</strong></span> <span class='ocrx_word' id='word_1_82' title='bbox 270 1681 385 1746; x_wconf 83' lang='lat' dir='ltr'><strong>famae.</strong></span> <span class='ocrx_word' id='word_1_83' title='bbox 412 1718 429 1729; x_wconf 97' lang='lat'>-</span> <span class='ocrx_word' id='word_1_84' title='bbox 457 1683 527 1749; x_wconf 90' lang='lat' dir='ltr'><strong>Hac</strong></span> <span class='ocrx_word' id='word_1_85' title='bbox 550 1682 591 1748; x_wconf 84' lang='lat' dir='ltr'><strong>de</strong></span> <span class='ocrx_word' id='word_1_86' title='bbox 620 1701 719 1749; x_wconf 89' lang='lat' dir='ltr'><strong>causa</strong></span> <span class='ocrx_word' id='word_1_87' title='bbox 742 1682 1016 1766; x_wconf 83' lang='lat' dir='ltr'><strong>irregularitatem</strong></span> <span class='ocrx_word' id='word_1_88' title='bbox 1039 1699 1085 1748; x_wconf 87' lang='lat' dir='ltr'><strong>ecc</strong></span> <span class='ocrx_word' id='word_1_89' title='bbox 1107 1681 1255 1763; x_wconf 80' lang='lat' dir='ltr'><strong>iufamia</strong></span> <span class='ocrx_word' id='word_1_90' title='bbox 1277 1703 1337 1746; x_wconf 90' lang='lat' dir='ltr'><strong>nos</strong></span> 
     </span>
     <span class='ocr_line' id='line_1_13' title="bbox 158 1805 1335 1891; baseline 0.001 -23"><span class='ocrx_word' id='word_1_91' title='bbox 158 1807 256 1868; x_wconf 86' lang='lat' dir='ltr'><strong>etiam</strong></span> <span class='ocrx_word' id='word_1_92' title='bbox 280 1825 487 1872; x_wconf 86' lang='lat' dir='ltr'><strong>recensemus</strong></span> <span class='ocrx_word' id='word_1_93' title='bbox 510 1807 596 1874; x_wconf 92' lang='lat' dir='ltr'><strong>inter</strong></span> <span class='ocrx_word' id='word_1_94' title='bbox 618 1807 878 1891; x_wconf 88' lang='lat' dir='ltr'><strong>irregularitates</strong></span> <span class='ocrx_word' id='word_1_95' title='bbox 895 1827 937 1871; x_wconf 88' lang='lat' dir='ltr'><strong>cx</strong></span> <span class='ocrx_word' id='word_1_96' title='bbox 954 1805 1098 1881; x_wconf 85' lang='lat' dir='ltr'><strong>delectu;</strong></span> <span class='ocrx_word' id='word_1_97' title='bbox 1124 1811 1156 1871; x_wconf 89' lang='lat' dir='ltr'><strong>et</strong></span> <span class='ocrx_word' id='word_1_98' title='bbox 1179 1805 1255 1870; x_wconf 90' lang='lat' dir='ltr'><strong>inibi</strong></span> <span class='ocrx_word' id='word_1_99' title='bbox 1280 1827 1335 1870; x_wconf 85' lang='lat' dir='ltr'><strong>ex-</strong></span> 
     </span>
     <span class='ocr_line' id='line_1_14' title="bbox 159 1926 1336 2012; baseline 0.003 -20"><span class='ocrx_word' id='word_1_100' title='bbox 159 1926 300 2012; x_wconf 87' lang='lat' dir='ltr'><strong>plicatur</strong></span> <span class='ocrx_word' id='word_1_101' title='bbox 315 1927 429 2011; x_wconf 89' lang='lat' dir='ltr'><strong>quibus</strong></span> <span class='ocrx_word' id='word_1_102' title='bbox 444 1928 633 1994; x_wconf 90' lang='lat' dir='ltr'><strong>criminibus</strong></span> <span class='ocrx_word' id='word_1_103' title='bbox 648 1929 824 1994; x_wconf 86' lang='lat' dir='ltr'><strong>cohaereat</strong></span> <span class='ocrx_word' id='word_1_104' title='bbox 839 1929 922 1994; x_wconf 87' lang='lat' dir='ltr'><strong>haec</strong></span> <span class='ocrx_word' id='word_1_105' title='bbox 942 1928 1074 1994; x_wconf 82' lang='lat' dir='ltr'><strong>infamia</strong></span> <span class='ocrx_word' id='word_1_106' title='bbox 1097 1931 1131 1992; x_wconf 90' lang='lat' dir='ltr'><strong>et</strong></span> <span class='ocrx_word' id='word_1_107' title='bbox 1153 1928 1230 1993; x_wconf 92' lang='lat' dir='ltr'><strong>hinc</strong></span> <span class='ocrx_word' id='word_1_108' title='bbox 1253 1930 1336 1996; x_wconf 91' lang='lat' dir='ltr'><strong>irre·</strong></span> 
     </span>
     <span class='ocr_line' id='line_1_15' title="bbox 158 2053 1336 2140; baseline 0.004 -22"><span class='ocrx_word' id='word_1_109' title='bbox 158 2053 327 2140; x_wconf 86' lang='lat' dir='ltr'><strong>gularites.</strong></span> <span class='ocrx_word' id='word_1_110' title='bbox 345 2091 362 2104; x_wconf 93' lang='lat'><em>-</em></span> <span class='ocrx_word' id='word_1_111' title='bbox 387 2055 564 2122; x_wconf 88' lang='lat' dir='ltr'><strong>Praeterea</strong></span> <span class='ocrx_word' id='word_1_112' title='bbox 586 2055 791 2122; x_wconf 92' lang='lat' dir='ltr'><strong>homicidium</strong></span> <span class='ocrx_word' id='word_1_113' title='bbox 815 2061 848 2121; x_wconf 91' lang='lat' dir='ltr'><strong>et</strong></span> <span class='ocrx_word' id='word_1_114' title='bbox 871 2057 1036 2127; x_wconf 83' lang='lat' dir='ltr'><strong>mutilatio,</strong></span> <span class='ocrx_word' id='word_1_115' title='bbox 1061 2055 1232 2140; x_wconf 86' lang='lat' dir='ltr'><strong>aliquando</strong></span> <span class='ocrx_word' id='word_1_116' title='bbox 1255 2057 1336 2122; x_wconf 90' lang='lat' dir='ltr'><strong>deli-</strong></span> 
     </span>
     <span class='ocr_line' id='line_1_16' title="bbox 158 2180 1337 2266; baseline 0.003 -23"><span class='ocrx_word' id='word_1_117' title='bbox 158 2185 248 2245; x_wconf 93' lang='lat' dir='ltr'><strong>ctum</strong></span> <span class='ocrx_word' id='word_1_118' title='bbox 271 2181 470 2248; x_wconf 90' lang='lat' dir='ltr'><strong>constituunt</strong></span> <span class='ocrx_word' id='word_1_119' title='bbox 492 2187 525 2245; x_wconf 91' lang='lat' dir='ltr'><strong>et</strong></span> <span class='ocrx_word' id='word_1_120' title='bbox 547 2181 829 2266; x_wconf 83' lang='lat' dir='ltr'><strong>irregularitatem·</strong></span> <span class='ocrx_word' id='word_1_121' title='bbox 843 2180 1063 2246; x_wconf 83' lang='lat' dir='ltr'><strong>secumferuut</strong></span> <span class='ocrx_word' id='word_1_122' title='bbox 1085 2199 1130 2248; x_wconf 85' lang='lat' dir='ltr'><strong>eac</strong></span> <span class='ocrx_word' id='word_1_123' title='bbox 1153 2181 1272 2247; x_wconf 86' lang='lat' dir='ltr'><strong>delicto</strong></span> <span class='ocrx_word' id='word_1_124' title='bbox 1296 2181 1337 2246; x_wconf 86' lang='lat' dir='ltr'><strong>ad</strong></span> 
     </span>
     <span class='ocr_line' id='line_1_17' title="bbox 157 2305 1337 2395; baseline 0.006 -28"><span class='ocrx_word' id='word_1_125' title='bbox 157 2305 264 2368; x_wconf 86' lang='lat' dir='ltr'><strong>instar</strong></span> <span class='ocrx_word' id='word_1_126' title='bbox 287 2324 420 2389; x_wconf 86' lang='lat' dir='ltr'><strong>poenae,</strong></span> <span class='ocrx_word' id='word_1_127' title='bbox 444 2310 478 2371; x_wconf 91' lang='lat' dir='ltr'><strong>at</strong></span> <span class='ocrx_word' id='word_1_128' title='bbox 500 2325 566 2370; x_wconf 92' lang='lat' dir='ltr'><strong>non</strong></span> <span class='ocrx_word' id='word_1_129' title='bbox 593 2306 692 2371; x_wconf 88' lang='lat' dir='ltr'><strong>semel</strong></span> <span class='ocrx_word' id='word_1_130' title='bbox 716 2308 779 2372; x_wconf 87' lang='lat' dir='ltr'><strong>ista</strong></span> <span class='ocrx_word' id='word_1_131' title='bbox 807 2307 892 2372; x_wconf 87' lang='lat' dir='ltr'><strong>lacta</strong></span> <span class='ocrx_word' id='word_1_132' title='bbox 922 2313 997 2373; x_wconf 90' lang='lat' dir='ltr'><strong>sunt</strong></span> <span class='ocrx_word' id='word_1_133' title='bbox 1025 2312 1116 2373; x_wconf 85' lang='lat' dir='ltr'><strong>actus</strong></span> <span class='ocrx_word' id='word_1_134' title='bbox 1146 2308 1279 2395; x_wconf 87' lang='lat' dir='ltr'><strong>legitimi</strong></span> <span class='ocrx_word' id='word_1_135' title='bbox 1304 2312 1337 2374; x_wconf 87' lang='lat' dir='ltr'><strong>et</strong></span> 
     </span>
     <span class='ocr_line' id='line_1_18' title="bbox 158 2427 1334 2514; baseline 0.005 -24"><span class='ocrx_word' id='word_1_136' title='bbox 158 2429 244 2494; x_wconf 89' lang='lat' dir='ltr'><strong>iusti.</strong></span> <span class='ocrx_word' id='word_1_137' title='bbox 264 2429 343 2494; x_wconf 90' lang='lat' dir='ltr'><strong>Item</strong></span> <span class='ocrx_word' id='word_1_138' title='bbox 365 2427 483 2514; x_wconf 86' lang='lat' dir='ltr'><strong>bigami</strong></span> <span class='ocrx_word' id='word_1_139' title='bbox 506 2435 562 2494; x_wconf 90' lang='lat' dir='ltr'><strong>aut</strong></span> <span class='ocrx_word' id='word_1_140' title='bbox 584 2430 712 2514; x_wconf 88' lang='lat' dir='ltr'><strong>trigami</strong></span> <span class='ocrx_word' id='word_1_141' title='bbox 735 2431 789 2514; x_wconf 89' lang='lat' dir='ltr'><strong>qui</strong></span> <span class='ocrx_word' id='word_1_142' title='bbox 813 2430 893 2495; x_wconf 84' lang='lat' dir='ltr'><strong>duas</strong></span> <span class='ocrx_word' id='word_1_143' title='bbox 908 2436 964 2496; x_wconf 90' lang='lat' dir='ltr'><strong>aut</strong></span> <span class='ocrx_word' id='word_1_144' title='bbox 979 2435 1046 2496; x_wconf 91' lang='lat' dir='ltr'><strong>tres</strong></span> <span class='ocrx_word' id='word_1_145' title='bbox 1062 2430 1184 2499; x_wconf 91' lang='lat' dir='ltr'><strong>habent</strong></span> <span class='ocrx_word' id='word_1_146' title='bbox 1206 2451 1334 2504; x_wconf 81' lang='lat' dir='ltr'><strong>uxores,</strong></span> 
     </span>
     <span class='ocr_line' id='line_1_19' title="bbox 157 2553 1335 2643; baseline 0.003 -26"><span class='ocrx_word' id='word_1_147' title='bbox 157 2573 225 2617; x_wconf 90' lang='lat' dir='ltr'><strong>non</strong></span> <span class='ocrx_word' id='word_1_148' title='bbox 247 2553 350 2620; x_wconf 63' lang='lat' dir='ltr'><strong>amat</strong></span> <span class='ocrx_word' id='word_1_149' title='bbox 364 2553 420 2618; x_wconf 89' lang='lat' dir='ltr'><strong>sed</strong></span> <span class='ocrx_word' id='word_1_150' title='bbox 435 2554 629 2627; x_wconf 79' lang='lat' dir='ltr'><strong>successive,</strong></span> <span class='ocrx_word' id='word_1_151' title='bbox 646 2559 721 2620; x_wconf 91' lang='lat' dir='ltr'><strong>sunt</strong></span> <span class='ocrx_word' id='word_1_152' title='bbox 737 2556 936 2640; x_wconf 88' lang='lat' dir='ltr'><strong>irregulares</strong></span> <span class='ocrx_word' id='word_1_153' title='bbox 958 2575 1003 2622; x_wconf 79' lang='lat' dir='ltr'><strong>ecc</strong></span> <span class='ocrx_word' id='word_1_154' title='bbox 1027 2555 1159 2638; x_wconf 82' lang='lat' dir='ltr'><strong>defectu</strong></span> <span class='ocrx_word' id='word_1_155' title='bbox 1182 2557 1222 2622; x_wconf 92' lang='lat' dir='ltr'><strong>ob</strong></span> <span class='ocrx_word' id='word_1_156' title='bbox 1245 2555 1335 2643; x_wconf 87' lang='lat' dir='ltr'><strong>biga-</strong></span> 
     </span>
     <span class='ocr_line' id='line_1_20' title="bbox 157 2679 1336 2768; baseline 0.003 -24"><span class='ocrx_word' id='word_1_157' title='bbox 157 2681 255 2744; x_wconf 90' lang='lat' dir='ltr'><strong>miam</strong></span> <span class='ocrx_word' id='word_1_158' title='bbox 268 2699 386 2746; x_wconf 83' lang='lat' dir='ltr'><strong>veram</strong></span> <span class='ocrx_word' id='word_1_159' title='bbox 402 2685 435 2745; x_wconf 93' lang='lat' dir='ltr'><strong>at</strong></span> <span class='ocrx_word' id='word_1_160' title='bbox 448 2685 558 2765; x_wconf 88' lang='lat' dir='ltr'><strong>postea</strong></span> <span class='ocrx_word' id='word_1_161' title='bbox 571 2679 722 2746; x_wconf 88' lang='lat' dir='ltr'><strong>inductae</strong></span> <span class='ocrx_word' id='word_1_162' title='bbox 735 2680 866 2747; x_wconf 85' lang='lat' dir='ltr'><strong>luerunt</strong></span> <span class='ocrx_word' id='word_1_163' title='bbox 878 2683 973 2748; x_wconf 92' lang='lat' dir='ltr'><strong>etiam</strong></span> <span class='ocrx_word' id='word_1_164' title='bbox 986 2681 1124 2768; x_wconf 88' lang='lat' dir='ltr'><strong>bigamia</strong></span> <span class='ocrx_word' id='word_1_165' title='bbox 1137 2684 1336 2766; x_wconf 78' lang='lat' dir='ltr'><strong>interpreta-</strong></span> 
     </span>
     <span class='ocr_line' id='line_1_21' title="bbox 156 2803 1334 2888; baseline 0.004 -20"><span class='ocrx_word' id='word_1_166' title='bbox 156 2803 229 2868; x_wconf 83' lang='lat' dir='ltr'><strong>tiva</strong></span> <span class='ocrx_word' id='word_1_167' title='bbox 252 2807 284 2866; x_wconf 92' lang='lat' dir='ltr'><strong>et</strong></span> <span class='ocrx_word' id='word_1_168' title='bbox 305 2803 587 2868; x_wconf 79' lang='lat' dir='ltr'><strong>similitudinarie</strong></span> <span class='ocrx_word' id='word_1_169' title='bbox 604 2820 686 2887; x_wconf 88' lang='lat' dir='ltr'><strong>quae</strong></span> <span class='ocrx_word' id='word_1_170' title='bbox 701 2823 761 2888; x_wconf 94' lang='lat' dir='ltr'><strong>pro</strong></span> <span class='ocrx_word' id='word_1_171' title='bbox 776 2803 913 2870; x_wconf 92' lang='lat' dir='ltr'><strong>diversis</strong></span> <span class='ocrx_word' id='word_1_172' title='bbox 927 2805 1054 2870; x_wconf 87' lang='lat' dir='ltr'><strong>casibus</strong></span> <span class='ocrx_word' id='word_1_173' title='bbox 1070 2810 1126 2870; x_wconf 86' lang='lat' dir='ltr'><strong>aut</strong></span> <span class='ocrx_word' id='word_1_174' title='bbox 1148 2825 1193 2872; x_wconf 80' lang='lat' dir='ltr'><strong>ecc</strong></span> <span class='ocrx_word' id='word_1_175' title='bbox 1216 2805 1334 2873; x_wconf 84' lang='lat' dir='ltr'><strong>delicto</strong></span> 
     </span>
     <span class='ocr_line' id='line_1_22' title="bbox 156 2925 1335 3013; baseline 0.003 -23"><span class='ocrx_word' id='word_1_176' title='bbox 156 2932 215 2991; x_wconf 90' lang='lat' dir='ltr'><strong>aut</strong></span> <span class='ocrx_word' id='word_1_177' title='bbox 237 2945 283 2992; x_wconf 80' lang='lat' dir='ltr'><strong>ecc</strong></span> <span class='ocrx_word' id='word_1_178' title='bbox 306 2925 438 3008; x_wconf 82' lang='lat' dir='ltr'><strong>defectu</strong></span> <span class='ocrx_word' id='word_1_179' title='bbox 461 2928 736 3013; x_wconf 83' lang='lat' dir='ltr'><strong>irregularitatem</strong></span> <span class='ocrx_word' id='word_1_180' title='bbox 759 2926 990 2995; x_wconf 87' lang='lat' dir='ltr'><strong>secumleruut.</strong></span> <span class='ocrx_word' id='word_1_181' title='bbox 1016 2927 1231 3002; x_wconf 77' lang='lat' dir='ltr'><strong>Quamobrem</strong></span> <span class='ocrx_word' id='word_1_182' title='bbox 1256 2931 1335 2994; x_wconf 80' lang='lat' dir='ltr'><strong>irre</strong></span> 
     </span>
     <span class='ocr_line' id='line_1_23' title="bbox 156 3051 1334 3139; baseline 0.003 -25"><span class='ocrx_word' id='word_1_183' title='bbox 156 3051 349 3136; x_wconf 87' lang='lat' dir='ltr'><strong>gularitates</strong></span> <span class='ocrx_word' id='word_1_184' title='bbox 376 3051 494 3118; x_wconf 86' lang='lat' dir='ltr'><strong>exinde</strong></span> <span class='ocrx_word' id='word_1_185' title='bbox 524 3054 752 3137; x_wconf 88' lang='lat' dir='ltr'><strong>provenientes</strong></span> <span class='ocrx_word' id='word_1_186' title='bbox 782 3053 844 3118; x_wconf 89' lang='lat' dir='ltr'><strong>hoc</strong></span> <span class='ocrx_word' id='word_1_187' title='bbox 874 3056 1040 3139; x_wconf 90' lang='lat' dir='ltr'><strong>proprium</strong></span> <span class='ocrx_word' id='word_1_188' title='bbox 1072 3052 1193 3118; x_wconf 91' lang='lat' dir='ltr'><strong>habent</strong></span> <span class='ocrx_word' id='word_1_189' title='bbox 1218 3059 1254 3120; x_wconf 90' lang='lat' dir='ltr'><strong>ut</strong></span> <span class='ocrx_word' id='word_1_190' title='bbox 1276 3055 1334 3119; x_wconf 92' lang='lat' dir='ltr'><strong>ali-</strong></span> 
     </span>
     <span class='ocr_line' id='line_1_24' title="bbox 156 3145 1334 3265; baseline 0.002 -23"><span class='ocrx_word' id='word_1_191' title='bbox 156 3145 286 3262; x_wconf 82' lang='lat' dir='ltr'><strong>quando</strong></span> <span class='ocrx_word' id='word_1_192' title='bbox 309 3198 355 3244; x_wconf 76' lang='lat' dir='ltr'><strong>ee</strong></span> <span class='ocrx_word' id='word_1_193' title='bbox 378 3178 496 3244; x_wconf 87' lang='lat' dir='ltr'><strong>delicto</strong></span> <span class='ocrx_word' id='word_1_194' title='bbox 520 3179 692 3264; x_wconf 86' lang='lat' dir='ltr'><strong>aliquando</strong></span> <span class='ocrx_word' id='word_1_195' title='bbox 715 3198 761 3245; x_wconf 84' lang='lat' dir='ltr'><strong>ecc</strong></span> <span class='ocrx_word' id='word_1_196' title='bbox 782 3177 915 3260; x_wconf 76' lang='lat' dir='ltr'><strong>defectu</strong></span> <span class='ocrx_word' id='word_1_197' title='bbox 936 3180 1141 3265; x_wconf 88' lang='lat' dir='ltr'><strong>proveniant;</strong></span> <span class='ocrx_word' id='word_1_198' title='bbox 1166 3186 1199 3245; x_wconf 90' lang='lat' dir='ltr'><strong>et</strong></span> <span class='ocrx_word' id='word_1_199' title='bbox 1221 3179 1261 3245; x_wconf 88' lang='lat' dir='ltr'><strong>de</strong></span> <span class='ocrx_word' id='word_1_200' title='bbox 1284 3180 1334 3245; x_wconf 90' lang='lat' dir='ltr'><strong>his</strong></span> 
     </span>
     <span class='ocr_line' id='line_1_25' title="bbox 155 3305 806 3390; baseline 0.005 -22"><span class='ocrx_word' id='word_1_201' title='bbox 155 3305 330 3390; x_wconf 85' lang='lat' dir='ltr'><strong>specialem</strong></span> <span class='ocrx_word' id='word_1_202' title='bbox 355 3307 546 3372; x_wconf 88' lang='lat' dir='ltr'><strong>instituimus</strong></span> <span class='ocrx_word' id='word_1_203' title='bbox 570 3307 806 3374; x_wconf 86' lang='lat' dir='ltr'><strong>tractationem.</strong></span> 
     </span>
    </p>

    <p class='ocr_par' dir='ltr' id='par_1_7' title="bbox 157 3432 1332 3642">
     <span class='ocr_line' id='line_1_26' title="bbox 204 3432 1332 3520; baseline 0.008 -27"><span class='ocrx_word' id='word_1_204' title='bbox 204 3485 207 3492; x_wconf 92' lang='lat'>.</span> <span class='ocrx_word' id='word_1_205' title='bbox 249 3434 362 3515; x_wconf 89' lang='lat' dir='ltr'><strong>ltaque</strong></span> <span class='ocrx_word' id='word_1_206' title='bbox 375 3451 422 3498; x_wconf 80' lang='lat' dir='ltr'><strong>ecc</strong></span> <span class='ocrx_word' id='word_1_207' title='bbox 438 3432 557 3500; x_wconf 83' lang='lat' dir='ltr'><strong>delicto</strong></span> <span class='ocrx_word' id='word_1_208' title='bbox 574 3433 738 3500; x_wconf 84' lang='lat' dir='ltr'><strong>exclusive</strong></span> <span class='ocrx_word' id='word_1_209' title='bbox 755 3435 946 3520; x_wconf 86' lang='lat' dir='ltr'><strong>irregularis</strong></span> <span class='ocrx_word' id='word_1_210' title='bbox 961 3439 1011 3499; x_wconf 89' lang='lat' dir='ltr'><strong>est</strong></span> <span class='ocrx_word' id='word_1_211' title='bbox 1026 3436 1079 3518; x_wconf 92' lang='lat' dir='ltr'><strong>qui</strong></span> <span class='ocrx_word' id='word_1_212' title='bbox 1097 3435 1200 3518; x_wconf 78' lang='lat' dir='ltr'><strong>fonte,</strong></span> <span class='ocrx_word' id='word_1_213' title='bbox 1217 3438 1332 3510; x_wconf 80' lang='lat' dir='ltr'><strong>sceris,</strong></span> 
     </span>
     <span class='ocr_line' id='line_1_27' title="bbox 157 3554 1236 3642; baseline 0.004 -22"><span class='ocrx_word' id='word_1_214' title='bbox 157 3573 305 3620; x_wconf 78' lang='lat' dir='ltr'><strong>censura</strong></span> <span class='ocrx_word' id='word_1_215' title='bbox 329 3574 405 3619; x_wconf 91' lang='lat' dir='ltr'><strong>reus</strong></span> <span class='ocrx_word' id='word_1_216' title='bbox 428 3561 486 3636; x_wconf 88' lang='lat' dir='ltr'><strong>est,</strong></span> <span class='ocrx_word' id='word_1_217' title='bbox 510 3556 601 3620; x_wconf 85' lang='lat' dir='ltr'><strong>iuxta</strong></span> <span class='ocrx_word' id='word_1_218' title='bbox 624 3554 889 3641; x_wconf 89' lang='lat' dir='ltr'><strong>significationem</strong></span> <span class='ocrx_word' id='word_1_219' title='bbox 913 3577 1011 3642; x_wconf 86' lang='lat' dir='ltr'><strong>supra</strong></span> <span class='ocrx_word' id='word_1_220' title='bbox 1034 3558 1236 3642; x_wconf 86' lang='lat' dir='ltr'><strong>explicatam.</strong></span> 
     </span>
    </p>
   </div>
   <div class='ocr_carea' id='block_1_7' title="bbox 156 3761 1333 4090">
    <p class='ocr_par' dir='ltr' id='par_1_8' title="bbox 156 3761 1333 4090">
     <span class='ocr_line' id='line_1_28' title="bbox 156 3761 1332 3875; baseline 0.005 -21"><span class='ocrx_word' id='word_1_221' title='bbox 156 3801 286 3872; x_wconf 87' lang='lat' dir='ltr'><strong>publicae</strong></span> <span class='ocrx_word' id='word_1_222' title='bbox 311 3802 509 3870; x_wconf 82' lang='lat' dir='ltr'><strong>subicebantur</strong></span> <span class='ocrx_word' id='word_1_223' title='bbox 533 3807 571 3872; x_wconf 85' lang='lat' dir='ltr'><strong>et</strong></span> <span class='ocrx_word' id='word_1_224' title='bbox 587 3804 761 3871; x_wconf 88' lang='lat' dir='ltr'><strong>poenitentes</strong></span> <span class='ocrx_word' id='word_1_225' title='bbox 786 3805 953 3858; x_wconf 85' lang='lat' dir='ltr'><strong>arcebantur</strong></span> <span class='ocrx_word' id='word_1_226' title='bbox 977 3823 994 3858; x_wconf 88' lang='lat' dir='ltr'><strong>a</strong></span> <span class='ocrx_word' id='word_1_227' title='bbox 1017 3823 1038 3857; x_wconf 91' lang='lat' dir='ltr'><strong>s.</strong></span> <span class='ocrx_word' id='word_1_228' title='bbox 1064 3761 1253 3870; x_wconf 79' lang='lat' dir='ltr'><strong>ordinatibn03</strong></span> <span class='ocrx_word' id='word_1_229' title='bbox 1273 3823 1332 3875; x_wconf 84' lang='lat' dir='ltr'><strong>arg.</strong></span> 
     </span>
     <span class='ocr_line' id='line_1_29' title="bbox 157 3879 1333 3982; baseline 0.003 -18"><span class='ocrx_word' id='word_1_230' title='bbox 157 3879 184 3964; x_wconf 74' lang='lat' dir='ltr'><strong>c.</strong></span> <span class='ocrx_word' id='word_1_231' title='bbox 198 3929 221 3964; x_wconf 93' lang='lat' dir='ltr'><strong>c.</strong></span> <span class='ocrx_word' id='word_1_232' title='bbox 241 3909 261 3962; x_wconf 85' lang='grc'><strong><em>4</em></strong></span> <span class='ocrx_word' id='word_1_233' title='bbox 274 3919 301 3964; x_wconf 86' lang='lat' dir='ltr'><strong>et</strong></span> <span class='ocrx_word' id='word_1_234' title='bbox 314 3910 353 3963; x_wconf 90' lang='lat'><strong>17</strong></span> <span class='ocrx_word' id='word_1_235' title='bbox 367 3911 408 3964; x_wconf 85' lang='lat' dir='ltr'><strong>De</strong></span> <span class='ocrx_word' id='word_1_236' title='bbox 422 3919 503 3982; x_wconf 84' lang='lat' dir='ltr'><strong>temp.</strong></span> <span class='ocrx_word' id='word_1_237' title='bbox 518 3914 578 3966; x_wconf 83' lang='lat' dir='ltr'><strong>ord.</strong></span> <span class='ocrx_word' id='word_1_238' title='bbox 594 3911 623 3964; x_wconf 89' lang='lat' dir='ltr'><em>X</em></span> <span class='ocrx_word' id='word_1_239' title='bbox 640 3910 673 3979; x_wconf 84' lang='lat' dir='ltr'><strong>(l,</strong></span> <span class='ocrx_word' id='word_1_240' title='bbox 690 3910 739 3982; x_wconf 89' lang='lat' dir='ltr'><strong>ll).</strong></span> <span class='ocrx_word' id='word_1_241' title='bbox 761 3911 829 3965; x_wconf 82' lang='lat' dir='ltr'><strong>Cum</strong></span> <span class='ocrx_word' id='word_1_242' title='bbox 842 3911 955 3966; x_wconf 82' lang='lat' dir='ltr'><strong>saeculo</strong></span> <span class='ocrx_word' id='word_1_243' title='bbox 968 3911 1135 3967; x_wconf 88' lang='lat' dir='ltr'><strong>duodecimo</strong></span> <span class='ocrx_word' id='word_1_244' title='bbox 1145 3913 1204 3981; x_wconf 85' lang='lat' dir='ltr'><strong>ipsa</strong></span> <span class='ocrx_word' id='word_1_245' title='bbox 1221 3915 1333 3982; x_wconf 79' lang='lat' dir='ltr'><strong>publica</strong></span> 
     </span>
     <span class='ocr_line' id='line_1_30' title="bbox 158 4017 1332 4090; baseline 0.002 -19"><span class='ocrx_word' id='word_1_246' title='bbox 158 4017 332 4086; x_wconf 89' lang='lat' dir='ltr'><strong>poenitentia</strong></span> <span class='ocrx_word' id='word_1_247' title='bbox 350 4018 452 4072; x_wconf 84' lang='lat' dir='ltr'><strong>sensim</strong></span> <span class='ocrx_word' id='word_1_248' title='bbox 472 4018 577 4072; x_wconf 85' lang='lat' dir='ltr'><strong>abolita</strong></span> <span class='ocrx_word' id='word_1_249' title='bbox 595 4019 633 4072; x_wconf 91' lang='lat' dir='ltr'><strong>sit</strong></span> <span class='ocrx_word' id='word_1_250' title='bbox 651 4019 799 4072; x_wconf 87' lang='lat' dir='ltr'><strong>contrariis</strong></span> <span class='ocrx_word' id='word_1_251' title='bbox 818 4020 949 4086; x_wconf 90' lang='lat' dir='ltr'><strong>moribus,</strong></span> <span class='ocrx_word' id='word_1_252' title='bbox 963 4020 992 4074; x_wconf 92' lang='lat' dir='ltr'><strong>in</strong></span> <span class='ocrx_word' id='word_1_253' title='bbox 1008 4019 1127 4090; x_wconf 90' lang='lat' dir='ltr'><strong>publicis</strong></span> <span class='ocrx_word' id='word_1_254' title='bbox 1139 4019 1248 4073; x_wconf 90' lang='lat' dir='ltr'><strong>delictis</strong></span> <span class='ocrx_word' id='word_1_255' title='bbox 1266 4037 1332 4073; x_wconf 90' lang='lat' dir='ltr'><strong>con-</strong></span> 
     </span>
    </p>
   </div>
   <div class='ocr_carea' id='block_1_8' title="bbox 157 4124 1333 4302">
    <p class='ocr_par' dir='ltr' id='par_1_9' title="bbox 157 4124 1333 4302">
     <span class='ocr_line' id='line_1_31' title="bbox 157 4124 1333 4197; baseline 0.003 -21"><span class='ocrx_word' id='word_1_256' title='bbox 157 4124 281 4179; x_wconf 86' lang='lat' dir='ltr'><strong>siderata</strong></span> <span class='ocrx_word' id='word_1_257' title='bbox 299 4129 342 4180; x_wconf 89' lang='lat' dir='ltr'><strong>est</strong></span> <span class='ocrx_word' id='word_1_258' title='bbox 360 4135 425 4179; x_wconf 84' lang='lat' dir='ltr'><strong>nota</strong></span> <span class='ocrx_word' id='word_1_259' title='bbox 444 4129 594 4197; x_wconf 78' lang='lat' dir='ltr'><strong>r&#39;nsamiae,·</strong></span> <span class='ocrx_word' id='word_1_260' title='bbox 615 4127 705 4194; x_wconf 90' lang='lat' dir='ltr'><strong>prouti</strong></span> <span class='ocrx_word' id='word_1_261' title='bbox 726 4126 848 4195; x_wconf 85' lang='lat' dir='ltr'><strong>explicat</strong></span> <span class='ocrx_word' id='word_1_262' title='bbox 869 4127 968 4181; x_wconf 88' lang='lat' dir='ltr'><strong>Bened.</strong></span> <span class='ocrx_word' id='word_1_263' title='bbox 982 4126 1047 4180; x_wconf 87' lang='lat' dir='ltr'><strong>lllV</strong></span> <span class='ocrx_word' id='word_1_264' title='bbox 1068 4127 1108 4181; x_wconf 83' lang='lat' dir='ltr'><strong>De</strong></span> <span class='ocrx_word' id='word_1_265' title='bbox 1121 4144 1180 4196; x_wconf 76' lang='lat' dir='ltr'><strong>syn.</strong></span> <span class='ocrx_word' id='word_1_266' title='bbox 1197 4127 1249 4192; x_wconf 83' lang='lat' dir='ltr'><strong>XI,</strong></span> <span class='ocrx_word' id='word_1_267' title='bbox 1268 4146 1290 4180; x_wconf 92' lang='lat' dir='ltr'><strong>c.</strong></span> <span class='ocrx_word' id='word_1_268' title='bbox 1304 4129 1333 4192; x_wconf 85' lang='lat'><strong>2,</strong></span> 
     </span>
     <span class='ocr_line' id='line_1_32' title="bbox 157 4229 1331 4302; baseline 0 -20"><span class='ocrx_word' id='word_1_269' title='bbox 157 4231 287 4282; x_wconf 79' lang='lat' dir='ltr'><strong><em>n.17.-</em></strong></span> <span class='ocrx_word' id='word_1_270' title='bbox 308 4229 397 4300; x_wconf 83' lang='lat' dir='ltr'><strong>Supra</strong></span> <span class='ocrx_word' id='word_1_271' title='bbox 414 4249 441 4283; x_wconf 82' lang='lat' dir='ltr'><strong>n.</strong></span> <span class='ocrx_word' id='word_1_272' title='bbox 460 4231 524 4283; x_wconf 82' lang='lat'><strong>209</strong></span> <span class='ocrx_word' id='word_1_273' title='bbox 547 4231 717 4284; x_wconf 86' lang='lat' dir='ltr'><strong>advertimus</strong></span> <span class='ocrx_word' id='word_1_274' title='bbox 741 4231 830 4302; x_wconf 88' lang='lat' dir='ltr'><strong>quoad</strong></span> <span class='ocrx_word' id='word_1_275' title='bbox 856 4233 972 4285; x_wconf 88' lang='lat' dir='ltr'><strong>crimina</strong></span> <span class='ocrx_word' id='word_1_276' title='bbox 994 4233 1112 4298; x_wconf 74' lang='lat' dir='ltr'><strong>occtelta,</strong></span> <span class='ocrx_word' id='word_1_277' title='bbox 1131 4231 1205 4285; x_wconf 89' lang='lat' dir='ltr'><strong>Trid.</strong></span> <span class='ocrx_word' id='word_1_278' title='bbox 1227 4231 1331 4286; x_wconf 87' lang='lat' dir='ltr'><strong>Concil.</strong></span> 
     </span>
    </p>
   </div>
   <div class='ocr_carea' id='block_1_9' title="bbox 157 4319 1332 4498">
    <p class='ocr_par' dir='ltr' id='par_1_10' title="bbox 157 4319 1332 4498">
     <span class='ocr_line' id='line_1_33' title="bbox 157 4319 1332 4410; baseline 0.002 -21"><span class='ocrx_word' id='word_1_279' title='bbox 157 4351 224 4391; x_wconf 82' lang='lat' dir='ltr'><strong>sess.</strong></span> <span class='ocrx_word' id='word_1_280' title='bbox 238 4337 283 4402; x_wconf 80' lang='lat'><strong>14,</strong></span> <span class='ocrx_word' id='word_1_281' title='bbox 303 4357 325 4392; x_wconf 89' lang='lat' dir='ltr'><strong>c.</strong></span> <span class='ocrx_word' id='word_1_282' title='bbox 341 4339 355 4390; x_wconf 84' lang='lat'><strong><em>1</em></strong></span> <span class='ocrx_word' id='word_1_283' title='bbox 375 4339 415 4393; x_wconf 86' lang='lat' dir='ltr'><strong>Dc</strong></span> <span class='ocrx_word' id='word_1_284' title='bbox 435 4341 489 4403; x_wconf 74' lang='lat' dir='ltr'><strong>ref.</strong></span> <span class='ocrx_word' id='word_1_285' title='bbox 503 4338 666 4393; x_wconf 74' lang='lat' dir='ltr'><strong>facilitatem</strong></span> <span class='ocrx_word' id='word_1_286' title='bbox 679 4339 776 4392; x_wconf 83' lang='lat' dir='ltr'><strong>fecisse</strong></span> <span class='ocrx_word' id='word_1_287' title='bbox 797 4339 939 4408; x_wconf 85' lang='lat' dir='ltr'><strong>Episcopis</strong></span> <span class='ocrx_word' id='word_1_288' title='bbox 954 4319 1117 4410; x_wconf 77' lang='lat' dir='ltr'><strong>procedendi</strong></span> <span class='ocrx_word' id='word_1_289' title='bbox 1132 4355 1168 4393; x_wconf 83' lang='lat' dir='ltr'><strong>ece</strong></span> <span class='ocrx_word' id='word_1_290' title='bbox 1180 4340 1332 4409; x_wconf 76' lang='lat' dir='ltr'><strong>informato</strong></span> 
     </span>
     <span class='ocr_line' id='line_1_34' title="bbox 158 4445 333 4498; baseline 0 0"><span class='ocrx_word' id='word_1_291' title='bbox 158 4445 333 4498; x_wconf 71' lang='lat' dir='ltr'><strong>coewcientia.</strong></span> 
     </span>
    </p>
   </div>
   <div class='ocr_carea' id='block_1_10' title="bbox 0 0 1658 5102">
    <p class='ocr_par' dir='ltr' id='par_1_11' title="bbox 0 0 1658 5102">
     <span class='ocr_line' id='line_1_35' title="bbox 0 0 1658 5102; baseline 0 1"><span class='ocrx_word' id='word_1_292' title='bbox 0 0 1658 5102; x_wconf 95' lang='lat' dir='ltr'><strong> </strong></span> 
     </span>
    </p>
   </div>
  </div>
 </body>
</html>
