3266 5102
507 337 551 384 nn
575 339 730 386 sanioris
754 339 797 386 ur
822 338 942 386 roonis
1257 319 1318 384 107

129 461 163 524 in
189 461 317 547 primis,
341 461 436 528 saluti
466 462 647 528 animarum
677 462 849 527 consulere
880 463 1015 548 satagit,
1039 481 1157 546 quare,
1183 461 1229 528 uti
1252 461 1316 526 iam

127 586 375 670 explicavimus,
393 587 461 652 eius
482 589 752 673 praescriptiones
776 607 835 672 pro
858 586 930 651 loro
955 591 1093 652 externo
1117 585 1222 652 editae
1245 605 1317 671 per·

126 711 260 796 tingere
283 715 443 776 conantur
457 711 499 775 ad
514 710 621 777 forum
646 713 819 778 internum.
836 711 1044 797 Proindeque
1067 711 1151 776 istud
1177 731 1242 774 nou
1266 709 1319 775 ad·

128 834 263 900 modum
291 835 436 921 indulget
466 833 649 902 fictionibus
685 839 764 903 iuris
795 859 852 903 seu
883 833 1198 922 praesumptionibus
1230 837 1319 901 iuxta

130 957 264 1024 effatum
290 979 424 1027 «nemo
444 963 679 1045 praesumitur
701 981 781 1028 reus
804 963 871 1028 uisi
889 961 1089 1046 probetur»
1116 961 1184 1042 sed,
1209 961 1318 1026 studet

131 1086 264 1151 enixius
286 1091 322 1151 ut
345 1107 420 1152 reus
444 1088 491 1152 sui
516 1088 661 1153 criminis
692 1089 841 1153 conscius
868 1089 927 1156 etsi
950 1086 1086 1160 occulti,
1111 1095 1171 1172 pro
1192 1087 1318 1172 gravio·

131 1209 222 1276 ribus
246 1211 443 1286 criminibus,
458 1233 579 1298 poenas
602 1213 694 1278 luere
710 1213 824 1279 debeat
846 1218 1018 1298 antequam
1039 1213 1159 1278 iustitia
1173 1213 1316 1278 humana

132 1356 207 1400 eum
239 1337 422 1422 percellere
452 1338 609 1404 valuerit:
638 1339 702 1404 huc
734 1344 881 1424 spectant
911 1358 1034 1424 poenae
1066 1339 1157 1404 totae
1186 1343 1318 1404 senteu-

133 1461 275 1548 tiae(l).
300 1463 437 1543 Verum,
462 1464 579 1550 quippe
602 1467 771 1549 graviores
795 1485 932 1550 poenae,
957 1483 1020 1528 non
1049 1462 1217 1528 habendae
1245 1466 1321 1527 sunt

133 1586 179 1650 uti
203 1588 295 1652 tatae
316 1587 500 1652 senteutioe
522 1587 582 1652 uisi
607 1587 669 1652 hoc
692 1587 782 1652 clare
806 1588 1018 1673 exprimatur.

224 1708 365 1776 Easdem
397 1730 476 1775 vero
506 1711 617 1776 sedulo
647 1710 851 1798 distinguere
881 1733 900 1776 a
929 1713 1042 1798 poenis
1072 1709 1150 1796 fis.
1179 1712 1319 1774 maxime

135 1836 287 1910 interest;
319 1834 475 1918 siquidem
507 1835 673 1920 utriusque
708 1857 884 1922 poenarum
924 1837 1054 1922 generis
1093 1834 1212 1900 diversi
1244 1837 1318 1898 suut

134 1955 278 2025 effectus.
311 1959 505 2024 Canonistae
535 1966 642 2026 autem
673 1981 738 2024 non
770 1969 844 2026 sunt
874 1960 1052 2026 concordes
1081 1961 1113 2024 in
1141 1957 1319 2023 statuendis

134 2083 277 2148 criteriis
292 2083 406 2168 quibus
428 2104 494 2148 uua
516 2086 641 2170 species
664 2104 840 2171 poenarum
856 2085 896 2150 ab
919 2086 983 2150 alia
1012 2090 1102 2151 certe
1119 2087 1319 2149 secernatur.

136 2205 259 2279 Placet,
284 2227 364 2292 prae
387 2207 460 2272 aliis
482 2206 685 2288 doctoribus,
710 2208 750 2274 cl.
776 2205 975 2273 D'Annibale
999 2208 1146 2273 doctrina
1161 2207 1214 2291 qui
1235 2225 1316 2278 rem,

136 2330 170 2394 in
185 2331 394 2416 propositum,
411 2331 454 2394 ita
477 2328 606 2396 conficit
626 2330 664 2416 (Ι.
682 2331 770 2417 303).
792 2331 951 2412 Advertit,
967 2351 1087 2416 poenas
1109 2351 1168 2416 per
1187 2329 1314 2414 legisla-

136 2459 240 2520 torem
256 2453 400 2530 decerni;
412 2475 473 2540 por
489 2454 624 2520 iudicem
640 2453 750 2542 infligi,
764 2477 824 2541 per
837 2476 927 2522 reum
940 2453 1053 2522 subiri:
1066 2455 1173 2520 hocin
1187 2473 1317 2540 genere.

137 2578 176 2642 In
199 2579 316 2663 specie,
334 2576 460 2662 quando
485 2580 533 2644 ius
557 2599 629 2645 can.
646 2581 812 2646 constituit
833 2601 955 2666 poenes
980 2581 1000 2644 t.
1016 2600 1042 2645 s.
1060 2584 1137 2646 tunc
1151 2578 1321 2666 legislator

134 2705 270 2769 assumit
286 2705 383 2770 etiam
404 2709 514 2790 partes
530 2704 643 2770 iudicis
666 2703 850 2791 infligentis,
868 2705 989 2789 absque
1012 2704 1074 2769 alio
1091 2703 1203 2770 indicis
1226 2703 1320 2767 mini-

134 2830 245 2900 sterio,
270 2847 391 2912 poenas
413 2828 612 2911 delinquenti
634 2827 668 2893 in
693 2829 761 2914 ipso
786 2833 904 2914 puncto
928 2829 1139 2894 consummati
1163 2827 1318 2891 criminis.

136 2951 228 3017 Unde
247 2951 311 3017 hoc
334 2949 403 3017 fluit
426 2953 610 3028 criterium
628 2973 683 3018 eas
705 2973 826 3038 poenas
850 2973 922 3018 esse
938 2955 959 3019 t.
976 2972 1003 3018 s.
1019 2971 1098 3036 quas
1115 2953 1158 3018 ita
1174 2950 1320 3016 decernit

133 3076 190 3142 lex
214 3078 247 3140 in
272 3076 523 3162 delinquentem,
539 3084 576 3144 ut
599 3081 675 3162 ipso
698 3099 769 3146 noa
790 3084 951 3162 prouocet
974 3077 1121 3163 officium
1137 3075 1258 3142 iudicis
1274 3075 1321 3140 ad

130 3220 285 3283 poenam
318 3202 562 3288 temperatam,
592 3204 654 3270 sed
688 3203 801 3287 ipsum
837 3204 1036 3288 alloquatur
1071 3202 1321 3286 delinquentem

134 3345 236 3411 quem
259 3331 382 3407 mouet,
407 3345 486 3393 eum
509 3328 581 3393 tam
598 3347 668 3394 esse
695 3333 788 3394 certa
807 3348 922 3413 poeno
950 3329 1159 3393 mutctatuuo.
1192 3323 1321 3389 Exinde

134 3452 162 3516 si
185 3449 401 3526 decernatur,
425 3471 457 3516 v.
489 3473 520 3538 g.
545 3453 587 3519 sit
611 3453 947 3535 eucommuuicatus;
969 3452 1013 3517 sit
1043 3469 1244 3533 suspensum
1268 3448 1321 3512 vel

134 3574 211 3659 ipso
234 3576 321 3657 iure,
344 3576 419 3660 ipso
441 3577 533 3660 facto
556 3577 601 3644 sit
622 3582 959 3661 eacommuntcatus;
983 3576 1035 3641 vel
1058 3575 1143 3642 sciat
1164 3571 1271 3659 (reus)
1287 3592 1322 3638 se

135 3719 207 3767 esse
223 3701 559 3768 excommunicatum
567 3722 581 3786 ;
596 3703 650 3768 vel
670 3702 922 3786 suspendimus,
939 3699 1320 3772 emcommuuioaotmus,

223 3930 266 3999 (l)
285 3929 388 3986 Suerea
401 3931 430 3986 in
449 3948 499 3986 suo
510 3935 633 3986 tractatu
643 3961 658 3974 -
670 3933 712 3988 De
723 3933 833 4002 lepidus
844 3963 859 3972 -
870 3932 980 3986 videtur
996 3949 1051 3986 non
1064 3933 1135 3986 bene
1148 3927 1321 3999 perspexisse

134 4036 323 4092 necessariam
341 4037 527 4092 differentiam
549 4038 768 4094 intercedentem
795 4039 868 4093 inter
894 4037 986 4109 legem
1012 4037 1124 4092 civilem
1143 4041 1172 4091 et
1191 4034 1321 4090 ecclesia·

134 4144 251 4209 stream,
276 4143 306 4197 in
331 4142 470 4214 pluribus3
496 4149 525 4200 et
550 4143 596 4198 hic
621 4145 759 4210 desectus,
779 4146 808 4199 in
828 4163 857 4200 re
878 4150 981 4211 nostra,
1008 4145 1080 4215 parit
1106 4142 1321 4202 conclusionem,

133 4267 201 4306 sane
221 4265 277 4305 nou
296 4266 401 4315 veram,
420 4251 552 4304 nimirum
571 4255 738 4321 potestatem
758 4251 893 4307 condendi
918 4269 1022 4323 poenas
1042 4251 1089 4306 lot.
1109 4261 1186 4316 seut,
1212 4265 1262 4319 per
1282 4263 1320 4313 se,

134 4373 223 4428 aeque
237 4359 397 4426 competere
411 4357 539 4412 societati
553 4357 629 4412 civili
643 4361 672 4413 et
686 4357 843 4422 Ecclesiam
863 4375 948 4430 quaro
968 4357 1067 4413 melius
1082 4356 1264 4410 ratiocinatus
1278 4356 1321 4406 est

135 4462 202 4518 Soto
223 4464 241 4516 t.
262 4466 307 4518 cit.
328 4463 374 4534 qui
394 4461 551 4519 huiusmodi
576 4463 739 4520 facultatem
762 4481 832 4533 pone
859 4464 1029 4520 abiudicavit
1054 4461 1217 4518 auctoritati
1236 4458 1321 4513 civili.
