3290 5100
329 295 396 362 484
850 315 936 363 rans
961 315 984 361 1.

418 436 542 504 Deinde
558 418 826 504 eavet'aniculus
838 437 967 504 eosdem
982 437 1084 504 libros
1095 445 1203 503 autem
1220 457 1284 502 non
1297 456 1389 521 posse
1401 434 1512 507 vendi,

330 563 392 626 nisi
414 562 540 646 quando
564 562 750 629 venditores
768 563 961 630 eerrstiment
982 562 1026 630 oh
1050 568 1201 646 emptore
1224 561 1370 647 lepitime
1388 559 1472 643 peti.
1493 595 1512 606 ·

330 667 419 774 Ergo
443 689 526 754 haec
546 689 739 756 existimatio
759 688 956 755 desumenda
971 693 1021 754 est
1043 707 1088 754 ex
1109 687 1270 752 adiunctis
1286 705 1513 771 personarum,
1625 695 1626 698 ’

329 831 388 876 seu
410 829 475 876 non
498 811 731 896 praescribitur
747 811 904 877 exhibitio
924 810 1076 877 obtentae
1099 809 1259 882 licentiae,
1277 813 1390 893 utputa
1413 827 1513 891 quum

330 936 409 1022 petit
424 933 590 1020 professor
612 934 748 1032 alicuius
772 935 977 1010 Academiae,
1001 935 1054 1006 vel
1071 935 1153 1000 alius
1175 935 1226 1000 vir
1241 933 1367 998 notorie
1390 931 1514 1018 probus

330 1068 364 1128 et
386 1061 551 1126 honestus.
576 1061 610 1127 Si
633 1081 723 1143 vero,
741 1082 783 1127 ex
799 1061 948 1144 adverso,
964 1061 1115 1127 venditor
1138 1060 1324 1126 existimare
1339 1059 1451 1144 possit,
1468 1056 1514 1122 ab

329 1192 482 1271 emptore
496 1207 567 1254 non
583 1187 729 1274 tepitime
748 1189 829 1270 peti,
847 1192 881 1252 ut
897 1193 975 1273 puta
998 1185 1038 1252 ab
1063 1187 1267 1252 adolescente
1283 1184 1335 1249 vel
1351 1203 1372 1248 a
1387 1183 1513 1248 discolo

331 1312 456 1394 iuvene,
487 1331 552 1375 non
576 1310 671 1378 debet
693 1311 836 1376 vendere
859 1313 922 1378 nisi
945 1311 1140 1378 exhibeatur
1167 1311 1328 1377 attestatio
1361 1308 1515 1373 obtentae

329 1434 481 1500 licentiae
507 1435 559 1500 vel
584 1435 796 1500 alteratione
823 1435 990 1522 probetur,
1015 1439 1192 1520 emptorem
1216 1434 1359 1520 legitimo
1385 1437 1511 1518 petere.

310 1560 413 1625 ‘Nam
436 1561 490 1625 lex
513 1581 579 1624 non
602 1561 798 1645 praescribit
820 1563 866 1627 uti
890 1561 1030 1626 medium
1046 1560 1278 1627 necessarium
1296 1557 1515 1642 probotionis
1625 1609 1626 1622 2

330 1682 561 1747 exhibitionem
593 1684 754 1768 rescripti.
779 1682 835 1746 sed
859 1683 1015 1767 relinquit
1044 1683 1204 1748 venditori
1236 1680 1294 1747 sibi
1326 1677 1512 1750 efformare,

331 1827 375 1873 ex
394 1826 593 1892 quacumque
610 1809 716 1893 specie
736 1808 944 1894 probationis,
962 1808 1154 1894 prudentem
1170 1807 1457 1873 emistimationam
1474 1805 1515 1869 de
1625 1889 1626 1892 Ἴ

331 1933 474 2020 legitima
496 1934 649 2018 petitione
681 1936 845 2019 emptoris.
872 1934 921 2000 Cf.
946 1935 986 2000 cl.
1013 1935 1157 2001 Gennari
1185 1935 1206 1999 l.
1231 1954 1259 1999 c.
1279 1952 1316 2016 p.
1342 1933 1400 1997 92.
1426 1933 1514 1998 Ver·

332 2057 508 2130 meerschs,
527 2077 566 2141 p.
591 2056 639 2122 46
645 2077 660 2141 ,·
683 2062 715 2122 et
737 2057 904 2123 decretum
928 2057 960 2124 S.
986 2058 1088 2143 (long.
1114 2059 1211 2143 Prop.
1233 2057 1334 2130 Fidei,
1359 2057 1411 2120 20
1434 2057 1515 2122 Iun.

331 2183 435 2260 1820,
459 2183 496 2249 in
523 2184 653 2251 Collect.
677 2203 712 2248 n.
737 2183 826 2249 1874
850 2183 956 2268 quoad
978 2184 1166 2250 venditores
1188 2183 1250 2250 snb
1273 2184 1371 2250 hosta
1394 2182 1451 2270 (l).

423 3478 463 3548 (1)
483 3479 593 3534 Etenim
612 3481 688 3533 sacta
710 3477 763 3533 hac
787 3479 963 3550 quaestione:
983 3493 1000 3536 t
1020 3479 1070 3534 Est
1088 3477 1216 3534 officialia
1240 3475 1411 3533 christianus
1435 3481 1520 3536 euius

332 3585 454 3639 officium
468 3590 510 3640 est
523 3602 650 3654 praeesse
663 3586 773 3656 quando
786 3602 892 3641 merces
905 3588 956 3641 sub
969 3585 1050 3641 hasta
1064 3586 1232 3642 venduntur.
1247 3582 1408 3656 Aliquando
1421 3590 1519 3640 autam

333 3690 512 3760 reperiuntur
536 3689 600 3743 libri
626 3688 831 3744 haereticorum
856 3695 905 3745 aut
929 3690 978 3745 alii
1005 3691 1126 3745 obscena
1150 3689 1343 3756 continentes3
1365 3693 1520 3744 tenetur-ne

334 3796 492 3866 praedictos
509 3795 636 3850 officialis
648 3796 819 3866 investigare
836 3801 930 3850 utrum
948 3796 1005 3852 sint
1018 3795 1091 3852 tales
1103 3795 1168 3852 libri
1188 3811 1239 3850 nec
1257 3791 1341 3852 nei>
1361 3793 1521 3865 Responsio

334 3905 404 3962 haec
422 3905 484 3972 suit,
496 3905 556 3975 ‘sub
574 3903 863 3958 cneaorun.1820.·
881 3919 898 3957 c
916 3903 1071 3975 officialem
1089 3905 1125 3958 de
1143 3919 1196 3976 quo
1215 3905 1246 3956 in
1264 3919 1330 3958 casu
1348 3918 1407 3957 non
1427 3903 1523 3957 tam·

333 4013 503 4081 incestipare
521 4030 558 4065 an
576 4012 650 4065 inter
668 4027 777 4064 merces
796 4028 867 4081 qnae
885 4013 936 4064 suh
953 4011 1033 4064 busto
1052 4011 1222 4076 venduntur,
1240 4008 1428 4080 reperiantur
1451 4009 1522 4063 libri

333 4119 540 4172 hoereticorum
558 4126 607 4170 ant
624 4117 676 4170 alii
689 4117 806 4170 obsceno
821 4117 999 4170 continentes.
1015 4116 1095 4174 Quod
1113 4117 1138 4168 si
1156 4132 1223 4170 cusu
1234 4115 1265 4169 id
1275 4115 1435 4184 cynonerit,
1449 4130 1521 4184 pos·

334 4225 423 4293 sitque
442 4223 579 4293 impedire
599 4238 634 4275 ne
649 4221 735 4292 proci
755 4222 821 4275 libri
839 4225 986 4276 obveniant
1007 4223 1195 4276 licitatoribus
1213 4221 1261 4291 qui
1283 4220 1353 4290 ipsis
1371 4223 1429 4274 sint
1447 4221 1520 4274 atu·

333 4329 403 4396 suri,
424 4332 453 4383 id
471 4329 583 4399 quidem
600 4337 809 4399 praenotatam
827 4329 942 4399 quisque
955 4330 1053 4384 debeat
1068 4331 1198 4398 proximi
1206 4337 1353 4399 peceatum
1368 4327 1521 4398 impedire,

334 4443 446 4511 qnando
465 4439 495 4493 id
514 4439 656 4493 commode
672 4449 761 4508 potest
779 4448 827 4492 out
847 4441 907 4492 sine
924 4440 1009 4508 pravi
1026 4439 1201 4493 incommodo
1215 4455 1240 4490 ›.
1356 4502 1360 4514 (
