3312 5108
306 293 350 359 38
827 315 918 364 unas·
937 317 959 362 1.

306 438 401 504 minis
427 439 461 502 in
485 439 650 521 Ecclesia3
674 445 707 506 et
729 439 804 524 quia
827 441 952 505 crimen
976 440 1121 524 sequitur
1145 457 1259 524 poena,
1277 439 1339 502 iam
1364 436 1483 502 inlelli-

306 563 393 648 gitur
424 562 580 646 quomodo
614 583 738 648 poenae
772 563 813 628 ob
846 565 1015 630 salutares
1049 566 1185 649 effectus
1221 563 1286 627 sint
1319 561 1484 626 criminosi

306 686 569 769 emendatricem
598 692 632 752 et
661 687 764 772 quoad
795 687 876 752 alios
905 687 1123 770 eaemplaras
1145 691 1176 752 et
1194 685 1483 770 praescrutatione.

395 805 448 874 26.
473 810 569 876 Modo
593 812 636 877 de
658 812 736 882 dolo
761 811 920 896 agendum
944 816 1006 886 est;
1031 811 1106 895 quia
1129 811 1174 876 uti
1199 829 1241 874 ex
1258 809 1384 875 dartana
1401 809 1485 872 ratio

287 931 414 996 'delicti
439 931 741 1010 oblectamina
761 935 839 1002 dola
863 933 983 1019 pendet
1006 934 1089 998 ratio
1106 933 1214 998 delicti
1230 932 1422 999 subiectiaa.
1440 933 1486 995 At

289 1033 340 1124 ln
363 1080 462 1126 unum
493 1061 681 1145 conspirant
707 1061 847 1145 primum
871 1066 904 1125 et
927 1059 1066 1126 alterum
1090 1058 1199 1124 delicti
1224 1059 1427 1138 elementum,
1453 1063 1486 1120 et

308 1185 506 1253 constituunt
529 1186 737 1270 qualitatem,
762 1185 986 1270 quantitatem
1009 1184 1210 1255 delictorum,
1235 1182 1320 1248 unde
1344 1201 1389 1248 ea
1403 1201 1484 1266 qaa-

307 1312 399 1378 tttata
422 1311 542 1378 classes
566 1317 797 1387 recensentur;
821 1331 864 1378 ex
888 1312 1077 1396 quantitate
1100 1311 1222 1376 classes
1245 1311 1330 1375 iuter
1353 1329 1396 1381 se.
1425 1329 1484 1395 pro

307 1435 429 1500 maiore
445 1435 497 1500 vel
514 1436 639 1500 minore
662 1435 807 1500 criminis
830 1435 1002 1520 gravitate,
1019 1433 1220 1499 ordinantur.
1237 1471 1248 1480 -
1265 1433 1415 1505 Qualitas
1427 1453 1485 1496 seu

306 1561 433 1644 species
449 1561 595 1626 criminis
618 1559 806 1633 desumitur,
832 1560 933 1626 veluti
956 1579 977 1624 a
998 1579 1056 1624 suo
1080 1559 1216 1634 obiecto,
1241 1580 1260 1624 a
1282 1560 1358 1624 iure
1380 1559 1484 1632 laeso;

307 1685 481 1770 quantitas
503 1691 710 1752 mensuratur
732 1685 930 1771 potissimum
954 1705 974 1749 a
996 1685 1113 1750 damno
1136 1685 1284 1751 mediata
1307 1703 1365 1748 seu
1388 1703 1408 1746 a
1431 1702 1485 1746 ra-

306 1812 396 1877 tione
426 1813 495 1876 aius
522 1812 682 1894 politicae
713 1812 940 1896 imputationis.
974 1831 1089 1896 nempe
1112 1811 1153 1876 ab
1177 1812 1331 1876 maiorem
1354 1810 1408 1875 vel
1431 1809 1486 1873 mi-

308 1957 422 2003 neram
444 1937 595 2002 socialem
620 1936 904 2002 deordinationem.
930 1971 944 1984 -
966 1936 1047 2000 Tum
1064 1935 1213 2020 qualitas
1228 1941 1294 2000 tum
1312 1935 1485 2019 quantitas

308 2059 487 2143 respiciunt
520 2058 747 2144 oatolaqicaai
783 2057 892 2124 delicti
927 2063 1077 2122 naturam
1113 2057 1169 2122 sed
1204 2056 1411 2122 abstractam
1445 2055 1486 2118 ab

308 2181 467 2248 adiunctis
483 2183 723 2267 qualiscumque
739 2182 913 2267 peculiaris
938 2181 1101 2255 criminis;
1118 2181 1212 2254 unde,
1230 2199 1391 2266 perpensa
1406 2199 1487 2264 qua-

309 2305 402 2372 litate
424 2311 456 2370 et
479 2305 771 2390 quantitatafiunt
795 2306 924 2370 diversa
939 2325 1068 2392 peaera
1090 2309 1123 2370 et
1137 2305 1266 2388 species
1281 2304 1486 2380 delictorum;

309 2434 342 2496 st
363 2449 491 2516 peaera
514 2435 547 2495 et
568 2432 695 2514 species
711 2430 824 2498 ordine
846 2432 1034 2517 oatolapico
1051 2432 1138 2496 inter
1161 2453 1196 2498 se
1220 2437 1488 2517 comparantur.-

313 2555 375 2621 Sed
406 2554 532 2638 quando
563 2555 714 2621 delictum
745 2555 783 2621 ia
814 2561 968 2622 caumata
1000 2555 1250 2622 examinandum
1284 2561 1342 2628 est,
1366 2561 1399 2620 et
1422 2557 1489 2619 aui·

308 2679 574 2746 madvertendum
587 2681 620 2745 iu
632 2679 870 2764 delinquentem
887 2679 1086 2750 individuum
1098 2700 1105 2756 ;
1118 2687 1197 2746 tunc
1209 2681 1315 2746 variat
1326 2680 1488 2748 obiectiaa

309 2805 391 2872 ratio
414 2803 522 2868 delicti
544 2804 597 2869 val
622 2803 784 2888 quiahoc
807 2804 869 2868 fuit
891 2803 1130 2886 imperfectum
1153 2803 1206 2868 vel
1229 2809 1355 2869 tantum
1386 2803 1488 2868 adsuit

310 2932 470 2995 conatus:
482 2927 538 2992 sed
554 2929 694 2994 maxime
714 2929 823 2994 variat
838 2929 921 2993 ratio
937 2927 1119 2994 subiectiaa
1135 2928 1280 3010 actionis,
1297 2929 1373 3010 quia
1387 2929 1420 2990 in
1436 2926 1488 2992 de-

215 3101 218 3108 .
309 3052 475 3136 linquente
498 3057 554 3118 aut
584 3052 624 3116 ob
655 3051 818 3126 defectum
853 3053 1037 3118 intellectus
1069 3057 1126 3117 aut
1158 3052 1333 3118 voluntatis
1361 3057 1417 3118 aut
1447 3049 1487 3116 ob

310 3175 390 3242 alias
413 3195 527 3242 cauas
549 3176 688 3242 liberum
718 3177 890 3242 arbitrium
921 3175 1110 3251 afficientes,
1142 3179 1235 3242 varia
1262 3175 1402 3242 habetur
1432 3177 1488 3240 im-

310 3293 483 3384 putationis
500 3301 631 3366 moralis
648 3301 745 3376 ratio;
761 3299 836 3366 inde
850 3301 1001 3366 statuitur
1012 3301 1144 3386 quadus
1154 3301 1352 3366 delictorum.
1367 3300 1489 3366 ·Modo

310 3423 350 3487 da
373 3423 533 3489 elemento
556 3423 733 3490 subiectivo
757 3423 945 3489 disserimus
969 3443 1026 3489 seu
1049 3423 1089 3488 de
1113 3425 1202 3504 dola,
1234 3425 1274 3488 de
1302 3429 1421 3506 aetate,
1448 3424 1488 3489 de

311 3548 430 3596 arara
446 3536 507 3596 etc.
525 3530 584 3616 tl).
1120 3534 1123 3544 ·

402 3656 439 3721 ln
463 3657 587 3744 primis,
610 3655 709 3722 dolus
731 3654 815 3741 apud
837 3656 1082 3725 iurisconsultos
1106 3657 1269 3722 Romanos
1293 3661 1342 3722 est
1365 3663 1420 3722 aut
1437 3656 1490 3722 bo·

311 3795 377 3843 uus
399 3780 456 3843 aut
478 3779 598 3844 malus.
623 3778 722 3843 Dolus
745 3777 852 3844 bonas
876 3783 924 3843 est
947 3778 1083 3845 honesta
1111 3779 1269 3844 calliditas
1293 3799 1351 3844 seu
1372 3780 1490 3866 peritia

311 3905 344 3966 et
373 3898 545 3984 prudentia
579 3902 613 3966 in
647 3902 783 3986 negotiis
806 3899 1017 3988 peragendis;
1049 3900 1140 3968 dolus
1171 3921 1250 3967 vero
1285 3903 1399 3967 malus
1430 3905 1489 3968 est:

401 4109 442 4182 (l)
461 4111 536 4166 llaec
560 4111 702 4166 distinctio
726 4114 876 4182 qualitatis,
903 4115 1062 4184 quantitatis
1087 4115 1116 4165 et
1133 4114 1242 4182 qradus
1261 4111 1427 4167 delictorum
1447 4115 1491 4166 est

313 4219 478 4290 perantiqua
502 4218 575 4274 inter
599 4219 810 4273 criminalistas:
830 4219 927 4273 eadam
945 4217 1015 4272 scite
1034 4221 1063 4272 et
1081 4218 1189 4272 erudite
1209 4218 1340 4288 explicat.
1360 4217 1490 4302 carrara,

312 4338 356 4394 op.
376 4326 420 4378 cit.
439 4329 457 4390 ἕ
477 4325 542 4378 128.
562 4342 601 4396 sq.
621 4324 697 4379 Haec
715 4325 858 4380 distinctio
876 4325 991 4380 maximi
1010 4325 1138 4394 ponderis
1157 4330 1200 4381 est
1219 4325 1253 4380 ad
1277 4329 1384 4380 resim
1404 4323 1492 4379 aesti-

313 4429 464 4485 mationem
483 4429 676 4499 imputationis
693 4430 810 4484 mor-alis
829 4434 858 4485 at
873 4431 1007 4501 politicae
1025 4427 1198 4485 delictorum.
