3290 5100
621 346 832 395 aranearum
856 347 892 394 11.
1281 327 1348 398 549

242 467 347 532 Quibus
366 486 402 522 eu
420 469 508 540 officio
531 450 683 524 noirnnllae
709 469 907 525 Resolutionss
931 469 958 524 S.
977 469 1008 523 0.
1027 468 1057 525 G.
1077 469 1258 536 addebantur,
1276 487 1348 541 quae

168 575 277 630 similes
295 591 392 629 causas
411 575 606 644 respiciebant,
626 578 655 630 et
674 581 739 630 sunt
757 579 914 646 sequentes.
932 575 963 631 lri
988 577 1138 630 Taurinam
1153 576 1349 648 Suspeneieate

169 685 217 739 die
240 684 260 736 7
278 683 349 738 Iulii
366 684 451 738 1855
470 681 703 753 Archiepiscopua
716 699 800 738 curae
812 685 968 738 animarum
988 683 1153 738 exercitium
1167 684 1350 740 interdixerat

169 790 280 845 cuidam
301 791 434 857 Perocho,
447 791 520 861 quud
534 788 699 861 prudentiae
718 789 828 860 legibus
846 795 876 845 et
894 790 1051 844 animarum
1063 790 1242 846 solicitudine
1254 791 1351 860 negle-

170 897 234 965 ctis,
253 913 286 952 ac
304 898 405 967 spretis
417 895 626 964 monitionibus,
640 897 708 952 adeo
720 897 826 950 difficili
840 913 890 951 suo
903 897 1017 968 ingenio
1029 897 1198 968 indulgeret,
1211 901 1243 952 ut
1254 897 1349 952 subdi·

172 1003 265 1055 torum
283 999 518 1056 existimationem
537 1017 572 1055 ac
590 1001 671 1056 fidem
690 1001 803 1058 omuino
822 1001 968 1056 amisisset
984 1000 1131 1056 Facultate
1149 1002 1265 1071 proinde
1283 1019 1351 1056 usus

172 1107 265 1162 tuerat
283 1105 523 1176 Archiepiscopus,
543 1123 627 1178 quam
651 1107 721 1161 iacit
745 1107 900 1162 Concilium
925 1107 1119 1162 ‘tridentinum
1144 1107 1297 1162 Ordinariis
1321 1111 1351 1162 iia

171 1229 239 1268 sese.
257 1214 295 1267 21
313 1231 335 1268 c.
357 1214 431 1273 6,de
450 1215 549 1285 Refer.
571 1220 603 1270 ut
627 1213 737 1272 scilicet
763 1216 870 1285 possint
895 1214 1028 1270 Parecbis
1052 1215 1189 1286 imperitis
1213 1221 1243 1271 et
1264 1215 1351 1270 sacris

170 1321 272 1376 officiis
290 1321 382 1376 minus
400 1321 481 1391 aptis,
500 1322 523 1376 si
543 1321 614 1376 aliae
632 1319 766 1377 honestae
785 1322 861 1378 vitae
879 1322 944 1388 sint,
964 1321 1148 1386 coadiutoras,
1163 1339 1212 1376 seu
1232 1322 1352 1377 vicarios

171 1427 208 1480 ad
227 1431 337 1498 tempus
354 1429 498 1498 deputare.
517 1429 553 1482 Et
571 1428 639 1484 licet
657 1446 691 1484 ex
711 1428 827 1484 adverso
846 1429 940 1498 plures
959 1429 1148 1484 obiicerentur
1173 1429 1297 1484 delectus
1315 1429 1351 1483 ob

173 1538 388 1588 conservatum
408 1534 566 1590 iudicialem
585 1534 719 1600 ordinem,
738 1536 773 1590 ob
793 1534 923 1590 omissam
942 1536 1046 1589 trinam
1070 1535 1233 1590 canonicam
1259 1535 1352 1588 meni-

174 1641 287 1710 tionem,
306 1645 335 1695 et
354 1641 514 1706 citationes,
534 1656 567 1695 ac
586 1639 655 1695 licet
673 1640 891 1710 imputationum
910 1639 955 1698 rel
975 1641 1079 1696 veritae
1104 1640 1147 1696 vel
1173 1641 1299 1710 gravitas
1322 1641 1352 1712 in

171 1748 321 1804 discrimen
341 1755 527 1816 reuocaretur,
543 1753 668 1804 attamen
687 1749 722 1803 ad
740 1749 871 1804 dubiumr
883 1763 901 1805 a
914 1752 957 1804 An
971 1750 1112 1805 decretum
1131 1745 1232 1805 curiae
1245 1747 1353 1805 archie-

169 1867 192 1910 <
205 1853 354 1925 piscopalis
371 1855 409 1908 sit
427 1855 645 1910 confirmandum
665 1856 709 1910 vel
728 1855 923 1911 infirmandum
943 1857 972 1910 in
991 1873 1071 1911 casin
1085 1871 1103 1914 r
1116 1874 1276 1926 responsum
1290 1873 1352 1928 pro·

175 1963 235 2029 diit‚
255 1981 311 2035 quo
328 1962 574 2033 archiepiscopalis
588 1965 728 2019 sententia
740 1967 905 2019 confirmata
918 1969 961 2020 est
974 1964 1050 2019 hisce
1064 1966 1171 2021 verbis:
1183 1961 1353 2037 affirmative

167 2074 214 2130 ‚cd
229 2074 352 2144 primam
372 2083 499 2144 partem3
517 2075 645 2144 nepotiue
670 2075 708 2127 od
733 2075 901 2140 secundom,-
918 2084 946 2129 et
971 2075 1064 2144 quood
1086 2070 1354 2146 redintepruticne'm

174 2182 274 2246 diluto,
295 2182 451 2250 usquedum
479 2181 581 2236 Oratm
604 2184 703 2236 doceat
727 2185 764 2235 de
787 2183 892 2252 peritia
916 2191 943 2236 et
966 2183 1117 2238 idoneitate
1139 2175 1355 2239 administrandi

174 2285 344 2354 paroeciam.

250 2389 360 2443 Pariter
385 2387 412 2444 in
435 2390 585 2459 Eystetten.
606 2390 824 2446 Pemutdtionia
848 2391 1157 2458 Pnrocbiee21'lutii,
1179 2393 1209 2446 11
1226 2393 1355 2463 Augusti,

176 2507 205 2551 et
228 2497 270 2548 22
290 2497 460 2566 Septembris
480 2496 567 2563 1742,
587 2514 649 2552 cum
675 2499 770 2568 plures
796 2497 927 2554 maerens
952 2499 1107 2554 Parocbum
1132 2499 1273 2554 cuiusdam
1300 2499 1354 2554 luci

170 2602 286 2658 deletae
307 2613 401 2658 essent
419 2604 453 2658 ad
471 2603 583 2659 (iuriam
608 2605 795 2674 episcopalem
820 2605 961 2676 querelae,
980 2622 1035 2660 nou
1060 2606 1151 2661 solum
1176 2608 1212 2662 ob
1226 2605 1354 2661 inhone-

176 2713 249 2764 stam
267 2709 328 2764 eiue
345 2709 443 2775 vitam,
461 2727 556 2765 verum
579 2711 664 2764 etiam
684 2712 719 2764 ob
740 2711 899 2781 neglectum
925 2711 1047 2780 pastoris
1071 2708 1201 2778 officium,
1220 2713 1247 2765 in
1268 2711 1354 2765 mini-

168 2816 297 2870 ¹strandis
315 2815 510 2882 Sacramentia,
529 2817 675 2871 visitandis
687 2819 812 2886 aegrotis
830 2821 885 2872 etc.
903 2822 934 2872 et
952 2817 985 2871 de
1005 2819 1092 2874 nimia
1104 2817 1223 2889 quiedam
1236 2817 1355 2877 saevitia

177 2923 207 2976 in
225 2922 318 2991 pueris
336 2922 517 2991 castigandis,
535 2921 653 2994 aliisque
672 2921 839 2988 huiusmodi,
853 2923 925 2978 unde
936 2924 1059 2977 omniurn
1074 2923 1160 2976 animi
1180 2924 1220 2978 ite
1238 2935 1355 2980 exacer-

169 3027 236 3086 bati
256 3033 345 3093 eraut,
363 3031 396 3081 ut
414 3030 448 3081 ab
467 3044 501 3083 eo
519 3027 699 3082 Sacramenta
714 3028 846 3098 recipere,
860 3028 1015 3100 divinisque
1028 3031 1112 3084 rebus
1124 3029 1259 3084 interesse
1277 3044 1356 3083 recu·

178 3137 288 3198 sareut3
306 3132 458 3201 Episcopus
477 3133 553 3202 prius
572 3133 766 3188 Ooadiutorem
787 3135 813 3189 ei
833 3134 992 3203 deputaritr
1010 3134 1110 3190 deinde
1122 3151 1184 3188 eum
1198 3133 1355 3188 huiusmodi

178 3239 367 3309 provisionem
386 3239 513 3294 inutilem
540 3240 661 3295 evasisse
686 3240 870 3310 intelligeret,
887 3241 922 3294 ad
948 3241 1099 3296 avertenda
1123 3219 1206 3307 mala,
1225 3257 1297 3312 quae
1321 3257 1355 3295 ex

177 3345 251 3412 odic,
270 3351 300 3401 et
316 3347 508 3402 simultatibus
526 3347 657 3402 adversus
677 3347 832 3401 Perochum
852 3347 1009 3414 concitatis,
1028 3348 1158 3416 graviora
1170 3347 1199 3401 in
1213 3347 1355 3404 dies-efflei

178 3450 353 3518 videbantur,
371 3452 503 3518 decrerit,
522 3457 553 3506 ut
572 3452 647 3506 iutra
664 3452 866 3523 quadrimestre
886 3456 995 3521 tempus
1013 3452 1046 3508 de
1065 3453 1248 3522 permutanda
1262 3457 1358 3522 paroe-

170 3558 224 3614 cia
243 3557 383 3614 Parochus
402 3561 460 3630 ipse
478 3561 532 3614 sibi
551 3559 722 3625 consuleret,
743 3577 777 3614 ne
796 3561 968 3629 purmutetio
987 3561 1068 3615 tieret
1085 3577 1120 3614 ex
1139 3537 1255 3616 officio,

251 3663 421 3720 Deveniente
440 3681 523 3718 causa
548 3681 597 3734 per
615 3663 834 3734 appellationem
854 3665 887 3718 ad
907 3663 934 3718 S.
954 3664 982 3718 O.
1002 3665 1042 3730 0.,
1061 3665 1231 3718 Procurator
1253 3663 1357 3718 fiscalis

179 3769 311 3837 instabat,
329 3774 361 3824 ut
379 3772 593 3824 confirmaretur
610 3771 759 3838 sententia,
780 3771 854 3826 inter
873 3770 931 3824 alia
955 3771 1094 3824 rationum
1119 3773 1267 3836 momenta,
1286 3769 1356 3825 haec

180 3875 373 3946 perpendenda
392 3893 556 3946 proponens,
568 3876 641 3948 quod
660 3876 770 3932 scilicet
787 3893 822 3931 ex
843 3875 977 3946 peculiari
990 3893 1068 3932 more
1087 3894 1149 3932 curn
1169 3876 1358 3947 Eystettensis

179 3981 322 4048 dioecesis,
348 3987 407 4036 tum
432 3983 550 4037 aliarum
575 3981 741 4037 Germaniae
768 3983 889 4052 partium
915 3982 1056 4052 integrum
1081 3999 1191 4052 semper
1214 3982 1358 4052 Episcopis

169 4085 273 4152 tuerit,
292 4085 425 4142 Rectores
443 4084 644 4154 parochialium
658 4085 850 4151 ecclesiarum,
869 4087 944 4141 iusta
962 4085 1057 4157 aliqua
1069 4086 1205 4141 suadente
1217 4103 1309 4151 musa,
1321 4086 1357 4140 ab

169 4201 235 4245 'une
253 4188 315 4246 loco
333 4193 570 4260 conterantque
589 4190 623 4248 ed
642 4189 729 4245 alium
749 4191 910 4255 transferre,
924 4205 1027 4260 eosque
1046 4189 1081 4244 ad
1099 4189 1232 4244 Beneficii
1245 4197 1356 4258 permu-

179 4298 316 4356 tationem
335 4297 421 4353 etiam
439 4296 542 4352 inritus
562 4313 675 4368 cogere:
694 4297 767 4369 quod
786 4314 836 4367 per
853 4296 1009 4353 faciliorem
1023 4296 1205 4354 remotionem
1218 4311 1273 4350 non
1287 4295 1358 4354 bene

181 4381 351 4460 moratorum
371 4403 558 4459 Paroehorum
584 4405 669 4460 citius
693 4403 913 4474 eliminabantur
936 4402 1084 4472 scaudala,
1102 4421 1136 4458 ac
1156 4403 1360 4474 surripiebatur
