3306 5102
539 313 583 358 ur
607 312 761 359 nnnrcrrs
786 313 827 358 ur
852 313 970 360 somus
1281 297 1346 362 319

168 437 213 501 ita
235 437 366 523 expedit
380 440 598 522 quaestionem
617 460 646 503 s.
665 457 685 502 c
701 437 743 503 m
758 437 796 504 ia
812 437 862 504 bis
877 457 968 523 qaae
986 459 1031 506 ea
1045 440 1230 508 iatmtioae
1246 461 1338 526 apem

167 562 209 626 tis
226 567 351 627 statam
371 563 520 646 capiant,
536 563 653 650 effugit
675 563 975 650 irregularitatem,
995 583 1025 628 o.
1046 584 1073 630 c.
1096 565 1127 630 si
1150 537 1341 647 a'peccatis

166 687 339 772 absoloal;
354 689 391 753 ia
413 690 492 754 aliis
506 709 577 756 aon
591 691 680 761 item,
697 695 734 755 at
755 708 830 755 ecce
844 689 875 754 si
889 688 1035 772 baptizet
1050 692 1255 768 solemniter,
1272 712 1345 759 ooo

163 819 309 896 propter
330 814 536 896 baptismam
559 815 627 900 (bic
649 815 740 880 enim
762 835 832 882 aaa
854 812 956 902 valet)
979 815 1039 882 scd
1057 823 1201 899 propter
1229 837 1342 885 coere-

166 939 301 1004 mooias
324 937 528 1020 baptismi».
545 940 589 1004 Et
610 939 693 1004 haec
707 938 868 1006 sententia
882 938 1011 1005 videtur
1027 941 1137 1004 verior
1155 942 1231 1024 quia
1253 945 1339 1008 actui

167 1063 341 1129 criminoso
363 1065 443 1128 nibil
467 1064 579 1130 deesse
602 1064 705 1140 debet,
721 1071 766 1136 ut,
783 1068 895 1149 suapte
918 1069 1044 1139 natura,
1062 1069 1102 1131 sit
1125 1072 1233 1132 certus
1249 1074 1340 1134 actus

169 1190 201 1252 in
224 1185 260 1254 s'e
291 1190 457 1274 perfectus
481 1189 535 1272 (ci.
560 1210 659 1276 supra
681 1210 713 1255 n.
741 1189 804 1277 19),
829 1195 862 1256 et
889 1192 1028 1256 maxime
1056 1193 1130 1275 quia
1162 1213 1225 1258 non
1252 1192 1345 1258 video

167 1311 325 1396 quomodo
351 1313 522 1381 simulatio
547 1315 738 1378 concilietur
762 1334 834 1380 cum
859 1315 1042 1381 temeraria
1064 1317 1345 1401 praesumptione

167 1439 345 1505 exercendi
368 1441 514 1506 ordinem
539 1461 667 1506 sacrum
684 1438 739 1526 (ci.
756 1460 788 1504 n.
804 1441 893 1526 221).
911 1442 1022 1516 Quare
1046 1445 1078 1507 in
1100 1443 1163 1509 hac
1186 1447 1345 1512 sententia

166 1567 351 1633 incurritur
376 1568 603 1653 irregularitas
634 1569 660 1632 si
688 1567 846 1632 solemnes
874 1576 1094 1636 exerceantur
1121 1573 1347 1636 coeremoniae

166 1713 252 1778 quae
275 1695 471 1760 comitantur
490 1717 515 1759 s.
533 1693 779 1776 ordinationem,
796 1679 1088 1774 confirmationem
1106 1695 1168 1762 hae
1191 1699 1287 1778 euim,
1312 1699 1345 1763 in

168 1837 240 1882 esse
265 1839 331 1890 suo,
348 1837 414 1882 non
437 1818 578 1903 pendent
592 1817 632 1883 ab
652 1820 828 1918 intentione
844 1821 978 1904 agentia,
995 1818 1051 1884 sed
1067 1821 1344 1906 irregularitatem

168 1937 284 2026 effugit
305 1941 444 2006 clericus
471 1960 535 2004 non
559 1939 711 2006 sacerdos
741 1942 793 2025 qui
821 1940 918 2006 audet
944 1941 1164 2008 consessiones
1192 1944 1345 2029 excipere

168 2064 226 2128 sed
242 2065 362 2148 absque
381 2065 559 2129 intentione
575 2063 714 2150 ponendi
737 2069 843 2130 actum
863 2066 1142 2132 sacramentalem.
1160 2103 1176 2114 ·
1194 2067 1345 2133 Ceterum

168 2208 343 2254 versamur
365 2190 398 2254 in
423 2189 518 2255 dubio
540 2191 629 2255 iuria.

260 2311 335 2378 223.
360 2313 574 2388 Quamobrem
598 2313 638 2378 ad
660 2315 763 2379 instar
778 2316 927 2401 principii
943 2317 993 2398 sit
1010 2337 1051 2381 ex
1068 2317 1131 2383 hoc
1147 2318 1251 2402 capite
1266 2319 1345 2382 irre·

167 2439 376 2523 gidaritatem
399 2439 570 2505 incurrere
593 2439 731 2505 clericos
757 2441 811 2523 qui
835 2440 979 2506 ordinem
1008 2461 1102 2526 quem
1130 2461 1195 2508 nou
1225 2441 1345 2508 habent

168 2571 378 2649 praesumant
394 2583 561 2637 exercere,
578 2565 684 2650 prouti
700 2570 858 2631 exercent
876 2567 1013 2632 ministri
1029 2567 1063 2631 in
1079 2586 1117 2631 eo
1133 2566 1246 2632 ordine
1267 2587 1343 2632 con·

167 2691 281 2756 stituti.
307 2688 448 2756 Proinde
471 2689 533 2776 (l):

307 2813 338 2900 l)
362 2815 520 2880 Sacerdos
542 2817 595 2900 qui
619 2818 652 2881 in
668 2817 817 2882 Ecclesia
831 2815 932 2883 latina
955 2817 1051 2884 audet
1067 2817 1344 2886 confirmationem

166 2937 539 3025 administrare-absque
554 2942 723 3027 privilegio
740 2943 832 3008 Rom.
852 2944 956 3024 Pont,
980 2949 1036 3009 aut
1057 2965 1154 3011 sacra
1176 2945 1249 3010 olea
1272 2965 1344 3012 con·

167 3063 278 3138 ficere,
302 3065 416 3132 altaria
442 3087 637 3132 consecrare
661 3071 751 3132 certe
772 3065 809 3132 fit
832 3068 1033 3152 irregularis.
1051 3071 1104 3135 An
1129 3071 1268 3136 clericus
1291 3074 1344 3155 qui

168 3191 354 3274 impertitur
384 3191 623 3258 benedictiones
654 3193 803 3277 proprias
832 3193 1036 3276 sacerdotum
1068 3193 1123 3262 fiat
1152 3197 1344 3282 irregularis

167 3319 441 3381 controvertitur:
466 3316 509 3381 cf.
534 3316 666 3388 Giraldi,
691 3318 782 3400 Emp.
806 3319 878 3384 lar.
903 3317 1002 3385 Pom.
1028 3321 1055 3394 l,
1081 3319 1164 3386 Soet.
1190 3321 1272 3388 865.

303 3433 340 3516 2)
363 3437 414 3500 Fit
437 3437 629 3522 irregularis
652 3437 805 3504 diaconus
828 3437 1056 3504 administrans
1078 3445 1260 3505 extremam
1283 3462 1343 3506 un-

169 3560 319 3633 ctionem,
344 3579 409 3624 non
432 3579 511 3625 vero
543 3561 770 3627 eucharistiam
793 3563 827 3626 in
850 3582 928 3629 casu
951 3565 1160 3630 necessitatis.
1185 3565 1345 3634 Diaconus

168 3686 396 3751 eucharistiam
420 3687 647 3753 administrans
670 3689 766 3754 etiam
790 3693 886 3754 extra
909 3708 1016 3755 casum
1040 3695 1207 3756 extremae
1231 3712 1344 3758 neces-

166 3811 270 3876 sitatis
292 3832 357 3877 non
379 3811 416 3878 fit
438 3813 638 3898 irregularis,
662 3815 807 3898 quamvis
831 3815 920 3880 nulla
945 3815 1028 3882 adsit
1055 3818 1246 3895 necessitas;
1271 3820 1344 3903 quia

167 3939 201 4002 in
225 3937 286 4002 isto
309 3956 385 4002 casu
408 3937 520 4004 illicite
543 3958 630 4014 sane,
656 3938 711 4004 sed
734 3945 842 4004 tamen
865 3945 972 4007 actum
996 3947 1131 4009 exercet
1154 3963 1231 4009 suae
1254 3948 1342 4030 pote-

255 4133 296 4204 (l)
315 4133 345 4186 ln
365 4131 441 4188 hisce
459 4133 659 4188 violationibus
683 4134 765 4189 datur
790 4136 912 4205 parvitas
937 4138 1081 4205 materiae,
1100 4143 1129 4194 et
1151 4139 1344 4208 irregularitas

166 4237 326 4307 expostulat
344 4254 459 4308 gravem
471 4239 592 4309 culpam,
608 4240 679 4294 unde
693 4241 812 4296 clericus
821 4258 879 4295 ⁴uon
892 4242 1024 4296 diaconus
1037 4244 1084 4314 qui
1097 4259 1183 4312 agens
1196 4242 1343 4298 hebdoma-

165 4345 274 4400 darium
293 4347 322 4400 in
341 4346 426 4402 choro
444 4349 519 4403 dicat
538 4350 674 4403 Dominus
691 4351 833 4404 vobiscum
852 4355 945 4420 partes
965 4356 1080 4421 usurpat
1102 4369 1157 4406 uon
1177 4355 1220 4406 sui
1239 4354 1343 4408 ordinis

166 4457 196 4508 et
214 4454 286 4511 forte
305 4456 432 4524 peccabit
449 4456 497 4511 sed
515 4472 570 4511 non
589 4459 622 4511 fit
640 4457 812 4528 irregularis.
