3306 5102
313 254 380 320 346
839 280 922 326 rins
947 279 968 324 1.

313 418 437 470 carcer.
462 400 612 476 exilium;
636 403 722 481 item,
747 401 787 467 de
810 404 881 468 iure
912 405 1078 473 canonico,
1103 403 1268 488 depositio,
1294 404 1491 490 degradatio,

312 533 345 593 et
360 527 534 610 antiquitus
550 525 677 612 publica
691 529 898 613 poenitentia.
914 529 962 596 Cf.
976 529 1173 610 Thesaurus,
1190 530 1229 614 (1,
1245 529 1290 594 33
1301 529 1382 616 fia).
1402 529 1493 596 Unde

313 653 491 716 rectissime
519 649 710 736 Schmalzg„
736 652 781 716 tit.
806 650 864 723 37,
891 651 925 724 V,
950 672 984 716 n.
1008 652 1084 725 166,
1109 653 1154 718 ait
1178 654 1302 717 incurri
1326 652 1491 716 infamiam

311 774 364 841 vel
388 777 455 860 ipso
480 777 559 845 iure,
587 776 636 840 vel
660 795 703 840 ex
726 778 886 843 sententia
911 775 1033 859 iudicis,
1057 777 1110 842 vel
1136 797 1178 842 ex
1205 797 1327 862 genere
1357 797 1491 862 poenae.

402 901 476 967 257.
502 901 667 976 Quatenus
699 907 748 968 est
779 921 883 988 poena
914 923 973 987 per
1003 921 1039 968 se
1069 908 1168 974 stans.
1194 902 1327 966 iufamia
1357 907 1414 966 aut
1445 910 1495 968 est

310 1024 375 1107 fer.
399 1031 494 1106 sent,
518 1031 573 1090 aut
596 1026 653 1090 tat.
670 1033 753 1090 sent.
770 1061 787 1072 -
804 1026 846 1091 Et
861 1027 925 1090 DD.
943 1027 1110 1110 inquirunt
1133 1045 1174 1090 an
1198 1025 1331 1090 infamia
1354 1025 1375 1089 t.
1391 1043 1418 1090 s.
1443 1026 1493 1090 in-

311 1157 465 1218 curratur
488 1151 561 1236 ipso
584 1153 660 1218 iure
683 1151 802 1236 absque
825 1155 986 1238 sententia
1005 1151 1229 1222 declaratoria,
1248 1172 1313 1216 non
1336 1171 1432 1216 secus
1455 1171 1494 1216 ac

311 1278 524 1343 incurrantur
547 1296 716 1343 censurae.
733 1279 830 1361 Atqui
848 1277 911 1342 Dl).
930 1278 962 1341 in
982 1279 1163 1342 contrarias
1179 1276 1300 1342 abeunt
1314 1277 1494 1340 sententias

312 1406 347 1464 ut
368 1399 480 1464 vidore
504 1405 554 1466 est
576 1398 660 1485 apud
684 1399 885 1464 Thesaurum
911 1399 931 1463 l.
956 1419 983 1466 c.
1004 1434 1021 1448 -
1044 1397 1123 1462 lnde
1146 1417 1316 1463 versamur
1340 1399 1372 1463 in
1398 1395 1493 1462 dubio

310 1523 397 1588 turis
420 1529 452 1588 et
475 1526 545 1608 quis
568 1530 674 1609 potest
695 1525 808 1590 haberi
832 1525 878 1590 uti
902 1545 966 1588 non
983 1525 1174 1610 irregularis
1190 1543 1354 1609 quousque
1370 1524 1493 1590 factum

311 1647 395 1715 unde
419 1651 524 1713 oritur
546 1649 679 1714 infamia
702 1655 750 1714 est
773 1649 933 1714 occultum
958 1655 990 1714 et
1013 1648 1088 1714 inde
1112 1669 1175 1712 non
1192 1651 1402 1733 superveniat
1424 1669 1492 1714 sen-

310 1775 413 1838 tentia
435 1773 661 1839 declaratoria.
688 1774 767 1838 Nam
791 1775 815 1838 si
842 1774 961 1838 tactum
986 1781 1035 1839 est
1053 1773 1241 1856 publicum,
1265 1773 1494 1860 irregularitas

311 1917 355 1986 ex
385 1897 517 1962 infamia
548 1899 569 1962 l.
600 1919 626 1964 s.
659 1900 722 1963 iam
753 1897 892 1962 habetur
923 1899 967 1964 uti
1001 1900 1141 1968 incursa.
1174 1901 1280 1982 prouti
1313 1897 1493 1968 declaravit

312 2022 343 2088 S.
369 2023 468 2107 Cong.
486 2023 619 2088 Concilii
643 2023 698 2088 die
723 2023 745 2088 9
767 2019 856 2108 Aug.
875 2022 965 2088 1890
989 2024 1020 2086 in
1045 2041 1110 2086 una
1134 2024 1379 2093 Wratislavien,
1397 2042 1492 2106 quam

311 2145 398 2210 infra
414 2145 603 2210 referemus.
623 2181 640 2192 -
659 2145 751 2220 Quod
766 2144 886 2210 factum
905 2164 983 2208 vero
1007 2153 1117 2210 notum
1134 2146 1185 2210 vel
1205 2147 1366 2210 notorium
1383 2147 1416 2209 in
1434 2165 1492 2210 ne-

311 2271 398 2354 gotio
421 2269 572 2334 infamiae
594 2267 869 2354 aequiparandum
893 2270 934 2334 sit
957 2270 1136 2335 sententiae
1161 2269 1285 2341 iudicis,
1311 2269 1492 2337 desumitur

311 2415 376 2460 non
400 2402 524 2460 tantum
548 2415 590 2462 ex
613 2416 641 2461 c.
666 2416 693 2460 o.
717 2393 741 2458 4
763 2397 889 2476 eluit,
916 2395 965 2460 De
988 2400 1089 2478 temp.
1115 2395 1188 2461 ord.
1211 2393 1251 2468 X,
1277 2394 1332 2460 sed
1357 2415 1401 2460 ex
1423 2397 1492 2480 ipso

311 2525 468 2605 conceptu
491 2519 653 2584 infamiae.
679 2521 758 2584 Nam
782 2519 864 2584 haec
892 2520 1047 2590 consistit.
1073 2521 1163 2603 quasi
1188 2540 1230 2585 ex
1254 2539 1312 2584 sua
1343 2519 1491 2598 materia,

311 2645 344 2709 in
367 2644 495 2738 publica
518 2648 630 2711 notitia
653 2646 787 2712 alicuius
811 2647 889 2710 facti
912 2647 1183 2730 existimationem
1208 2643 1375 2710 laedentis.
1396 2644 1490 2707 -De-

311 2786 397 2834 mum
421 2787 464 2832 ex
485 2768 535 2832 his
566 2787 648 2853 quae
678 2768 911 2852 explicavimus
938 2788 995 2833 suo
1025 2768 1098 2832 loco
1130 2765 1233 2851 quoad
1265 2767 1490 2830 executionem

311 2911 487 2975 poenarum
503 2893 525 2956 l.
537 2897 619 2958 sent.
634 2895 787 2976 sequitur,
802 2892 984 2975 infamiam
996 2892 1083 2957 iuris
1095 2893 1212 2977 quippe
1226 2909 1376 2973 poenam
1389 2891 1492 2974 magis

309 3017 502 3103 mpatioam
526 3015 672 3081 mandari
695 3005 878 3082 executioni
903 3016 1023 3100 absque
1047 3017 1226 3082 ministerio
1242 3015 1373 3090 iudicis;
1398 3015 1490 3097 siqui-

310 3139 382 3204 dem
406 3141 538 3205 infamla
562 3142 641 3205 iuris
664 3148 822 3226 exparte
846 3141 929 3226 lepis
952 3140 1129 3206 secumfert
1158 3136 1309 3204 effectum
1333 3137 1489 3204 inhabili-

311 3267 397 3342 tatis,
422 3287 465 3330 ex
487 3273 581 3353 parte
602 3267 686 3349 sacti
712 3268 926 3352 privationem
957 3265 1060 3331 bonae
1092 3268 1208 3330 famae.
1235 3269 1278 3329 nt
1306 3264 1490 3330 inhabilitas

309 3393 378 3476 ipso
401 3393 472 3456 iure
496 3393 675 3459 incurritur
698 3391 818 3476 absque
841 3393 1002 3458 sententia
1025 3391 1148 3458 iudicis.

401 3517 479 3582 lnde
509 3519 653 3601 sequitur
684 3519 780 3584 etiam
809 3537 852 3582 ex
880 3518 1015 3582 crimine
1047 3519 1176 3584 occulto
1200 3516 1324 3580 incurri
1354 3533 1488 3600 poenam

309 3637 461 3705 infamiae
485 3642 541 3706 lut.
565 3649 646 3705 seat.
672 3640 717 3706 uti
741 3639 835 3704 docet
859 3639 990 3710 suarez,
1015 3640 1036 3703 l.
1054 3659 1081 3704 c.
1106 3639 1149 3704 15
1164 3657 1255 3722 seq.‚·
1279 3638 1399 3702 etenim
1423 3639 1489 3720 ipso

309 3765 445 3830 crimine
468 3767 595 3848 patrato
618 3765 677 3828 etsi
701 3763 832 3830 occulto
856 3763 1043 3827 incurratur
1059 3781 1097 3826 ea
1113 3760 1298 3826 inhabilitas
1314 3759 1489 3824 inhaerens

309 3908 433 3974 poenae
448 3887 615 3961 infamiae;
639 3886 784 3968 quamvis
800 3884 911 3950 forsan
928 3885 1129 3970 irregularis,
1147 3903 1189 3948 ne
1204 3883 1320 3969 prodat
1340 3884 1487 3968 seipsum,

309 4030 374 4075 non
397 4015 547 4076 teneatur
570 4029 604 4075 se
627 4008 790 4074 abstinere
813 4006 852 4072 ab
877 4009 927 4072 his
951 4007 1066 4092 quibus
1089 4007 1281 4092 prohibetur
1304 4008 1337 4070 vi
1361 4007 1487 4091 irregu-

308 4136 454 4204 laritatis.
480 4136 542 4203 Sed
566 4137 629 4202 hoc
645 4141 693 4200 est
708 4156 767 4222 per
782 4137 950 4210 occidens,
968 4136 1042 4218 quia
1064 4135 1246 4200 huiusmodi
1267 4137 1405 4199 erimina
1420 4153 1488 4220 gra-

309 4264 402 4326 viora
417 4266 529 4346 suapte
545 4266 662 4324 natura
678 4259 805 4344 publica
816 4279 888 4325 esse
900 4261 1014 4324 solent.
1028 4257 1163 4334 Quando
1176 4280 1256 4324 vero
1269 4259 1399 4346 publica
1410 4256 1488 4323 liunt

310 4393 387 4451 tunc
415 4386 620 4470 cognoscitur
647 4385 872 4470 irregularitas
896 4385 956 4449 iam
981 4389 1165 4460 contracta;
1190 4384 1397 4469 quamobrem
1421 4383 1487 4448 eius
