3302 5100
627 347 838 404 insanarum
859 349 893 397 v.
1285 314 1352 398 579

162 470 295 527 sitiones:
322 471 393 527 item
421 470 536 527 edentes
561 470 639 540 leges
667 470 713 527 vel
741 470 861 527 Decreta
887 476 988 526 contra
1014 470 1179 529 libertatem
1210 477 1261 527 aut
1288 473 1352 528 iura

169 577 323 634 Ecclesiae.

257 681 329 736 Vlll.
348 681 535 738 Recurrentes
553 681 588 736 ad
606 680 709 737 laicam
723 685 890 752 potestatem
909 680 943 735 ad
961 681 1153 750 impediendas
1172 682 1285 738 litteras
1304 683 1351 738 vel

164 793 231 844 acta
253 786 398 859 quaelibet
426 804 443 843 a
469 787 540 843 Sede
568 787 741 858 Apostolica,
765 785 812 843 vel
839 789 874 842 ab
901 786 1025 843 eiusdem
1049 787 1165 858 Legatis
1190 791 1241 843 aut
1266 788 1353 844 Dele-

166 896 244 966 gatis
260 895 481 966 quibuscumque
501 895 634 965 prolecta,
647 910 800 965 eorumque
813 893 1065 965 promulgationem
1078 894 1125 951 vel
1137 895 1352 952 exsecutionem

167 999 276 1056 directe
294 999 340 1056 vel
357 998 494 1056 indirecte
512 998 700 1070 prohibentes,
719 1003 769 1054 aut
786 1016 882 1056 eorum
901 1015 986 1055 causa
1003 1000 1063 1055 sive
1081 1001 1157 1071 ipsas
1175 1005 1280 1072 partes,
1291 1003 1352 1057 sive

169 1107 242 1162 alios
260 1105 405 1163 laedentes
423 1105 469 1162 vel
488 1107 757 1178 perterrefacientes.

261 1215 309 1270 lx.
323 1214 426 1271 Omnes
443 1214 573 1269 falsarios
592 1213 752 1269 litterarum
770 1213 1006 1284 Apostolicorum,
1024 1214 1110 1270 etiam
1128 1213 1159 1269 in
1176 1215 1266 1270 forma
1284 1215 1351 1271 Bre-

170 1325 213 1379 vis
232 1341 265 1378 ac
283 1322 521 1394 supplicationum
543 1321 667 1392 gretiam
685 1321 732 1378 vel
750 1321 888 1376 iustitiam
912 1322 1150 1404 concernentium,
1168 1338 1217 1392 per
1245 1321 1352 1376 Rome·

170 1447 239 1487 num
257 1429 431 1498 Pontificem,
451 1429 497 1484 vel
515 1428 543 1483 S.
562 1427 595 1483 E.
609 1428 642 1483 R.
656 1426 928 1485 Vico-Cancellarios
946 1443 996 1484 seu
1015 1425 1150 1486 Geronton
1162 1429 1239 1485 vices
1252 1445 1350 1484 eorum

170 1542 222 1593 aut
239 1537 274 1594 de
292 1535 423 1591 mandato
449 1535 571 1591 eiusdem
598 1533 716 1589 Romani
742 1533 887 1589 Pontificie
909 1533 1098 1604 signatarum:
1121 1551 1172 1590 nec
1197 1551 1254 1590 non
1278 1537 1353 1591 falso

171 1642 347 1714 publicantes
365 1639 490 1696 Litteras
514 1639 700 1710 apostolicas,
719 1638 806 1694 etiam
824 1639 853 1693 in
872 1639 962 1694 forma
989 1639 1093 1706 Brevis,
1112 1643 1141 1694 et
1166 1641 1251 1694 etiam
1277 1639 1352 1695 ielso

168 1751 316 1822 signantes
343 1748 563 1819 supplicationes
590 1747 747 1802 huiusmodi
772 1749 823 1802 sub
847 1748 959 1803 nomine
986 1747 1103 1802 Romani
1129 1747 1275 1803 Pontificis
1300 1765 1351 1804 seu

171 1854 427 1912 Vise-Cancellarii
446 1857 496 1908 ant
514 1851 643 1908 Gerontis
661 1853 737 1908 vices
757 1853 971 1924 praedictorum.

260 1963 297 2018 X.
316 1960 502 2017 Absolventes
520 1960 684 2030 complicem
702 1961 731 2014 in
751 1965 867 2031 peccato
892 1961 967 2030 turpi
993 1961 1079 2016 etiam
1104 1961 1134 2016 in
1158 1961 1257 2016 mortis
1282 1963 1354 2018 arti·

169 2070 245 2138 culo,
263 2071 287 2124 si
306 2069 378 2124 elius
397 2067 531 2125 Sacerdos
548 2067 617 2124 licet
635 2083 690 2122 non
708 2069 879 2139 adprobatus
902 2069 936 2123 ad
962 2069 1159 2138 confessiones,
1183 2071 1244 2126 sine
1269 2073 1349 2141 gravi

172 2179 267 2250 aliqua
286 2177 429 2234 exoritura
448 2176 564 2232 infamia
588 2180 617 2230 et
640 2175 782 2242 scandalo,
807 2176 893 2246 possit
917 2177 1047 2247 excipere
1070 2177 1215 2233 morientis
1240 2181 1353 2234 confes·

170 2287 288 2342 sionem.

264 2388 311 2442 xl.
330 2387 506 2457 Usurpentes
523 2391 573 2442 aut
591 2391 799 2458 sequestrantes
818 2387 1046 2455 iurisdictionem,
1065 2389 1147 2457 bona,
1166 2390 1300 2459 redditus,
1316 2393 1351 2446 ad

171 2509 310 2564 personas
326 2491 531 2548 ecclesiasticas
544 2493 653 2547 ratione
666 2509 779 2546 suarum
792 2481 983 2548 Ecblesiarnm
1002 2498 1052 2548 eut
1069 2494 1274 2550 Beneficiorum
1287 2513 1354 2566 per-

172 2602 305 2656 timentes.

261 2706 320 2761 xli.
342 2706 514 2772 invadentes,
533 2705 717 2773 destruentes,
742 2705 901 2762 detinentes
920 2723 970 2776 per
987 2723 1018 2762 se
1036 2706 1083 2762 vel
1102 2723 1151 2774 per
1177 2707 1248 2762 aiios
1275 2705 1353 2762 Civi-

171 2816 255 2877 tates,
273 2811 383 2877 Terras,
398 2810 461 2866 loca
474 2815 523 2865 aut
535 2811 597 2866 iura
610 2811 644 2864 ad
658 2810 812 2867 Ecclesiam
831 2811 986 2865 Romanam
1005 2812 1193 2881 pertinentia3
1206 2812 1251 2868 vel
1273 2829 1355 2867 usur·

172 2924 279 2990 pantes,
299 2919 505 2989 perturbantes,
524 2919 677 2974 retinentes
695 2930 852 2989 supremam
865 2917 1085 2974 iurisdictionem
1104 2919 1132 2974 in
1152 2920 1208 2986 eis;
1229 2937 1351 2976 necnon

170 3023 207 3077 ed
226 3023 338 3094 singula
356 3022 498 3093 praedicta
516 3021 661 3089 auxilinm,
680 3021 836 3087 consilinm,
853 3023 978 3077 savorem
997 3024 1175 3094 praebentes.

263 3131 288 3184 Α
306 3130 407 3201 quibus
426 3129 554 3185 omnibus
573 3129 906 3185 excommunicationibus
924 3127 979 3182 huc
998 3145 1085 3200 usqne
1105 3130 1252 3185 recensitis
1272 3131 1354 3186 abso·

172 3233 309 3288 luticnem
330 3233 456 3288 Romano
474 3232 604 3288 Pontifici
624 3249 674 3303 pro
692 3236 817 3303 tempore
830 3232 945 3302 speciali
958 3231 1040 3287 modo
1053 3238 1225 3288 reservatam
1247 3250 1308 3289 esse
1324 3241 1354 3289 et

173 3339 323 3405 reservari3
343 3344 372 3396 et
391 3355 440 3409 pro
458 3357 493 3396 ea
510 3339 672 3409 generalem
691 3339 896 3394 concessionem
909 3337 1072 3394 absolvendi
1084 3356 1101 3394 a
1114 3339 1225 3394 casibus
1239 3343 1268 3394 et
1288 3357 1355 3395 cen-

171 3445 254 3510 suris,
273 3445 332 3500 siva
350 3443 684 3498 excommunicationibus
703 3443 828 3497 Romano
848 3443 978 3496 Pontifici
998 3443 1148 3498 reservatis
1167 3441 1246 3497 nullo
1269 3451 1353 3515 pacto

171 3551 298 3606 sufficere
318 3549 501 3615 declaramus,
520 3550 658 3606 revocatis
676 3550 791 3620 insuper
808 3549 959 3604 earundem
978 3552 1106 3619 respectu
1127 3549 1352 3621 quibuscumque

174 3659 291 3714 indultis
309 3659 448 3713 concessis
466 3659 517 3713 sub
536 3659 634 3730 quavis
651 3660 740 3713 forma
758 3663 787 3714 et
805 3659 948 3730 quibusvis
968 3659 1095 3727 personis
1114 3661 1199 3714 etiam
1227 3659 1352 3730 Regula-

174 3764 251 3818 ribus
269 3764 467 3835 cuiuscumque
492 3764 610 3828 Ordinis,
629 3762 870 3834 Congregetionis,
891 3762 1040 3819 Societatis
1060 3767 1089 3819 et
1108 3763 1243 3832 instituti,
1263 3766 1351 3820 etiam

172 3869 290 3941 speciali
318 3872 460 3926 mentione
488 3871 579 3941 dignis
606 3876 635 3926 et
658 3871 688 3925 in
712 3869 809 3941 quavis
833 3869 971 3940 dignitate
996 3871 1165 3926 constitutis.
1192 3871 1352 3928 absolvere

172 3980 268 4030 autem
288 3980 497 4044 praesumentes
507 3975 569 4032 sine
581 3977 675 4032 debita
686 3976 831 4043 facultate,
844 3977 931 4032 etiam
949 3977 1047 4048 quovis
1066 3981 1222 4048 praetextu,
1236 3993 1354 4032 excom·

173 4082 369 4138 manicationis
396 4082 509 4137 vinculo
535 4082 661 4138 Romano
686 4083 816 4138 Pontifici
841 4087 999 4139 reservatae
1024 4083 1170 4138 innodatos
1196 4101 1226 4139 se
1251 4086 1352 4153 sciant,

172 4188 320 4246 dummodo
338 4207 394 4245 non
414 4196 516 4260 agatur
534 4191 569 4246 de
587 4191 684 4246 mortis
708 4191 837 4256 articulo,
856 4191 885 4244 in
903 4207 959 4262 quo
983 4195 1077 4246 temen
1102 4192 1238 4246 firmasit
1257 4193 1351 4263 quoad

169 4295 316 4351 absolutos
333 4297 472 4366 obligatio
489 4297 581 4352 standi
600 4297 740 4353 mandatis
758 4297 910 4364 Ecclesiae,
929 4297 952 4351 si
972 4297 1178 4353 convaluerint.
