3306 5102
296 297 363 364 304
816 319 900 366 rans
924 318 946 364 1.
1032 317 1035 326 ’

384 439 460 506 206.
485 441 635 526 Episcopi
659 461 701 507 ex
728 445 885 526 potestate
915 441 1096 508 ordinaria
1119 437 1165 526 (1)
1190 439 1377 524 dispensare
1401 458 1474 523 pos·

297 570 371 630 sunt
393 586 452 649 per
479 565 645 633 decretum
670 567 790 633 Concil.
817 567 904 632 reid.
928 585 1006 634 sess.
1031 565 1092 647 24,
1116 587 1144 634 c.
1170 567 1193 630 6
1215 565 1266 632 De
1286 564 1350 647 ref.
1376 567 1408 628 in
1435 566 1476 628 ir-

296 689 559 776 regularitatibus
582 711 627 758 coc
650 692 769 759 delicto
794 693 937 765 occultis,
966 695 1105 776 excepta
1128 709 1271 774 eaquae
1302 691 1408 757 oritur
1432 709 1473 754 ex

297 815 467 881 homicidio
497 816 680 882 voluntario
705 823 737 882 et
760 819 905 902 exceptis
933 817 1004 882 aliis
1033 816 1178 882 deductis
1200 815 1242 880 ad
1265 816 1370 881 forum
1395 835 1477 880 con-

296 941 478 1006 tentiosum.
496 977 514 990 -
533 943 570 1007 In
586 942 881 1028 irregularitatibus
896 961 941 1009 en
964 942 1097 1026 defectu
1121 941 1255 1007 occultis
1275 941 1327 1006 vel
1351 959 1397 1006 en
1419 940 1478 1006 da-

297 1067 373 1134 liato
396 1067 523 1153 publico
546 1069 627 1134 nihil
651 1074 755 1153 potest
770 1069 956 1155 Episcopus.
976 1071 1069 1135 Iuvat
1088 1069 1205 1134 iteruin
1222 1067 1351 1132 referre
1374 1064 1479 1130 verba

297 1193 501 1258 concilieris:
521 1194 667 1260 «Liceat
690 1193 856 1277 episcopis
878 1193 916 1258 in
938 1191 1251 1280 irrepularitatibus
1266 1191 1423 1258 omnibus
1446 1196 1478 1256 et

297 1318 571 1402 suspensionibus
595 1339 640 1386 ero
662 1321 781 1386 delicto
805 1322 933 1388 occulto
962 1317 1246 1403 provenientibus,
1270 1325 1413 1401 anaema
1437 1337 1480 1384 ea

298 1461 387 1528 quae
410 1443 521 1510 oritur
543 1462 589 1510 aa
612 1443 792 1512 homicidio
823 1445 1015 1511 catuniano
1040 1449 1070 1509 et
1093 1443 1243 1526 acceptis
1270 1442 1348 1508 otiis
1370 1442 1476 1508 dedu

299 1568 358 1636 ctis
389 1569 436 1634 ad
464 1567 583 1650 forum
613 1571 872 1643 contentiosum,
897 1569 1150 1653 dispensare».
1177 1572 1214 1636 In
1246 1567 1358 1636 eodem
1385 1573 1478 1634 textu

298 1691 372 1757 dein
388 1691 592 1776 subsequitur
607 1694 772 1758 concessio
785 1692 950 1778 potestatis
963 1691 1159 1758 absolvendi
1171 1690 1226 1756 sed
1239 1690 1321 1756 haec
1337 1691 1480 1777 pertinet

298 1816 339 1882 ad
363 1836 461 1883 casus
488 1816 631 1882 occultos
661 1822 849 1884 reservatos
872 1823 905 1883 et
928 1817 1111 1902 expostulat
1138 1817 1247 1882 sarias
1278 1815 1478 1881 conditiones

299 1961 381 2027 quae
404 1961 469 2006 non
492 1939 637 2008 afficiunt
660 1947 848 2026 potestatem
873 1941 1087 2026 dispensandi.
1113 1941 1160 2007 Of.
1176 1959 1286 2024 supra
1308 1960 1343 2005 n.
1360 1939 1431 2004 112.

391 2065 588 2133 Advertatur
610 2067 651 2133 ed
674 2067 919 2154 intelligentiam
943 2072 1068 2133 textus:

436 2192 467 2278 l)
491 2194 619 2259 nomine
634 2193 795 2277 Episcopi
818 2192 1049 2278 comprehendi
1066 2193 1241 2278 Episcopos
1261 2193 1422 2278 privative
1437 2191 1479 2256 ad

300 2319 380 2384 alios
410 2337 521 2382 omnes
551 2318 713 2404 praelatos
740 2319 834 2384 etiam
850 2317 1075 2404 Superiores,
1107 2323 1185 2402 puta
1208 2316 1480 2401 Archiepiseopos

301 2441 404 2527 quoad
434 2441 577 2508 subditos
607 2440 904 2529 suffraganeorum,
936 2443 981 2508 uti
1013 2442 1192 2510 declaravit
1222 2441 1252 2507 S.
1282 2441 1315 2506 G.
1344 2442 1389 2512 0..
1419 2459 1481 2504 ceu

301 2568 404 2634 refert
435 2567 564 2644 Sueten,
588 2569 678 2642 XLI,
702 2570 738 2644 2,
763 2569 795 2642 7,
827 2575 859 2633 et
891 2569 1072 2654 Fagnanus‚
1103 2568 1141 2633 in
1169 2587 1288 2634 comm·
1318 2585 1392 2649 cap.
1422 2565 1479 2647 15,

305 2693 352 2758 De
374 2697 475 2776 tenep.
499 2693 610 2759 ordin.
634 2713 667 2758 n.
692 2691 752 2757 26.
778 2727 818 2738 —
845 2691 954 2765 Quare
977 2692 1129 2756 Vicarius
1156 2689 1326 2758 Generalis
1356 2687 1481 2774 indiget

302 2819 432 2905 speciali
456 2817 614 2883 mandato.

348 2961 351 2968 ⁴
436 2943 470 3016 2)
495 2943 672 3028 Episcopus
695 2942 856 3027 dispensat
879 2961 970 3008 suum
995 2939 1164 3021 subditum,
1189 2958 1304 3025 nempe
1324 2939 1482 3004 clericum

302 3067 498 3152 adscriptum
522 3087 580 3132 suo
603 3067 692 3133 clero
716 3069 742 3132 si
765 3067 874 3152 agitur
896 3066 936 3132 de
962 3064 1197 3151 promovend03
1230 3083 1334 3147 neque
1364 3059 1485 3126 suflicit

304 3193 419 3260 titulus
448 3193 704 3276 familiaritatis,
730 3194 775 3259 uti
806 3191 952 3258 decrevit
974 3187 1007 3254 S.
1033 3191 1066 3256 O.
1092 3193 1125 3257 Ο.
1151 3190 1206 3256 die
1229 3189 1253 3255 5
1276 3187 1353 3255 Feb.
1378 3188 1482 3268 1604,

304 3321 386 3406 apud
412 3321 506 3388 Gard.
531 3319 691 3385 Petraia
717 3321 844 3386 comm.
873 3317 981 3386 Const.
1009 3317 1102 3391 VIII,
1122 3317 1223 3402 Grep.
1242 3317 1302 3397 IX,
1328 3315 1436 3380 «Etsi
1461 3335 1485 3380 a

306 3447 456 3513 Sacris>
481 3465 515 3510 n.
533 3445 579 3512 45
588 3464 602 3528 ,·
625 3447 652 3510 si
675 3450 791 3531 agatur
813 3445 855 3510 de
879 3445 941 3508 iam
961 3447 1107 3529 promoto
1123 3442 1288 3526 dispensat
1303 3441 1486 3525 Episcopus

394 3709 432 3780 (l)
453 3709 585 3779 Equidem
604 3708 723 3763 facultas
736 3709 879 3778 Episcopis
897 3710 972 3762 facta
991 3723 1040 3778 per
1054 3705 1135 3760 Cone.
1150 3703 1224 3758 Trid.
1244 3703 1367 3774 pertinet
1384 3702 1421 3756 ad
1440 3703 1487 3756 ius

305 3831 458 3871 commune.
472 3845 487 3856 -
502 3817 651 3871 Praeterea
664 3815 791 3886 Episcopi
811 3816 929 3886 speciali
947 3818 1064 3870 utuntur
1083 3817 1222 3883 potestate
1236 3812 1266 3865 in
1285 3808 1487 3880 irregularita-

306 3928 362 3978 tem
387 3940 421 3977 ex
445 3925 557 3993 defectu
574 3924 728 3989 natalium,
751 3922 779 3975 in
803 3939 859 3992 qua
877 3922 1038 3992 dispensant
1063 3920 1097 3975 ad
1119 3918 1231 3973 ordines
1249 3891 1372 3971 minores
1396 3921 1427 3970 et
1450 3915 1487 3970 ad

305 4034 441 4091 beneficia
459 4033 574 4086 minora.
595 4032 634 4086 De
654 4030 696 4085 his
714 4030 881 4100 specialibus
900 4029 1081 4085 facultatibus
1096 4027 1227 4092 dicemus,
1241 4027 1358 4094 agentes
1376 4023 1410 4078 de
1429 4024 1489 4076 sin·

305 4139 380 4208 gulis
404 4138 676 4209 irregularitatibus,
700 4137 779 4192 modo
804 4136 964 4190 disserimus
991 4137 1025 4190 de
1049 4137 1189 4205 potestate
1213 4137 1244 4186 in
1267 4147 1374 4202 penere
1392 4128 1487 4200 quoad

305 4247 391 4314 irreg.
411 4243 616 4313 dispensandas.
631 4241 751 4303 -Quoad
771 4239 1016 4311 iurisprudentiam
1031 4239 1057 4292 S.
1071 4237 1158 4306 cong.
1172 4235 1325 4290 Concitet
1340 4232 1486 4302 Hispalen.

303 4355 347 4406 25
367 4353 426 4406 Ian.
446 4351 536 4416 17263
557 4350 689 4419 Vigilien.
708 4349 751 4402 23
771 4350 843 4420 Sept.
864 4349 954 4401 1673.
977 4346 1092 4400 Richter
1114 4345 1178 4402 edit.
1201 4345 1280 4401 Cone·
1300 4344 1378 4397 Tn'd.
1399 4341 1490 4396 refert

305 4460 397 4530 pluras
415 4459 568 4514 decisiones
588 4457 613 4512 S.
628 4457 657 4510 G.
674 4457 705 4511 C.
