3290 5100
302 265 369 334 462
428 243 431 250 ’
563 337 570 350 ,
823 286 906 334 enus
931 287 953 334 1.

303 409 497 476 Ordinuriis
520 411 673 478 loooanon
692 409 907 494 proscriptas
929 410 997 477 nisi
1015 409 1064 476 eis
1079 411 1116 474 in
1131 409 1324 492 Apostolico
1348 408 1484 475 indulto

299 556 466 622 conpressa
486 536 592 620 suerit
610 542 761 622 potestas
783 535 918 623 tependi
940 543 971 604 et
993 535 1164 602 retinendi
1186 535 1290 602 libros
1306 555 1328 600 a
1344 533 1485 620 qnon-

300 679 445 747 enmqne
460 661 651 728 damnatos.
675 661 898 728 Meminerint
919 663 1062 745 insuper
1077 661 1138 748 qni
1153 661 1323 727 licentiam
1346 659 1486 745 tependi

300 785 405 854 liores
417 784 605 868 prohibitos
628 784 855 867 obtinuerunt,
871 786 972 872 praui
986 805 1022 852 se
1032 791 1218 870 praecepto
1243 783 1350 850 teneri
1369 782 1486 848 inins-

299 909 394 978 modi
421 909 525 977 tibros
556 909 605 976 ito
635 909 813 982 custodire,
837 915 876 976 nt
905 910 952 976 aci
981 910 1131 976 aliorum
1156 927 1282 974 monne
1309 927 1379 974 non
1403 925 1485 990 per-

298 1035 437 1101 veniant
454 1055 484 1099 ›.

379 1159 466 1225 Ι383.
490 1161 657 1227 Articulus
680 1162 776 1246 plane
799 1157 970 1226 confirmat
992 1160 1193 1248 disciplinam
1216 1163 1280 1226 iam
1304 1165 1484 1244 receptam.

299 1283 385 1350 Saue
408 1284 463 1351 dic
487 1281 510 1350 7
533 1284 611 1350 Deo.
636 1285 727 1352 1895
750 1285 914 1370 proposito
937 1283 1033 1350 dubio
1057 1283 1141 1370 apud
1165 1283 1197 1352 S.
1222 1283 1323 1370 cong.
1340 1282 1481 1350 Indicis:

302 1427 320 1470 <
344 1407 465 1474 Utrum
487 1408 548 1493 qni
570 1407 694 1474 nubent
714 1410 910 1493 peneralem
935 1407 1134 1491 sancitatem
1158 1409 1293 1495 inpendi
1316 1407 1422 1474 libros
1445 1407 1485 1473 in

300 1532 420 1599 Indice
443 1531 610 1599 librorum
628 1533 882 1617 prohibitorum
906 1539 1077 1600 contentos
1100 1533 1213 1619 tepere
1240 1534 1328 1600 licite
1346 1534 1484 1616 possint

299 1657 405 1726 etium
428 1657 531 1726 libros
554 1657 597 1726 ab
623 1657 816 1725 ordinariis
837 1658 1049 1742 proscriptos
1070 1657 1143 1724 sine
1166 1659 1305 1742 speciali
1328 1658 1482 1724 nnsdem

302 1783 481 1850 Ordinarii
503 1784 638 1850 lieentia
654 1806 684 1848 ›.
710 1785 778 1850 EE.
804 1784 870 1848 ΡΡ.
895 1783 1136 1868 rescripserunt
1162 1783 1407 1870 «Nepotiane».

390 1906 531 1974 Obtenta
553 1928 632 1974 vero
655 1907 788 1974 licentia
809 1907 939 1994 legendi
970 1908 1075 1997 libros
1104 1908 1168 1994 legi
1193 1913 1226 1972 et
1248 1909 1385 1972 retineri
1409 1927 1482 1993 pos·

299 2037 374 2099 sunt
396 2031 491 2096 etiam
509 2030 613 2098 libelli
632 2031 800 2113 periodici
822 2035 856 2097 et
879 2031 983 2097 diarii
1006 2051 1063 2098 seu
1082 2030 1317 2117 ephemerides,
1334 2031 1392 2096 sed
1415 2051 1481 2097 non

299 2159 485 2230 viceversa;
510 2156 662 2221 nimirum
677 2155 710 2220 vi
726 2155 888 2222 facultatis
903 2155 1033 2242 legendi
1056 2155 1290 2240 ephemerides,
1306 2159 1339 2221 et
1352 2155 1481 2220 libellos

300 2279 479 2364 periodicos
500 2277 687 2365 prohibitos,
705 2299 770 2344 non
794 2278 912 2344 exinde
935 2279 1000 2366 legi
1022 2285 1157 2366 possunt
1178 2279 1270 2354 libri;
1295 2279 1370 2363 quia
1384 2279 1484 2366 ephe-

299 2402 438 2470 merides
462 2406 494 2467 et
517 2401 621 2468 diaria
642 2399 807 2488 periodica
829 2403 933 2468 minus
956 2399 1098 2468 efferunt
1119 2400 1269 2468 damnum
1293 2407 1326 2468 et
1348 2403 1482 2488 planum

299 2531 359 2594 est.
383 2526 547 2612 Siquidem
570 2546 644 2593 cum
667 2527 766 2592 fuerit
788 2545 976 2594 concessum
1000 2525 1085 2612 quod
1108 2527 1210 2594 maius
1233 2533 1290 2600 est,
1314 2531 1348 2593 et
1374 2529 1482 2592 minus

299 2672 487 2720 concessum
503 2652 713 2738 intelligitur;
730 2653 847 2738 quippe
866 2653 940 2718 «In
955 2657 1021 2718 toto
1033 2656 1172 2735 portem
1187 2671 1257 2718 non
1273 2659 1322 2718 ent
1336 2650 1480 2718 dubium

298 2776 509 2846 contineri».
526 2775 575 2843 cf.
595 2775 638 2841 cl.
658 2773 845 2842 Pennacchi
861 2776 882 2842 l.
896 2795 923 2842 o.
940 2780 974 2842 et
988 2775 1028 2842 cl.
1042 2775 1264 2842 Vermeersch
1282 2776 1303 2841 l.
1317 2795 1345 2844 o.
1357 2796 1396 2860 p.
1408 2775 1481 2842 114.

454 3061 476 3142 ἓ
501 3060 554 3126 10.
577 3059 628 3127 De
646 3060 907 3127 denunciatione
930 3058 1098 3128 librorum
1116 3079 1319 3144 pravorum.

593 3237 644 3280 Huc
658 3235 771 3279 reseratur
785 3236 892 3291 caputii
907 3235 942 3280 tlt.
958 3236 970 3280 1
983 3236 1017 3280 ita
1029 3236 1173 3292 inscriptum.

297 3429 515 3486 summarium.
534 3458 568 3472 —
586 3429 648 3485 384.
673 3431 845 3487 Referuntur
868 3443 923 3487 art.
942 3431 986 3497 27,
1005 3431 1047 3485 28.
1067 3459 1102 3474 -
1120 3429 1181 3486 388
1204 3430 1419 3486 Commentatio.
1445 3457 1482 3474 -

387 3537 449 3592 386.
467 3537 599 3593 Refertur
617 3549 673 3594 art.
691 3537 735 3592 29.
754 3567 789 3582 -
807 3537 869 3592 387.
888 3539 1101 3594 Commentatin

388 3753 464 3821 384.
489 3755 574 3822 Aur.
590 3755 651 3822 27:
671 3753 865 3828 ‹Qaiomuis
887 3754 1131 3823 catholicorum
1153 3755 1309 3824 omnium
1330 3755 1383 3828 sit,
1408 3775 1483 3822 ma·

296 3876 394 3944 nime
416 3897 536 3945 eornm
559 3877 620 3964 qni
642 3877 799 3947 doctrino
821 3879 1031 3962 praevaient,
1044 3878 1257 3962 perniciosos
1275 3877 1381 3945 turos
1397 3879 1482 3962 Epi·

298 4001 410 4086 scopis
439 4007 500 4068 ont
525 4001 740 4086 Apostolicne
772 4003 853 4070 Sedi
883 4002 1111 4086 denunciare3
1133 4003 1171 4070 id
1193 4009 1309 4069 tomen
1337 4004 1483 4087 speciali

299 4127 394 4193 titulo
413 4127 563 4210 pertinet
591 4127 639 4193 acl
668 4125 828 4202 Nuntios,
858 4127 1037 4214 Detepatos
1065 4127 1292 4210 apostolicos,
1323 4127 1481 4195 torornm

301 4247 514 4333 (inclinatior,
546 4254 649 4336 atone
678 4249 838 4318 Rectores
873 4249 1136 4317 Univeraitotnm
1166 4251 1344 4318 doctrinae
1375 4251 1482 4318 lande

295 4372 492 4456 florentium
509 4396 540 4442 n.
