3306 5102
828 309 911 356 PARS
936 308 958 354 1.

803 573 917 642 Oarur
941 575 986 640 Il.

447 750 494 805 DE
513 747 678 805 SINGULIS
697 749 1084 807 IRREGULARITATIBUS
1104 749 1155 805 EX
1175 747 1346 805 DEFECTU

731 855 1063 913 PROVENIENTIBUS.

565 1003 615 1044 nne
630 999 672 1045 rer.
690 1001 728 1044 ua
745 1000 770 1043 rr
783 1005 810 1074 a·
821 1001 856 1056 20,
871 1001 911 1045 uu.
925 1002 945 1056 r,
959 1007 983 1044 er
996 1001 1032 1046 ur.
1046 1001 1067 1056 a
1083 1001 1122 1046 uu.
1137 1001 1181 1054 111,
1196 1001 1226 1044 x.

304 1181 520 1239 Summarium.
539 1212 577 1225 -
594 1182 655 1238 232.
672 1183 763 1238 Causa
776 1183 902 1253 proxima
914 1181 1013 1238 harum
1027 1181 1268 1254 irregularitatum
1282 1185 1326 1236 est
1339 1183 1493 1236 dumtaxat

393 1290 527 1358 delectus,
545 1291 672 1362 quamvis
690 1289 736 1344 hic
754 1291 862 1345 oriatur
880 1307 915 1346 ex
933 1289 1045 1346 delicto.
1064 1319 1097 1331 -
1116 1289 1178 1344 233.
1194 1287 1328 1359 Singulae
1346 1287 1493 1357 irregula-

385 1398 494 1494 ·ritates
514 1414 586 1469 quae
604 1399 655 1452 sub
675 1397 729 1452 isto
747 1399 839 1466 capite
858 1401 1045 1454 recensentur.
1067 1426 1101 1440 -
1120 1397 1181 1451 234.
1201 1398 1240 1451 nt
1255 1395 1308 1451 hae
1326 1393 1492 1450 miscendae

394 1519 449 1558 non
467 1507 533 1558 sunt
551 1501 809 1574 irregularitatibus
828 1504 1001 1574 impropriis.

394 1682 471 1750 2:32.
496 1683 760 1770 Irregularitates
783 1681 823 1748 de
846 1682 959 1768 quibus
980 1681 1073 1746 modo
1089 1682 1234 1748 dicemus
1258 1705 1278 1746 a
1301 1683 1421 1746 ceteris
1444 1679 1493 1746 di·

305 1811 514 1894 stinguuntur
537 1810 662 1874 ratione
691 1827 807 1873 causae
838 1807 1009 1892 efficientis
1035 1806 1232 1890 promimus,
1263 1809 1374 1892 utpote
1406 1824 1492 1890 quae

305 1955 370 2000 non
387 1937 513 2002 ratione
528 1934 640 2001 delicti
655 1931 711 1999 sed
727 1935 853 2000 ratione
868 1933 1019 2017 defectam
1037 1968 1054 1982 -
1072 1932 1241 1998 dumtaxat
1258 1968 1276 1981 -
1294 1932 1491 1997 constitutae

306 2065 389 2126 sunt.
416 2059 507 2136 Quod
531 2059 641 2125 sedulo
664 2059 790 2124 adverti
813 2058 925 2134 debet;
950 2057 1106 2143 siqnidem
1133 2057 1279 2123 deiectus
1304 2055 1491 2122 huiusmodi

305 2183 376 2247 fere
392 2201 520 2267 semper
543 2201 563 2246 a
585 2182 704 2250 delicto
720 2183 879 2268 originem
894 2180 1017 2246 habent
1032 2185 1160 2266 patrato
1175 2179 1228 2244 vel
1252 2179 1292 2243 ab
1316 2180 1387 2264 ipso
1403 2179 1489 2243 irre-

306 2307 411 2392 gulari
434 2306 486 2372 vel
503 2306 542 2372 ab
559 2307 632 2380 alio,
649 2307 706 2372 sed
722 2306 823 2372 nihilo
847 2305 951 2372 sacius
968 2304 1194 2391 irregularitas
1210 2309 1259 2370 est
1275 2323 1317 2369 ex
1333 2302 1470 2386 defectu
1476 2323 1492 2385 ‚·

307 2451 364 2496 seu
388 2451 453 2495 nnn
476 2435 525 2496 est
548 2429 588 2495 ad
611 2431 722 2497 instar
740 2449 885 2514 poenae,
910 2434 943 2495 et
965 2431 1145 2494 incurritur
1167 2427 1258 2493 nobis
1282 2427 1402 2500 insciis,
1424 2443 1492 2489 non

306 2559 483 2619 excusatur
505 2553 545 2618 ab
561 2555 755 2639 ignorantia,
772 2575 793 2618 a
808 2559 905 2636 metu,
922 2552 961 2617 ab
986 2572 1111 2628 errore,
1136 2571 1240 2636 neque
1263 2550 1303 2616 ab
1327 2551 1490 2636 Episcopo

307 2679 519 2765 dispensatur,
545 2679 604 2744 etsi
628 2679 766 2753 occulta,
792 2699 897 2764 neque
920 2679 1076 2764 baptismo
1100 2677 1236 2742 deletur.

371 2807 501 2896 'Porro
525 2825 590 2871 non
613 2813 663 2871 est
686 2806 827 2870 alienum
852 2805 1024 2872 auctione
1056 2802 1317 2889 irregularitatis,
1341 2800 1490 2868 eamdem

306 2930 589 3016 irregularitatem,
607 2930 707 2996 veluti
728 2950 771 2996 ex
785 2929 955 2994 homicidio
971 2930 1226 3014 provenientem,
1248 2925 1420 3012 aliquando
1444 2946 1489 2992 ex

306 3052 448 3136 defectu,
462 3052 632 3138 aliquando
649 3074 691 3119 ex
707 3053 825 3121 delicto
838 3053 1023 3139 provenire.
1038 3052 1166 3116 Etenim
1179 3055 1246 3115 tum
1259 3069 1302 3115 ex
1315 3047 1489 3114 homicidio

306 3177 403 3250 iusto,
421 3182 533 3262 utputa
555 3178 723 3242 commisso
747 3178 779 3241 in
803 3179 886 3242 iusto
904 3175 990 3241 bello
1009 3181 1065 3242 aut
1087 3174 1126 3239 ob
1152 3176 1330 3259 irrogatam
1346 3193 1485 3260 poenam

307 3301 487 3387 capitalem.
512 3307 579 3367 tum
602 3321 645 3367 ex
661 3301 833 3367 homicidio
856 3301 980 3368 iniusto
1005 3301 1109 3366 oritur
1132 3299 1358 3384 irregularitas
1374 3297 1431 3363 sed
1457 3299 1492 3362 in

306 3443 371 3488 uno
395 3425 540 3490 alterove
564 3443 641 3490 casu
664 3423 793 3490 diversa
816 3429 866 3489 est
888 3424 970 3490 ratio
994 3423 1140 3508 efficiens
1158 3421 1328 3506 prosimu
1358 3421 1490 3506 irregu-

307 3549 455 3631 laritatis,
479 3551 585 3634 prouti
610 3567 685 3614 mox
709 3519 951 3634 explicabimus.

397 3673 474 3740 233.
499 3672 588 3749 Quae
612 3694 654 3738 ex
678 3673 808 3739 delectu
824 3675 1007 3740 dumtaeat
1025 3671 1232 3757 proveniunt.
1249 3671 1414 3757 attingunt
1436 3669 1488 3734 vel

308 3801 426 3863 statum
442 3816 653 3884 personarum
671 3797 850 3880 iuridicum,
867 3803 899 3864 et
923 3798 1004 3864 istae
1021 3817 1063 3864 ex
1078 3798 1305 3883 illegitimitate
1320 3797 1484 3868 natalium,

307 3943 351 3988 ex
373 3923 515 4006 infamia,
540 3943 583 3990 ex
613 3924 769 3989 servitute
801 3924 1013 4009 proveniunt;
1039 3924 1091 3988 vel
1123 3943 1240 4008 corpus
1270 3923 1436 4007 attingunt
1458 3925 1489 3987 et

307 4049 458 4115 oriuntur
473 4070 515 4114 ex
531 4049 735 4116 deformitate
751 4051 907 4135 corporis,
921 4069 964 4116 ex
980 4050 1166 4136 impotentia
1182 4048 1316 4115 alicuius
1332 4048 1486 4123 membri;

309 4169 361 4234 vel
384 4171 523 4236 animum
547 4172 718 4257 attingrmt
744 4177 776 4238 et
799 4176 991 4257 repetuntur
1014 4192 1056 4236 en
1079 4159 1208 4236 defectu
1227 4189 1327 4236 sanae
1350 4169 1484 4234 rationis

308 4295 347 4360 ob
371 4297 510 4381 aliquam
533 4316 674 4365 coucam
698 4296 914 4372 habitualem,
941 4318 983 4363 ex
1009 4295 1139 4363 deiectu
1163 4295 1236 4362 lldei
1259 4297 1293 4362 in
1317 4295 1485 4383 neophitis,

309 4421 341 4482 et
364 4419 397 4482 in
421 4419 459 4484 iis
482 4420 535 4504 qui
559 4418 749 4505 baptismum
772 4421 806 4485 in
829 4424 965 4486 mortem
989 4418 1194 4485 distulerunt.
