3266 5102
520 335 563 382 nn
587 332 740 381 nemoris
765 333 807 378 nr
830 331 949 379 nonnis
1261 307 1327 372 135

141 478 204 544 per
229 458 421 544 diligentem
444 457 624 523 iudicialem
650 456 886 542 inquisitionem
910 455 1090 526 declarare,
1116 456 1148 518 in
1172 453 1267 533 facto,
1288 470 1327 516 ea

141 581 254 644 omnia
277 580 431 646 adiuncta
452 581 563 645 habita
586 579 688 644 inisse
711 578 824 664 quibus
848 575 995 649 efficitur,
1013 597 1195 643 censuram
1209 575 1325 641 incur-

142 725 220 772 sum
244 725 361 790 reapse
383 705 494 772 fuisse.
512 707 562 771 En
586 708 636 770 vis
659 711 692 770 et
716 705 849 771 intentio
870 703 1119 770 declaratoriae
1134 702 1325 774 sententiae,

144 847 228 912 quae
259 831 396 916 proinde
424 833 577 917 supponit
600 852 787 917 processum
819 831 999 896 iudicialem
1024 850 1062 893 eo
1086 827 1267 892 ordinatum
1291 831 1327 890 ut

145 959 305 1036 appareat
328 975 501 1020 censuram
534 955 634 1020 fuisse
664 954 882 1028 commissam;
907 973 1002 1039 quem
1032 971 1228 1037 processum,
1253 949 1327 1014 dala

146 1095 255 1160 opera,
281 1099 339 1143 suo
363 1079 435 1144 loco
460 1080 690 1165 explicabimus
715 1081 747 1143 in
770 1085 863 1165 parte
885 1077 1034 1162 speciali.

235 1203 271 1288 9)
288 1205 436 1270 Censura
451 1224 532 1289 quae
544 1211 593 1270 est
605 1224 709 1290 poena
720 1205 887 1292 neqolira.
902 1225 944 1268 ex
957 1203 1103 1286 positivo
1115 1202 1195 1286 legis
1212 1202 1326 1266 colun·

146 1331 216 1392 tale
230 1332 339 1394 statim
357 1351 396 1394 ac
412 1331 580 1415 irrogatur
596 1331 783 1400 incurritur,
803 1328 922 1412 absque
938 1328 1003 1393 ullo
1019 1328 1195 1392 ministerio
1211 1345 1326 1390 exocu-

143 1451 251 1524 tionis;
273 1451 410 1518 edicitur
423 1455 508 1517 enim
525 1455 557 1516 in
574 1473 648 1536 cop.
666 1452 716 1518 53
729 1473 746 1516 «
760 1453 810 1518 De
825 1451 1109 1536 appellationibus
1126 1450 1253 1534 ›X(ll‚
1270 1447 1326 1526 281

146 1593 247 1638 «....
263 1595 343 1642 cum
366 1578 597 1644 executionem
622 1578 927 1645 encomanunicotio
951 1596 1065 1642 seccun
1089 1575 1275 1640 trabat...
1295 1595 1324 1638 u.

145 1697 297 1781 lnqunm,
322 1703 436 1766 statim
467 1723 508 1768 ac
539 1703 733 1789 irroqotur,
760 1703 913 1786 quocirca
936 1704 962 1767 si
986 1722 1126 1766 censura
1157 1707 1205 1764 est
1235 1702 1326 1765 lotoe

142 1825 339 1898 sententiae,
364 1847 478 1912 nempe
501 1827 554 1892 uel
570 1847 592 1892 a
607 1828 692 1898 iure,
717 1827 770 1892 vel
794 1827 836 1892 ab
861 1827 1004 1898 bairaina,
1024 1827 1211 1898 incurritur,
1236 1826 1326 1889 mini-

143 1948 244 2012 sterio
269 1947 359 2032 legis,
382 1951 517 2014 crimine
540 1949 694 2026 admisso;
711 1951 737 2016 si
754 1955 803 2015 est
818 1950 882 2033 ser.
899 1956 980 2016 sent.
1000 1951 1179 2014 incurritur
1198 1947 1324 2032 quando

142 2069 242 2135 index
267 2091 338 2136 eam
362 2074 486 2158 irrogat
510 2094 569 2158 per
593 2076 784 2139 sententiam
809 2074 1114 2146 condemnatoriam,
1141 2075 1216 2156 quin
1241 2073 1325 2138 ullus

143 2196 227 2260 alius
242 2199 444 2262 executionis
461 2205 552 2264 actus
570 2201 767 2283 requiratur.
785 2199 1015 2264 Tantummodo
1040 2205 1075 2264 ut
1098 2219 1236 2264 censura
1260 2219 1325 2263 sor·

142 2319 244 2384 tiatur
260 2341 373 2386 omnes
390 2319 523 2387 effectus
538 2323 690 2388 iuridicos
704 2323 874 2409 aliquando
891 2323 985 2388 debet
1001 2323 1182 2397 declarari,
1207 2343 1269 2407 quo
1291 2321 1326 2387 fit

143 2447 179 2506 nt
202 2439 315 2508 fideles
333 2445 470 2528 aliquem
487 2448 533 2510 uti
550 2451 764 2520 censuratum,
782 2445 979 2530 proindeque
999 2448 1096 2511 certis
1120 2445 1242 2512 iuribus
1258 2447 1325 2531 pri·

141 2571 253 2633 vatum
269 2573 326 2632 aut
344 2569 527 2653 inhabilem,
544 2571 672 2655 publice
688 2579 893 2658 cognoscant.
911 2609 924 2619 -
941 2573 1107 2638 Sententia
1123 2593 1201 2636 vero
1218 2573 1324 2638 decla·

140 2691 276 2757 rotaria
292 2694 438 2776 sequitur
454 2697 549 2760 etiam
565 2715 723 2762 censurae
740 2699 969 2782 irrogationem
986 2696 1178 2763 abdomine
1194 2697 1322 2778 laetam,

140 2816 405 2900 quotiescumque
429 2816 557 2882 dubium
582 2839 652 2884 esse
676 2825 779 2906 potest
802 2840 844 2883 an
869 2821 940 2902 quis
960 2821 1137 2885 incurrerit
1154 2841 1323 2886 censuram

140 2938 174 3002 in
200 2940 304 3024 ipsum
328 2961 349 3004 a
371 2941 475 3008 iudice
498 2941 661 3009 inflictam.
688 2981 706 2993 -
732 2945 910 3010 Praeterea
933 2947 1094 3010 sententia
1110 2945 1324 3010 declaratoria

139 3062 296 3149 distingui
312 3064 407 3131 debet
423 3088 443 3131 a
459 3069 720 3137 denunciatione
743 3073 905 3136 censurati
924 3077 958 3135 ut
975 3069 1029 3135 liat
1045 3071 1205 3136 uitandus
1213 3090 1226 3154 ‚·
1241 3089 1323 3154 quae

139 3187 350 3254 denunciatio
377 3191 548 3276 aliquando
572 3214 610 3258 eo
635 3200 758 3279 spectat
781 3199 815 3259 ut
839 3201 1038 3268 censuratus,
1063 3215 1082 3260 a
1106 3193 1251 3260 fidelibus
1274 3215 1325 3258 cu

138 3315 259 3398 gntus,
287 3316 434 3401 publicae
457 3319 675 3404 reprobationi
700 3316 879 3386 obiiciatur.

236 3439 289 3525 10)
307 3441 433 3506 Verum
458 3446 687 3526 consequentia
710 3447 818 3530 magni
835 3445 985 3530 ponderis
1001 3448 1034 3511 in
1049 3445 1111 3510 hoc
1127 3447 1323 3531 propositum

136 3567 199 3634 est,
218 3563 302 3646 quod
326 3565 353 3628 si
376 3566 559 3651 appelletur
575 3566 615 3631 ab
631 3569 832 3653 irrogatione
849 3589 1017 3642 censurae,
1033 3571 1206 3655 appellatio
1225 3570 1323 3635 habet

137 3685 294 3753 effectum
307 3689 537 3758 devolutiounn
550 3691 605 3778 (1),
618 3713 684 3758 non
700 3690 851 3759 ellectum
867 3695 1104 3778 suspensionem
1120 3697 1194 3778 quia
1206 3715 1323 3761 enecu-

137 3813 266 3880 tionern
300 3819 608 3885 encommunicatio
639 3838 752 3885 secum
789 3821 900 3884 trattit.
937 3821 1087 3904 inquam,
1113 3820 1155 3886 ab
1186 3821 1322 3905 irrequ-

136 3937 251 4021 lione;
275 3959 350 4004 nam
374 3961 397 4005 a
423 3943 686 4010 comminutione
709 3964 867 4009 censurae
897 3945 940 4011 ab
969 3945 1113 4025 bomine,
1142 3944 1323 4029 appellatur

135 4065 172 4128 in
188 4067 409 4150 suspensic0;
426 4069 534 4153 agitur
550 4071 634 4134 enim
658 4071 699 4135 de
723 4071 859 4136 decreta
875 4091 1013 4136 censura
1033 4091 1097 4135 non
1122 4070 1160 4135 de
1185 4091 1323 4135 censura

90 4259 94 4268 ¹
135 4187 202 4250 iam
226 4187 380 4254 incursa,
411 4191 492 4255 item
516 4193 677 4256 sententia
700 4193 941 4277 declaratoriu,
968 4200 1125 4278 quatenus
1155 4194 1237 4258 haee
1261 4191 1323 4258 edi-

229 4448 270 4520 (¹)
290 4449 332 4502 cr.
351 4450 413 4506 voi.
432 4451 456 4520 1,
476 4453 549 4506 625.
