3290 5100
572 945 879 1036 Annsosrun
915 943 952 1032 Ι.

210 1392 454 1454 SUSPENSIONlS,
479 1391 798 1446 lasuouusslrsrls,
816 1391 858 1437 ΕΤ
878 1387 1095 1438 ralvarlouls
1119 1391 1314 1440 PAROEOIAE.

177 1623 221 1666 Die
236 1623 252 1664 6
267 1622 322 1666 Dec.
338 1623 410 1675 laos,
426 1623 459 1664 80
473 1621 520 1666 last.
537 1622 609 1673 1864,
624 1621 640 1664 8
655 1621 703 1664 Μ.
718 1625 740 1663 at
755 1619 784 1662 12
799 1621 860 1673 Aug.
874 1621 946 1664 1865.
1069 1619 1129 1664 Saus.
1143 1619 1174 1662 21
1188 1633 1208 1664 a.
1224 1622 1282 1664 dds
1295 1621 1348 1674 Res.

249 1819 439 1874 Goarasnruu
459 1833 550 1874 raoni.
570 1817 696 1872 Vacante
714 1834 788 1872 anno
804 1817 870 1870 1847
890 1818 1019 1888 paroecia
1031 1817 1248 1888 quingentarum
1267 1835 1350 1889 supra

177 1925 254 1980 mille
279 1927 435 1980 animarum
459 1926 488 1980 in
510 1926 629 1981 dioecesi
650 1925 682 1980 N.
702 1926 729 1980 in
750 1925 832 1980 ltalia
857 1926 1006 1996 superiori,
1026 1927 1158 1982 suffactus
1182 1928 1270 1982 eidem
1297 1929 1350 1983 fuit

177 2035 268 2088 Titius
287 2034 419 2090 Sacerdos
437 2033 593 2104 indigenus.
619 2035 686 2088 Eius
711 2033 813 2089 electio
832 2033 908 2088 laeta
933 2032 1108 2102 parochianis
1133 2051 1186 2090 oon
1209 2037 1349 2092 successit.

249 2143 401 2212 Progressa
420 2143 553 2212 temporis
572 2142 681 2197 aversio
700 2141 853 2196 incolarum
872 2157 982 2196 omnem
1001 2141 1110 2195 modum
1129 2145 1278 2198 excessisse
1292 2144 1350 2198 visa

176 2255 227 2304 est.
246 2249 318 2304 Hinc
336 2251 485 2304 continuae
504 2266 537 2304 ae
556 2254 706 2304 renovatae
721 2248 853 2320 querelae
872 2251 931 2302 tum
946 2247 1174 2318 parochianorum
1188 2256 1247 2306 tum
1261 2251 1350 2306 laicae

177 2359 332 2430 potestatis,
350 2358 422 2428 quod
441 2359 500 2427 ipse
513 2359 645 2428 gravibus
658 2374 692 2412 ac
704 2356 958 2412 interminabilibus
971 2359 1180 2428 quaestionibus
1193 2375 1246 2414 non
1260 2359 1349 2414 solum

177 2466 306 2531 familias,
324 2465 372 2520 sed
392 2466 477 2521 otiam
497 2465 609 2535 publica
626 2465 717 2520 officia
735 2465 899 2519 cumularet.

248 2570 381 2640 Apprime
399 2585 516 2626 noscens
535 2587 667 2640 praesens
687 2569 838 2640 Episcopus
856 2569 935 2624 nulla
953 2569 1010 2624 alia
1028 2571 1138 2626 ratione
1150 2588 1179 2625 se
1192 2587 1272 2641 posse
1285 2571 1349 2626 huic

175 2675 250 2730 malo
268 2677 425 2747 prospicere
445 2677 583 2749 (quamvis
601 2677 692 2731 Titius
711 2678 865 2732 facinorum
885 2693 949 2732 reus
968 2693 1023 2732 non
1036 2677 1194 2748 appareret)
1215 2678 1267 2732 nisi
1281 2683 1350 2734 tem·

177 2799 298 2852 poranea
322 2784 421 2838 saltem
442 2783 560 2838 Parochi
587 2784 776 2839 remotiones
796 2784 939 2854 paroecia;
961 2787 992 2838 ut
1011 2784 1038 2837 id
1056 2801 1106 2839 sua
1125 2789 1224 2854 sponte
1245 2787 1350 2842 faceret

177 2891 304 2946 hortatus
323 2896 374 2946 est
398 2891 451 2946 Sed
470 2890 643 2946 hortationes
668 2891 695 2944 in
716 2891 827 2945 irritum
847 2907 909 2945 cum
929 2892 1091 2958 cessissent,
1109 2892 1211 2946 emisso
1231 2893 1349 2964 denique

177 2995 289 3051 decreto
308 3013 381 3051 anno
402 2996 479 3062 1857,
498 2995 603 3049 Titium
622 2997 657 3049 ab
676 2994 766 3050 officio
785 2995 902 3050 Perochi
923 2995 957 3049 ad
976 2999 1086 3066 tempus
1105 2998 1234 3062 removit,
1254 2997 1351 3069 illique

177 3101 323 3157 interdixit
342 3102 514 3172 parochialia
531 3103 631 3168 officia,
652 3103 711 3156 sive
731 3100 846 3171 publica
864 3103 923 3158 sire
936 3103 1045 3172 privata
1063 3119 1202 3169 exercere,
1215 3103 1351 3174 iussitque

178 3225 240 3263 eum
261 3227 278 3262 a
298 3209 427 3278 paroecia
445 3209 576 3264 recedere
594 3210 690 3274 donec,
709 3210 792 3264 rebus
816 3211 845 3263 in
864 3208 964 3264 melius
982 3211 1130 3278 woversis,
1150 3209 1178 3264 iu
1203 3210 1350 3279 pristinum

177 3319 282 3370 statum
302 3316 506 3372 restitueretur.
797 3291 802 3303 Ι

249 3423 340 3478 Titius
359 3439 443 3492 aegre
463 3423 530 3477 tulit
548 3423 682 3478 eiusmodi
701 3423 851 3490 decretum,
871 3441 903 3478 ac
923 3425 1042 3479 caeteris
1062 3424 1179 3490 omissis,
1198 3423 1350 3494 supplicem

179 3529 306 3585 libellum
327 3531 451 3600 porrexit
470 3529 496 3583 S.
510 3530 739 3600 congregationi,
751 3535 782 3586 ut
794 3531 946 3600 Episcopus
958 3547 1052 3585 veram
1067 3531 1229 3586 remotionis
1240 3549 1351 3586 causam

178 3637 204 3690 S.
224 3638 252 3690 G.
275 3637 421 3707 penideret,
440 3643 471 3692 ot
490 3637 515 3690 S.
537 3637 566 3691 C.
585 3643 761 3693 succurreret
785 3637 967 3704 detrimento,
988 3641 1017 3693 et
1039 3637 1166 3692 dedecori
1192 3638 1263 3708 quod
1289 3638 1352 3693 inde

178 3746 230 3801 sibi
252 3746 448 3816 proveniebat3
467 3746 540 3817 quod
564 3747 587 3800 si
607 3746 759 3816 Episcopus
783 3745 862 3800 illam
888 3747 922 3800 ab
943 3745 1183 3800 administratione
1209 3745 1352 3816 paroeciae

179 3849 387 3923 suspensionem
406 3855 587 3923 caeterasque
607 3851 787 3907 inhibitiones
805 3851 868 3906 loco
886 3869 992 3922 poenae
1013 3869 1043 3907 se
1061 3852 1168 3906 dedisse
1180 3851 1353 3917 affirmasset,

178 3955 294 4026 supplex
314 3955 476 4024 postulabat
494 3956 603 4010 institui
618 3955 775 4025 regularem
793 3972 949 4026 processum
966 3957 1000 4010 ad
1015 3972 1139 4010 normam
1158 3973 1193 4008 ss.
1207 3971 1352 4010 canonum.

230 4063 276 4132 ,8.
296 4061 484 4131 congregatio
503 4062 547 4115 die
565 4063 599 4115 27
620 4061 763 4116 Februarii
781 4060 849 4115 1858
863 4061 999 4130 Episcopo
1019 4061 1160 4131 rescripsit
1178 4065 1210 4115 ut
1228 4065 1352 4132 referret

178 4168 214 4220 de
233 4167 323 4220 causis
348 4167 472 4236 inflictae
496 4168 699 4237 suspensionis,
718 4169 889 4220 transmsssss
907 4168 1080 4220 documentis
1103 4167 1141 4219 od
1160 4182 1223 4219 rem
1240 4167 1351 4236 socien-

178 4276 257 4342 ta'bus.
277 4274 430 4344 Episcopus
448 4274 586 4328 mandatis
604 4289 712 4343 parens,
732 4273 789 4328 suis
808 4273 898 4329 literis
916 4291 978 4328 cum
999 4274 1162 4328 necessariis
1179 4273 1352 4328 documentis

177 4383 278 4438 seriem
296 4384 433 4437 tactorum
453 4382 612 4448 contaxuit,
630 4398 665 4436 ex
684 4398 739 4453 qua
757 4381 888 4451 decerpta
913 4385 978 4435 sunt
993 4363 1030 4436 'ea
1048 4397 1120 4453 quae
1145 4385 1253 4436 tantum
1279 4379 1350 4436 indi-
