3306 5102
569 287 612 332 nn
638 287 788 334 narreris
814 288 855 332 nr
879 289 998 334 roaurs
1306 269 1372 334 347

196 402 339 480 effectus,
353 409 445 473 iuxta
460 414 536 473 ncta
552 411 720 495 principia,
734 411 1001 476 retrotraliuntur
1012 409 1052 474 ad
1066 415 1260 476 momentum
1277 413 1375 476 initae

195 531 458 615 irregularitatis.
476 531 538 599 Sed
555 553 719 617 quousque
742 535 866 599 crimen
890 541 939 600 est
961 532 1132 616 occultum,
1149 535 1295 618 quamvis
1318 536 1375 604 uui

195 655 248 719 vel
270 655 365 720 alteri
390 658 430 720 sit
454 663 575 740 notum,
599 655 649 722 his
672 659 837 723 nonlicet
860 657 1027 743 divulgare
1058 658 1178 723 sactum
1206 657 1373 722 famosum.

193 782 275 848 Nam
291 782 406 847 saltem
426 784 604 864 possessio,
622 784 771 870 legitima
793 783 921 866 saraae,
946 787 978 848 in
1003 785 1177 870 irregulari
1198 804 1262 849 non
1281 785 1373 850 amit-

191 908 273 971 titur
295 908 357 972 nisi
381 912 491 973 secuta
514 910 675 974 sententia
698 907 811 974 iudicis
835 914 891 974 aut
914 909 990 974 lacti
1012 917 1123 974 secuta
1145 909 1373 996 divulgatione.

194 1034 337 1100 Privatis
352 1042 459 1101 autem
478 1035 601 1100 civibus
625 1056 688 1100 non
713 1035 762 1100 las
787 1041 836 1100 est
858 1037 961 1100 civem
982 1035 1122 1122 spoliare
1146 1035 1271 1100 iuribus
1294 1034 1374 1120 legi-

193 1160 270 1223 time
286 1160 440 1244 possessis
456 1179 566 1224 caram
583 1161 746 1224 societate.
765 1159 854 1223 Haeo
872 1159 961 1222 clara
977 1160 1099 1226 suntin
1117 1159 1279 1244 explicato
1295 1178 1372 1223 con·

193 1288 288 1369 ceptu
304 1283 472 1366 infamiae
486 1284 573 1350 iaris
588 1303 670 1368 quae
687 1284 810 1348 inducit
833 1284 1106 1368 irregularitatem
1122 1283 1162 1348 ob
1178 1285 1311 1350 inditam
1329 1283 1374 1348 in·

193 1409 404 1480 habilitatem.
422 1411 566 1493 quamvis
583 1430 647 1474 non
664 1409 830 1475 induxerit
845 1410 1004 1473 actualem
1029 1410 1133 1474 lamae
1149 1411 1372 1494 privationem.

193 1535 242 1601 cf.
271 1533 436 1602 Reiffenst.
459 1535 493 1604 V.
519 1535 574 1608 37,
599 1557 633 1600 11.
650 1537 718 1617 57;
742 1536 1042 1620 Schmalzgrueber,
1067 1536 1140 1602 eod.
1165 1537 1225 1602 lac.
1245 1556 1279 1600 1.
1297 1535 1371 1601 166.

284 1659 375 1723 Haec
405 1657 640 1724 confirmantur
671 1661 769 1726 citata
800 1658 961 1723 decisione
993 1659 1023 1724 S.
1057 1659 1091 1724 Ο.
1124 1659 1220 1724 Cone.
1245 1661 1278 1722 in
1310 1679 1375 1724 una

192 1783 441 1848 Wratislavien.
467 1783 535 1848 diei
559 1783 685 1870 alep.
703 1783 816 1866 1190,-
839 1802 913 1848 nam
929 1783 1088 1868 agebatur
1112 1783 1153 1848 de
1176 1803 1265 1848 more
1289 1783 1374 1847 duel·

191 1907 280 1972 laudi
312 1907 406 1971 valde
438 1907 600 1990 frequenti
628 1909 661 1972 in
684 1907 861 1972 Germania
890 1909 975 1970 inter
1005 1907 1150 1970 alumnos
1181 1907 1374 1991 praesertim

193 2033 447 2099 Universitatum
471 2031 657 2103 studiorum,
675 2034 738 2115 qui,
762 2031 830 2096 ludi
847 2031 1045 2116 potissimum
1062 2036 1116 2096 aut
1132 2033 1375 2098 exercitationis

192 2179 301 2230 causa,
326 2178 428 2244 parvo
452 2159 556 2223 cultro
586 2160 734 2223 instructi
763 2161 795 2222 in
819 2158 960 2222 duellum
993 2158 1264 2243 congrediuntur;
1289 2157 1374 2224 unde

192 2285 382 2350 incisionem
412 2285 445 2347 in
476 2283 565 2348 vulto
597 2283 703 2347 solent
734 2283 867 2363 inferre,
892 2289 926 2348 at
948 2303 1013 2347 non
1045 2284 1198 2369 graviora
1225 2284 1371 2348 uulnera.

191 2407 375 2472 Dubitatum
407 2413 455 2472 est
486 2427 527 2471 an
560 2407 633 2471 inde
668 2409 856 2473 exoriretur
892 2408 1117 2494 irregularitas
1147 2414 1180 2473 et
1211 2409 1373 2493 proposito

191 2531 305 2598 dnbio:
324 2551 341 2593 r
360 2529 425 2612 Aa,
450 2551 472 2596 a
496 2531 617 2616 quibas
640 2537 671 2596 et
695 2551 739 2596 era
755 2551 907 2616 qaoaam
923 2533 1017 2598 titula
1034 2533 1274 2619 irreputaritas
1297 2552 1372 2599 coa·

190 2657 352 2723 tralmtar
381 2657 520 2740 quando
553 2657 705 2722 duellam
728 2675 769 2722 ea
792 2656 926 2722 ratione
956 2657 1177 2724 committitur
1206 2677 1295 2742 qaae
1322 2658 1374 2724 luis

189 2781 399 2864 temporibus
425 2781 514 2845 inter
544 2779 752 2846 Germaniae
783 2783 942 2850 alanmos
972 2783 1048 2866 fieri
1073 2784 1155 2849 solet
1182 2783 1219 2846 ia
1246 2803 1328 2848 casu
1350 2807 1369 2846 a

190 2908 311 2993 prodiit
326 2927 525 2993 responsum,
543 2906 594 2972 die
610 2909 829 2992 suprascripto
848 2908 1092 2992 ‹Affirmatiae
1108 2927 1129 2972 a
1145 2907 1372 2976 duellaatibas

190 3052 379 3117 eorumque
390 3033 542 3116 patrinis
565 3053 611 3098 11
632 3032 780 3115 iufamia
803 3032 889 3096 iuris
904 3053 935 3096 ›.
961 3031 1079 3096 Nullibi
1096 3053 1175 3096 vero
1191 3038 1298 3097 actum
1322 3039 1372 3098 est

190 3155 232 3222 de
263 3159 455 3222 necessitate
488 3158 666 3222 sententiae
696 3156 950 3236 declarator-iae,
982 3174 1087 3238 neque
1117 3153 1280 3220 delinitum
1312 3163 1370 3230 est,

190 3280 467 3365 irregularitatem
490 3281 569 3346 oriri
594 3287 716 3346 tantum
742 3301 783 3344 ex
807 3280 914 3345 duello
938 3279 1065 3366 publico
1090 3287 1122 3346 et
1145 3289 1230 3348 nota.
1262 3307 1265 3312 ·

281 3405 357 3470 258.
381 3405 462 3480 Quia
485 3403 633 3486 infamia
656 3405 742 3470 iaris
765 3405 897 3470 decreta
913 3410 962 3470 est
984 3412 1050 3469 tum
1074 3425 1094 3469 a
1117 3406 1188 3469 iure
1212 3407 1298 3471 civili
1323 3427 1372 3471 ro·

191 3548 288 3594 mano
312 3535 379 3594 tum
403 3550 423 3594 a
445 3533 516 3595 iure
540 3532 696 3596 canonico
721 3532 890 3613 quaeritur
910 3549 952 3596 an
977 3531 1149 3597 retinenda
1175 3533 1216 3596 sit
1239 3531 1295 3596 illa
1319 3553 1370 3596 re-

191 3654 268 3736 gula
290 3655 407 3738 passim
432 3671 452 3716 a
474 3655 650 3719 canonistis
673 3639 829 3719 admissa:
856 3653 1015 3720 «Omma
1045 3653 1193 3736 infames
1224 3654 1372 3737 infamia

192 3775 280 3842 iaris
294 3775 400 3842 ciuilis
411 3783 490 3841 sant
506 3776 653 3859 infames
667 3776 813 3854 infamia
830 3777 917 3842 iaris
933 3778 1089 3843 canonici
1102 3799 1130 3842 u.
1148 3777 1271 3844 Verum
1288 3778 1371 3844 haec

191 3900 401 3986 intelligenda
424 3907 473 3966 est
488 3903 534 3967 ita
557 3909 591 3966 ut
614 3903 635 3965 ii
658 3901 807 3966 laborent
830 3900 978 3983 infamia
1001 3902 1087 3968 iaris
1100 3905 1135 3967 111
1154 3904 1301 3969 Ecclesia
1317 3905 1370 3987 qui

189 4027 264 4090 iure
287 4027 381 4090 etiam
406 4027 563 4112 canonico
582 4024 729 4107 infamia
745 4025 831 4090 iaris
847 4032 1017 4102 notantur;
1042 4027 1096 4091 alil
1121 4027 1195 4110 (nisi
1218 4029 1307 4114 leges
1330 4031 1372 4094 ci-

190 4151 272 4216 viles
297 4152 491 4236 reprobatae
521 4153 585 4216 sint
615 4153 686 4217 iure
710 4171 780 4215 can.
805 4151 916 4222 veluti,
942 4171 968 4218 c.
994 4152 1025 4224 4,
1051 4153 1101 4218 De
1123 4155 1259 4219 secund.
1286 4173 1368 4237 aap.

190 4273 336 4359 (1V,21)
359 4275 422 4360 X);
447 4281 521 4341 sunt
543 4274 679 4340 infames
698 4274 846 4357 iufamia
859 4275 953 4358 facti,
971 4296 1027 4343 seu
1051 4276 1091 4341 ob
1111 4278 1281 4343 admissum
1307 4282 1369 4345 cri·

190 4416 265 4462 men
289 4400 436 4484 graviter
458 4399 590 4465 laedens
612 4400 867 4469 aestimationem
890 4401 973 4486 apud
996 4400 1149 4486 probatos
1168 4404 1265 4474 viros,
1283 4409 1369 4489 post-
