3290 5100
526 775 856 919 'Anauonruu
888 828 952 918 II.

637 1197 868 1285 Psaocfflabls.

217 1412 263 1456 Dte
277 1411 313 1454 22
327 1409 463 1457 Decembris
477 1413 547 1456 1800.
954 1409 1013 1456 Sata.
1027 1409 1058 1454 21
1072 1424 1092 1456 c.
1109 1410 1174 1456 sne
1188 1411 1288 1466 reform.

238 1591 430 1646 Convenerunt
449 1606 542 1646 racrr.
556 1590 660 1646 Crebro
678 1591 806 1660 repetitis
819 1590 942 1662 querelis
956 1590 1069 1646 nomine
1088 1589 1296 1644 communitatis
1308 1589 1342 1644 Α.

165 1697 200 1751 ad
218 1697 331 1752 Curiam
350 1697 538 1768 episcopalem
556 1697 687 1752 adversus
705 1696 760 1751 loci
780 1696 936 1752 Parocbum
961 1697 1003 1766 N,
1022 1697 1173 1751 summaria
1197 1692 1344 1768 inquisitio

166 1805 195 1858 in
215 1804 341 1859 eumdem
365 1803 496 1859 instituta
519 1804 582 1870 ruit,
607 1819 642 1858 ex
666 1821 723 1875 qna
744 1805 892 1875 sequentia
916 1803 1133 1874 imputationum
1157 1804 1251 1873 capita
1274 1803 1344 1858 satis

166 1912 341 1982 comprobari
359 1913 455 1966 curiae
473 1911 533 1966 visa
551 1915 627 1978 sunt,
646 1927 745 1981 nempe
767 1911 791 1976 l,
810 1910 922 1976 nimius,
936 1915 966 1965 et
983 1910 1069 1965 durus
1087 1911 1165 1980 rigor
1177 1909 1297 1966 Parocbi
1309 1909 1343 1965 N.

166 2019 196 2074 in
223 2019 395 2088 castigandis
421 2019 514 2088 pueris
543 2036 592 2090 per
621 2018 839 2084 verberationes,
864 2023 894 2072 et
918 2017 1022 2072 adultis
1045 2035 1095 2088 per
1118 2017 1344 2089 implorationem

167 2123 283 2194 politiae
301 2123 459 2179 saecularis.
478 2125 504 2178 ἰ
523 2123 660 2178 indomita
678 2123 736 2176 ludi
755 2128 785 2178 et
803 2123 1023 2178 conversationis
1041 2122 1143 2192 passio,
1162 2139 1234 2194 quae
1254 2123 1345 2193 ipsum

166 2232 327 2300 frequenter
345 2247 363 2283 a
380 2247 431 2284 sna
448 2231 579 2300 paroecia
597 2231 704 2294 abasse,
722 2233 752 2284 et
770 2230 800 2285 in
818 2230 912 2284 vicina
929 2229 1030 2300 oppida
1049 2245 1196 2285 excurrere
1215 2233 1346 2300 cogeret3

168 2337 241 2392 unde
259 2355 315 2392 non
335 2355 400 2392 raro
423 2338 553 2393 serotinis
577 2337 663 2405 horis,
682 2339 774 2394 media
797 2343 890 2404 nocte,
914 2339 970 2392 imo
994 2355 1102 2392 summo
1126 2353 1208 2392 mane
1233 2339 1345 2393 domum

168 2443 371 2498 revertebatur.
390 2441 417 2498 3.
439 2443 584 2498 Notabiles
604 2443 795 2514 negligentiae
814 2443 843 2498 in
863 2444 953 2498 officio
978 2443 1122 2514 pastorali,
1147 2460 1180 2498 ac
1204 2443 1233 2498 in
1256 2443 1345 2498 admi·

169 2549 337 2604 nistratione
356 2553 602 2618 sacramentorum,
616 2569 651 2606 ex
664 2567 750 2605 causa
762 2552 927 2620 praesertim
940 2551 996 2606 aeri
1008 2551 1114 2606 reditus
1133 2568 1167 2606 ex
1186 2552 1255 2607 locis
1268 2567 1348 2621 pere·

170 2655 266 2725 grinis.
286 2655 310 2708 4.
330 2654 476 2710 Notabiles
488 2656 684 2714 distractiones
702 2658 731 2712 in
751 2657 871 2728 publicis
884 2658 971 2713 divini
986 2658 1070 2712 officii
1090 2659 1279 2712 functionibus
1291 2675 1346 2713 non

170 2763 230 2817 sine
250 2762 344 2832 pepuli
364 2762 555 2820 admiratione.
575 2765 600 2818 5.
620 2765 775 2835 Culpabilis
788 2764 934 2835 neglectus
952 2766 981 2819 in
1000 2765 1154 2820 assistendo
1166 2764 1346 2831 moribundis,

170 2886 288 2942 quorum
310 2869 439 2924 nonnulli
463 2871 551 2941 ipsius
575 2870 658 2942 culpa
682 2873 742 2927 sine
767 2873 949 2928 sacramentis
973 2873 1160 2928 decesserunt.
1179 2873 1205 2927 6.
1232 2871 1347 2927 Demum

170 2975 264 3045 gravis
282 2976 398 3044 aversio,
418 2980 448 3031 et
466 2977 638 3032 abalienatio
657 2977 888 3047 parochianorum
908 2979 1007 3034 exinde
1026 2978 1164 3044 derivans,
1178 2979 1219 3032 ita
1237 2982 1269 3032 ut
1287 2978 1348 3049 ipso

171 3079 297 3136 Parocbo
322 3082 482 3138 celebrante
506 3083 600 3137 divina
624 3084 723 3149 officia,
742 3083 904 3154 parochiani
928 3085 1074 3140 ecclesiam
1099 3085 1230 3152 vitarent,
1253 3101 1348 3139 sacra·

171 3191 267 3243 ments
286 3193 456 3254 recusarent,
466 3191 495 3244 et
513 3189 616 3259 passim
635 3191 756 3243 maxime
768 3189 927 3261 frequentia
938 3191 1046 3245 vicinas
1059 3190 1192 3247 ecclesias
1211 3194 1348 3262 peterent.

137 3363 139 3370 Ι
243 3295 316 3350 Hinc
333 3295 468 3351 suadente
488 3295 617 3366 publicae
630 3296 762 3351 utilitatis
775 3298 884 3352 ratione
903 3301 932 3352 et
949 3314 999 3367 pro
1019 3299 1091 3352 bono
1110 3296 1196 3368 pacis,
1208 3299 1349 3354 sententia

172 3416 190 3454 a
209 3401 293 3456 Curia
311 3401 370 3456 lata
387 3402 450 3468 fuit,
468 3419 524 3474 qua
542 3417 592 3471 per
610 3401 721 3456 modum
743 3403 908 3472 provisionis
933 3403 1172 3458 administrativae
1192 3408 1221 3458 et
1240 3407 1349 3474 tempo-

173 3507 273 3574 rariae,
292 3507 462 3578 cooperator
474 3508 555 3562 datus
568 3512 611 3563 est
624 3507 748 3563 parocho
761 3509 805 3574 N,
819 3509 940 3564 eiusdem
955 3508 1073 3564 Perochi
1086 3510 1249 3580 sumptibus,
1263 3510 1349 3564 donec

172 3615 291 3672 huiusce
310 3617 475 3687 provisionis
494 3634 605 3672 causam
625 3633 734 3672 cessare
752 3621 902 3672 constaret.
921 3617 998 3679 Quae
1017 3617 1129 3688 quidem
1147 3618 1269 3687 provisio
1287 3621 1351 3688 post

173 3739 298 3780 mensem
315 3729 473 3795 temperata
491 3727 534 3780 est
552 3725 601 3792 ita,
621 3727 652 3778 ut
670 3725 833 3794 permissum
853 3729 882 3780 et
900 3728 1078 3795 praeceptum
1106 3725 1192 3780 fuerit
1216 3724 1350 3790 Parocbo‚

174 3834 204 3885 et
216 3829 396 3902 cooperatori
414 3831 444 3886 in
462 3832 591 3886 omnibus
609 3830 703 3885 cultus
716 3829 802 3885 divini
816 3830 1006 3884 functionibus
1019 3830 1161 3886 alternare
1175 3830 1259 3898 vices,
1273 3831 1351 3886 salvo

175 3942 269 3992 umen
287 3938 405 3993 arbitrio
424 3938 656 4008 parochianorum
681 3938 897 4007 cooperatorem
919 3937 1047 4004 meandi,
1065 3937 1094 3990 in
1114 3943 1351 3992 sacramentorum

175 4045 426 4112 administratione,
445 4049 474 4102 et
493 4046 666 4100 infirmorum
684 4045 857 4100 adsistentis.

247 4155 287 4206 At
305 4151 447 4206 Perocbus
465 4152 500 4207 sd
518 4151 630 4206 Curiam
642 4151 888 4223 metropolitanam
902 4151 1054 4222 appellans,
1065 4151 1108 4206 sui
1127 4151 1223 4206 farore
1241 4154 1352 4207 senten·

175 4259 253 4327 tiam,
271 4275 344 4330 quaa
363 4260 528 4331 sequitur‚e
545 4259 639 4314 ludica
657 4257 740 4314 huius
759 4259 860 4315 Curiae
878 4257 1009 4326 obtinuit,
1023 4257 1169 4313 videlicet:
1183 4257 1350 4314 sententiam

177 4362 322 4431 poenalem
341 4365 439 4416 contra
458 4360 614 4417 Paroohnm
633 4361 676 4427 N,
695 4364 838 4431 tamqnam
857 4375 976 4431 aequum
1000 4375 1106 4430 poenae
1131 4360 1243 4416 modum
1269 4376 1352 4416 exce·

237 4489 239 4494 Ι
286 4519 348 4576 Sec.
366 4521 444 4592 Lapa
1211 4521 1247 4577 35
