3302 5100
768 285 975 335 ALLEGATUM
998 286 1032 338 V.

412 620 727 663 llXGOssUNlGA'l'lONES
745 621 839 662 Lb'lss
858 619 1043 662 externum!
1061 620 1165 660 Nuntiat
1185 619 1384 660 uelamen.

399 837 689 892 Excommuuioationi
699 835 775 892 latae
784 837 943 893 sententiae
956 836 1060 892 nemini
1073 839 1233 892 reservatae
1242 835 1387 890 subiacere
1397 833 1489 890 decla-

303 959 414 998 ramae:

395 1050 417 1106 1.
437 1051 605 1108 Mandantes
622 1067 671 1109 seu
690 1055 824 1122 cogentes
842 1051 914 1106 tradi
934 1049 1150 1106 Ecclesiasticae
1172 1048 1334 1120 sepulturae
1359 1045 1486 1104 haereti-

304 1173 357 1212 cae
377 1158 503 1214 notorius
521 1161 571 1214 ant
589 1157 755 1214 nominatim
774 1157 1031 1214 excommunicatos
1047 1155 1094 1212 val
1111 1155 1284 1212 interdictos

395 1263 427 1316 ll.
451 1261 606 1318 Laedentes
624 1265 675 1318 aut
692 1264 954 1333 perterrefacientes
967 1261 1158 1333 Inquisitoros,
1169 1260 1488 1334 denuntiantes,testes,

307 1365 415 1422 aliosve
432 1366 576 1421 ministros
594 1364 621 1420 S.
640 1365 743 1432 Officii3
755 1367 850 1422 eiusve
863 1364 941 1421 Sacri
959 1364 1121 1421 Tribuualis
1138 1365 1293 1436 scripturas
1310 1364 1487 1436 diripientes,

305 1475 357 1528 eut
378 1474 589 1538 comburentem
607 1472 654 1528 uel
672 1471 823 1542 praedictis
841 1471 1014 1544 quibuslibet
1031 1471 1177 1538 auxilium,
1189 1470 1346 1538 consilium,
1359 1472 1488 1527 savorem

303 1581 488 1649 praestantes.

393 1688 438 1743 lll.
458 1687 624 1746 alienantes
643 1694 672 1745 et
691 1689 815 1759 recipere
834 1693 1043 1760 praesumentes
1061 1689 1135 1743 bona
1158 1687 1352 1744 ecclesiastica
1379 1688 1489 1759 absque

307 1794 490 1866 lleueplacito
516 1773 687 1868 apostolico,
706 1796 741 1850 ad
765 1797 884 1850 formam
911 1795 1130 1866 Extrauagantis
1153 1795 1324 1850 Ambitiosaa
1349 1793 1389 1850 De
1415 1795 1487 1850 lleb

304 1901 366 1956 an
386 1918 442 1958 non
459 1902 623 1960 alienandis

393 2009 437 2064 lV.
458 2009 641 2082 Negligeutss
659 2011 719 2066 sire
738 2009 917 2081 culpabiliter
934 2009 1098 2065 omittentes
1116 2008 1286 2065 denunciare
1309 2009 1386 2064 infra
1407 2024 1487 2065 men·

308 2132 368 2170 sam
386 2113 577 2172 confessarios
594 2117 654 2172 sive
673 2115 837 2172 Sacerdotes
854 2132 872 2170 a
890 2116 990 2188 quibus
1008 2115 1154 2171 sollicitati
1172 2115 1279 2170 luerint
1296 2115 1331 2170 ad
1349 2115 1486 2186 tnrpiain

309 2222 485 2294 quibuslibet
503 2224 612 2278 casibus
631 2224 770 2295 expressis
788 2239 804 2277 a
823 2223 1000 2280 Praedecess.
1018 2223 1129 2280 Nostris
1140 2221 1275 2294 Gregorio
1288 2222 1349 2278 XV.
1363 2222 1487 2278 constit.

309 2331 441 2386 Cniccrci
459 2331 493 2386 20
511 2332 633 2400 Augusti
657 2331 733 2398 1622,
751 2335 781 2386 et
799 2330 951 2386 Benedictc
968 2330 1044 2386 XIV.
1055 2331 1172 2387 constit.
1188 2332 1400 2388 Sacramentum
1411 2347 1486 2402 poa-

298 2439 433 2495 as'tenu'aa
455 2437 465 2493 l
487 2436 560 2492 lunii
580 2436 657 2492 1741.

391 2543 508 2598 Praeter
530 2541 582 2596 bos
608 2540 749 2596 hactenus
773 2543 941 2608 recensitos,
966 2557 1014 2596 eos
1038 2557 1148 2613 quoque
1173 2557 1242 2613 quos
1267 2541 1484 2598 Sacrosanctum

303 2647 462 2704 Concilium
481 2647 684 2714 Tridentiuum,
703 2649 762 2704 sire
787 2653 931 2704 reservata
954 2647 1067 2702 Summo
1092 2648 1225 2703 Pontifici
1249 2652 1299 2704 aut
1324 2647 1483 2703 Ordinsriis

304 2753 494 2820 absolutione,
513 2753 573 2810 sive
595 2755 700 2826 absque
723 2753 782 2808 nlla
804 2754 996 2810 reservatione
1012 2753 1275 2821 excommunicavit,
1293 2751 1352 2809 Nos
1377 2755 1495 2826 puriter¹

305 2861 346 2914 ita
359 2862 616 2917 excommunicatos
625 2878 686 2918 esse
696 2861 885 2930 declaraturum
894 2866 1012 2932 excepta
1021 2860 1208 2917 anathematis
1220 2877 1311 2932 poena
1320 2861 1350 2916 in
1363 2860 1487 2916 Decreto
1544 2935 1549 2941 ·
1637 2821 1638 2914 l

300 2967 375 3022 Sese
396 2967 442 3024 lV.
465 2969 508 3026 Da
530 2971 652 3026 editione
677 2979 704 3025 et
728 2985 781 3024 neu
813 2969 964 3025 Sacrorum
988 2969 1141 3026 Librorum
1163 2968 1326 3036 constituta,
1345 2969 1391 3023 cui
1416 2968 1484 3024 illos

300 3077 416 3148 tontum
435 3077 581 3132 subiecere
599 3075 736 3143 volumus,
754 3077 802 3147 qui
821 3075 908 3131 libros
920 3075 954 3133 cle
966 3078 1049 3132 rebus
1058 3076 1145 3132 sacris
1156 3079 1313 3131 tractantes
1326 3075 1387 3132 sine
1401 3075 1482 3130 Ordi-

300 3179 374 3234 nerii
395 3181 596 3251 approbatione
612 3180 784 3250 imprimunt,
803 3184 853 3234 aut
871 3181 992 3252 imprimi
1011 3181 1128 3236 faciunt.

300 3374 389 3443 Heio
418 3375 597 3461 pacilisper
626 3378 790 3451 sistimus,
824 3385 860 3444 nt
892 3379 1084 3445 inseramus
1117 3379 1485 3446 encornnznnicationic

384 3503 528 3568 poenos,
553 3503 640 3568 uiroc
663 3485 792 3568 inflicti
817 3486 1054 3554 Tridentinnm
1080 3486 1267 3554 Concilium
1291 3505 1370 3552 cum
1389 3487 1483 3553 arlia-

387 3591 449 3655 ctis
464 3589 507 3656 ob
523 3609 560 3657 co
578 3592 874 3672 reservationibna
890 3598 991 3678 atque
1006 3593 1086 3660 inde
1106 3611 1357 3677 prosequemur
1372 3611 1481 3676 eapo-

386 3717 473 3764 ncre
493 3694 767 3766 Comtitntionem
787 3700 829 3765 ate
845 3717 914 3784 qna
930 3701 1073 3786 opinens.
1091 3699 1250 3784 Namque
1267 3699 1314 3766 od
1329 3719 1480 3766 commo·

391 3804 474 3870 dnm
490 3805 671 3872 Lecturam
686 3811 883 3873 nostrornm
899 3825 957 3873 eos
972 3807 1334 3874 euconzmnnicotionic
1343 3825 1484 3890 poenas

389 3910 566 3995 inquirere
595 3912 791 3978 cnracirnnc
822 3913 859 3977 tn
892 3913 1098 3979 Tridentinis
1127 3912 1410 3997 Dispositionibns
1440 3919 1484 3978 nt

389 4035 449 4082 eos
468 4017 600 4100 possint
624 4037 701 4086 cnm
719 4018 800 4102 ipsis
817 4023 927 4085 tentas
949 4019 1139 4085 Tridentini
1160 4019 1269 4086 uerbis
1292 4018 1354 4086 sou
1371 4020 1485 4086 ocutis

387 4122 519 4189 habere.

296 4227 342 4294 Et
376 4230 540 4314 qnoniam
566 4251 682 4314 poena
713 4233 937 4299 anathematis
959 4233 996 4298 in
1019 4232 1159 4300 Decreta
1184 4233 1270 4299 Sese.
1295 4231 1358 4306 IV,
1384 4231 1481 4299 enci-

381 4336 490 4418 pitnr,
517 4356 633 4422 eoque,
651 4339 766 4424 quood
782 4339 1022 4416 entensionem,
1040 4345 1220 4415 coercetur,
1237 4340 1378 4424 enpedit
1392 4359 1480 4426 qno
