3290 5100
314 287 382 354 542
775 300 980 348 nausearum
1004 297 1026 344 1.

313 437 365 498 est,
384 431 462 486 nullo
475 431 606 486 instituto
619 447 757 501 processu,
770 447 803 483 ac
818 428 946 498 neglecta
959 443 1071 497 prorsus
1083 428 1172 479 forma
1186 427 1214 478 in
1229 425 1288 478 iure
1302 423 1491 492 praescripta:

312 541 378 610 quin
399 541 455 593 imo
472 541 506 594 de
520 538 645 594 Parocho
658 539 804 606 agebatur,
817 540 915 590 contra
927 551 1019 604 quem,
1032 534 1093 602 ipso
1105 534 1212 586 fatente
1225 530 1370 598 Episcopo,
1381 527 1491 580 crimen

313 665 368 702 non
386 649 491 702 aderat.
509 647 586 708 Quod
605 647 628 700 si
649 651 711 716 post
729 645 858 714 Episcopi
877 645 1020 698 decretum
1038 659 1072 696 ea
1092 640 1254 712 patraverit,
1273 655 1344 709 quae
1363 637 1493 690 criminis

312 754 478 824 qualitatem
497 753 655 821 redoleant,
675 754 702 806 in
723 751 767 806 his
785 751 1028 806 commiseratione
1047 750 1154 819 potius,
1173 765 1256 818 qnam
1276 761 1364 816 poena
1388 745 1493 813 dignus

312 863 467 917 videbatur.
490 862 616 916 Remotio
635 861 708 914 euim
729 877 745 912 a
765 859 893 928 paroecia
909 863 938 913 et
952 875 969 911 a
982 857 1093 927 propria
1107 857 1206 926 patria,
1219 855 1287 909 licet
1300 859 1492 922 temporanea,

312 986 384 1040 quae
402 970 505 1022 fernam
524 969 590 1022 Titii
611 970 639 1022 in
657 968 805 1022 discrimen
824 969 951 1033 vocabat,
970 983 1034 1021 eum
1052 964 1195 1034 compulit,
1215 969 1246 1016 ut
1264 963 1311 1017 vel
1331 963 1491 1032 regularem

314 1093 456 1144 processus
484 1077 702 1140 conlectionem,
724 1075 768 1132 vel
794 1075 1042 1144 reintegrationem
1071 1074 1098 1126 in
1125 1073 1215 1126 officio
1240 1073 1397 1125 invocaret:
1418 1088 1492 1142 qnae

313 1184 455 1238 invocatio
474 1185 502 1237 in
522 1185 632 1238 irritum
652 1199 715 1238 cnm
735 1183 872 1248 cessisset,
891 1182 977 1235 animi
996 1179 1207 1246 exulcerationi,
1228 1179 1402 1248 potiusquam
1427 1178 1492 1232 dolo

312 1292 395 1353 malo,
415 1309 539 1362 eaquae
558 1292 689 1347 adversus
707 1292 848 1346 decretum
868 1291 1051 1360 pertinaciter
1070 1291 1203 1358 gesserat,
1222 1287 1404 1342 adscribenda
1417 1287 1492 1341 vide·

312 1399 422 1454 bantur.

385 1507 481 1579 Neque
499 1509 532 1561 ad
553 1509 742 1564 sustinendam
762 1509 944 1563 remotionem
964 1505 1178 1576 confugiendum
1198 1521 1258 1561 esse
1276 1507 1492 1570 observabatur,

313 1615 346 1668 ad
366 1631 451 1683 grave
470 1614 646 1684 odium,·quo
664 1613 796 1668 adversus
815 1612 970 1668 Parochum
991 1610 1152 1682 parochiani
1172 1613 1229 1666 lere
1247 1628 1344 1666 omnes
1367 1611 1490 1680 flagrare

312 1721 482 1774 dicebantur.
496 1720 565 1774 Cum
578 1721 652 1775 enim
667 1721 771 1775 crimen
784 1720 928 1790 quodlibet
942 1735 992 1774 nec
1006 1719 1114 1775 ostendi
1130 1735 1181 1772 nec
1193 1719 1289 1772 adesse
1302 1718 1490 1786 contingeret,

313 1828 404 1882 odium
427 1827 515 1898 plebis
533 1829 593 1884 sine
613 1827 672 1882 ulla
690 1826 808 1882 Parochi
829 1827 911 1898 culpa
929 1827 1054 1892 obvenit,
1071 1842 1127 1897 quo
1143 1827 1170 1880 in
1183 1843 1249 1880 casu
1263 1825 1326 1894 cogi
1340 1841 1395 1878 nou
1410 1843 1490 1894 posse

314 1936 455 1990 Parochus
473 1937 507 1990 ad
533 1937 749 2006 resignationem
770 1936 915 2006 paroeciae
934 1935 1093 2000 itinerans,
1120 1933 1187 2004 quin
1216 1933 1272 1986 imo
1295 1933 1331 1986 ob
1354 1931 1490 1986 eiusmodi

313 2060 424 2098 causam
445 2060 534 2114 neque
555 2045 707 2112 resignatio
726 2048 824 2113 sponte
845 2045 919 2098 lacta
937 2041 1019 2096 facile
1038 2060 1056 2096 a
1074 2041 1221 2110 Superior-e
1246 2046 1291 2096 cst
1309 2040 1491 2102 admittenda,

316 2155 380 2224 Cup.
408 2155 444 2207 10
471 2157 506 2208 de
531 2155 695 2208 Renunciot.
721 2153 747 2206 S.
768 2154 834 2206 Pius
860 2152 892 2204 V.
918 2153 948 2206 in
972 2150 1066 2206 Const.
1093 2153 1202 2210 Ουαηια
1228 2151 1408 2204 Ecclesiae...
1434 2149 1489 2203 diei

316 2259 325 2314 l
350 2259 454 2328 Aprilis
477 2261 553 2325 1568,
572 2261 600 2313 in
619 2275 674 2330 qua
693 2261 719 2312 S.
739 2259 868 2313 Pontifex
888 2258 955 2312 licet
974 2258 1116 2327 resignare
1136 2273 1215 2327 posse
1234 2257 1402 2311 beneficium
1427 2255 1490 2310 edi-

313 2369 387 2422 xerit
406 2367 478 2434 illos,
497 2372 545 2439 qai
564 2370 597 2422 ob
616 2369 751 2438 capitales
770 2368 939 2432 inimicitias,
958 2377 1098 2436 nequeunt
1117 2367 1164 2420 nel
1182 2381 1238 2418 non
1255 2366 1360 2418 audent
1379 2365 1410 2417 in
1430 2367 1492 2417 loco

314 2478 439 2547 beneficii
455 2478 583 2532 residere
601 2477 703 2541 securi,
723 2476 868 2530 subiunxit
894 2480 1000 2530 tamen:
1029 2476 1083 2529 Sed
1107 2491 1159 2527 nec
1183 2475 1284 2527 norem
1308 2473 1389 2526 altars
1409 2490 1491 2526 sacro

313 2583 407 2637 ordini
425 2585 607 2653 mancipatus,
626 2583 681 2635 nisi
700 2583 875 2652 Relipionem
899 2582 1081 2651 ingressurus
1107 2581 1201 2634 ualeat
1219 2581 1282 2634 ulto
1300 2581 1382 2632 modo
1409 2581 1491 2632 berre-

312 2693 415 2761 fieium,
434 2691 482 2744 vel
500 2691 621 2761 officium
641 2692 860 2745 ecclesiasticum
885 2691 1047 2759 reciperare,
1064 2691 1121 2743 nisi
1138 2691 1255 2744 (rtr'unde
1274 2694 1302 2744 ci
1318 2693 1368 2753 sit,
1387 2708 1441 2760 qao
1460 2691 1490 2741 ia

313 2800 368 2851 aito
384 2809 479 2868 posset
493 2795 642 2853 ¹commode
659 2799 819 2852 saeculari.
839 2798 926 2858 Quam
947 2797 1182 2852 constitutionem
1202 2797 1325 2851 Barbosa
1343 2799 1379 2852 de
1398 2800 1445 2869 off.
1466 2808 1491 2851 et

311 2915 409 2976 potest.
429 2905 506 2975 Epis.
525 2905 612 2974 allep.
630 2905 667 2958 69
685 2904 816 2959 illustrat.

385 3012 464 3074 Qunn
484 3028 594 3068 savona
615 3029 743 3069 urrsoorr
763 3029 1039 3068 rsarsnnuannrun.
1059 3041 1092 3054 —
1112 3013 1134 3066 E
1154 3018 1252 3068 contra
1276 3013 1492 3080 advertebatur,

313 3121 385 3192 quod
405 3121 472 3175 licet
490 3119 581 3174 Titius
600 3121 705 3174 nullam
727 3120 816 3190 plebis
834 3121 897 3174 odio
917 3137 1028 3175 causam
1048 3122 1236 3190 praebuisset3
1255 3121 1324 3177 licet
1342 3120 1421 3175 nullo
1435 3122 1492 3176 cri-

313 3227 388 3281 mine
407 3227 532 3281 irretitus
551 3229 632 3293 foret,
652 3227 834 3282 nihilominus
853 3228 1005 3298 Episcopus
1023 3229 1077 3283 rite
1096 3245 1211 3284 munere
1236 3243 1287 3281 suo
1305 3229 1419 3282 functus
1438 3233 1490 3283 cst.

313 3333 416 3388 Notum
435 3337 478 3388 est
497 3334 570 3388 enim
590 3351 653 3388 eum
673 3351 689 3388 a
709 3334 855 3404 paroeciae
875 3335 1010 3402 regimine
1024 3334 1160 3389 removeri
1174 3337 1304 3404 oportere
1318 3351 1401 3406 quem
1415 3335 1492 3389 mala

314 3439 392 3509 plebs
411 3440 479 3504 odit,
499 3457 534 3494 ne
553 3443 667 3510 propter
685 3443 787 3495 bonum
802 3441 926 3495 Pastoris
940 3441 1134 3510 gravissimum
1148 3440 1345 3496 detrimentum
1360 3442 1493 3496 universo

313 3549 392 3618 gregi
413 3548 559 3602 inferatur.
578 3548 655 3610 Quod
675 3550 698 3603 si
717 3549 826 3604 aversio
850 3553 880 3603 et
898 3549 991 3602 odium
1010 3550 1167 3604 concitatae
1193 3548 1282 3618 plebis
1307 3551 1412 3603 iustum
1435 3567 1493 3605 non

312 3657 358 3719 sit,
377 3671 432 3708 non
452 3655 506 3708 erit
525 3654 667 3708 Parochus
686 3655 848 3724 puniendus,
861 3655 933 3708 idest
946 3655 1076 3724 paroecia
1088 3659 1230 3726 tamquam
1244 3673 1308 3710 rens
1321 3654 1493 3710 condemna·

313 3762 386 3816 toria
404 3762 545 3817 sententia
559 3763 730 3832 praeerectus:
749 3761 797 3816 sed
815 3765 909 3815 tamen
929 3762 982 3816 erit
1001 3764 1188 3817 removendas
1206 3763 1282 3817 facta
1294 3762 1390 3833 aliqua
1403 3764 1493 3817 bene·

311 3870 368 3923 ficii
388 3869 600 3938 permutatione,
620 3885 671 3923 ceu
691 3871 719 3922 in
732 3869 870 3922 similibus
883 3869 993 3922 casibus
1005 3870 1165 3922 factitatum
1178 3874 1230 3933 est,
1251 3869 1402 3938 Eysretten.
1421 3869 1493 3924 Per·

312 3981 472 4034 mutationis
490 3978 644 4033 Paroecr‘ae
662 3979 717 4033 diei
736 3981 773 4031 22
791 3977 961 4048 Septembris
984 3978 1060 4031 1742.

384 4085 414 4138 ln
433 4083 485 4137 hac
505 4087 598 4139 autem
618 4083 766 4155 hypothesi
786 4099 840 4138 non
858 4083 969 4139 officere
988 4085 1190 4140 observabatur
1208 4083 1334 4139 defectus
1358 4083 1491 4138 formali-

312 4195 402 4246 tatum
422 4191 499 4258 iuris,
518 4195 547 4246 ct
566 4191 690 4246 desectus
709 4190 834 4245 formalis
853 4205 1006 4260 processus,
1025 4207 1089 4244 cum
1108 4191 1141 4246 de
1160 4205 1250 4260 poena
1269 4190 1421 4260 irroganda
1434 4206 1490 4244 nou

312 4303 422 4368 agatur,
447 4298 494 4352 sed
518 4299 551 4352 de
576 4297 695 4367 simplici
724 4299 846 4353 remedio
874 4299 1013 4354 afferendo
1041 4298 1193 4366 scandalis,
1220 4301 1249 4352 et
1277 4295 1490 4350 inimicitiarum

313 4404 452 4477 periculis.
