3290 5100
635 327 840 376 taracinam
864 328 886 373 1.
1282 307 1348 373 543

245 449 377 511 Quamvis
395 455 488 504 autem
503 451 601 520 gravia
613 451 729 506 crimina
742 451 818 505 Titio
832 451 996 522 imputanda
1013 451 1042 503 in
1055 452 1130 503 facto
1144 465 1199 503 non
1212 449 1349 515 adessent,

174 576 228 612 non
247 562 340 613 temen
359 559 473 613 omnino
492 559 625 614 innocens
642 559 776 614 dicendas
794 563 864 614 eret.
883 560 945 630 lpse
963 558 1038 613 enim
1056 559 1228 612 occasionem
1248 557 1347 613 saltem

173 680 207 718 ex
225 681 276 718 sua
294 664 463 734 imprudenti
487 665 589 734 egendi
609 665 719 720 ratione
744 665 834 734 plebis
853 663 1034 718 concitationi
1061 663 1236 732 praebuerat,
1259 679 1350 735 neque

172 772 301 841 Episcopi
327 772 540 841 admonitiones,
566 771 740 828 hortationes
764 772 913 844 quicquam
939 772 1124 842 profecerunt.
1150 770 1212 826 Non
1234 770 1350 826 deerant

171 877 267 946 itaque
286 877 455 933 sufficientes
474 895 574 932 musae
593 878 628 932 ob
648 894 718 948 quas
736 877 898 946 Episcopus,
916 877 963 948 qui
984 876 1115 931 universo
1130 875 1264 930 dioecesis
1276 876 1348 929 bono

171 988 214 1038 est
233 985 415 1054 praepositus,
435 989 577 1056 tamquam
598 984 717 1054 prudens
735 984 889 1040 remedium
902 985 1045 1040 decretum
1059 984 1245 1054 temporariae
1259 999 1348 1038 remo·

172 1092 255 1146 tionis
273 1092 413 1146 emiserat.

241 1199 337 1271 Neque
352 1203 523 1273 subsequens
537 1202 699 1256 remotionis
711 1201 853 1256 decretum
867 1201 979 1256 irritum
992 1203 1054 1256 erat
1066 1199 1260 1270 reputandum,
1273 1199 1344 1271 quod

171 1312 350 1377 provocatum
368 1310 423 1364 fuit
442 1326 476 1363 ex
495 1310 624 1380 flagranti
651 1310 719 1364 Titii
746 1309 937 1375 contumacia,
957 1313 986 1363 ct
1004 1307 1161 1378 protervia,
1185 1324 1241 1378 qua
1265 1324 1346 1378 prae·

169 1416 367 1482 scriptionibus
385 1415 590 1485 episcopalibus
608 1421 638 1471 et
656 1415 682 1469 S.
696 1415 784 1482 Sedis,
798 1414 877 1471 nulla
890 1416 1007 1483 ratione,
1022 1431 1075 1469 non
1087 1415 1148 1470 sine
1161 1414 1250 1484 plebis
1261 1431 1344 1470 scan-

169 1521 240 1590 dalo,
253 1541 284 1577 se
296 1525 439 1578 submisit:
453 1540 487 1577 ac
498 1523 618 1594 denique
631 1523 812 1592 suspensione
826 1522 932 1578 violata
944 1523 972 1576 in
986 1521 1224 1592 irregularitatem
1237 1522 1344 1577 incidit

240 1631 290 1684 His
308 1631 426 1702 aliisque
444 1631 595 1702 propositis
611 1631 768 1686 definienda
780 1637 952 1701 supererant.

700 1863 811 1920 DUBlA

238 2064 257 2116 1.
270 2077 288 2118 tt
302 2066 346 2118 An
359 2063 396 2116 sit
408 2063 547 2129 standum,
561 2062 605 2116 vel
619 2063 800 2117 recedendum
814 2080 832 2116 a
844 2063 944 2117 decisis
957 2065 985 2116 in
1000 2062 1088 2132 primo
1100 2062 1185 2116 dubio
1197 2063 1224 2115 in
1239 2078 1305 2116 casu
1317 2077 1342 2119 t.

238 2169 269 2223 lt.
288 2183 305 2224 t(
319 2172 362 2222 An
382 2173 411 2223 et
430 2167 566 2238 quomodo
586 2168 623 2222 sit
636 2168 714 2222 locus
726 2167 894 2237 depositioni
908 2167 1066 2222 Sacerdotis
1079 2167 1171 2238 (Titii)
1184 2185 1201 2220 a
1214 2167 1343 2236 paroecia

164 2293 182 2334 tt
198 2280 225 2332 in
244 2295 310 2332 casu
323 2292 348 2334 tt.

238 2383 281 2438 lll.
299 2385 374 2438 «An
394 2387 423 2439 et
441 2383 579 2455 quomodo
597 2383 634 2437 sit
653 2383 731 2438 locus
751 2384 919 2438 absolutioni
934 2401 951 2438 a
964 2383 1088 2439 censuris
1101 2387 1130 2438 et
1142 2382 1341 2453 dispensationi

164 2493 229 2546 «ab
250 2491 460 2561 irregularitate
480 2491 509 2544 in
528 2507 593 2544 casu
607 2506 632 2548 tt.

236 2599 405 2654 Rasonorro.
423 2627 459 2640 -
479 2598 506 2652 S.
525 2597 714 2668 Congregatio
734 2599 762 2652 in
781 2615 898 2654 examen
920 2602 1053 2654 revocata
1072 2597 1219 2673 causadie
1242 2597 1273 2649 12
1285 2597 1342 2649 Au·

164 2707 239 2792 gusti
262 2705 330 2760 1865
348 2704 514 2774 respondere
532 2705 658 2760 censuit:

235 2813 276 2866 nd
296 2813 315 2867 l.
334 2815 364 2865 in
383 2815 493 2879 demas,
512 2823 538 2867 et
556 2815 687 2884 amplius.

237 2921 278 2976 Ad
297 2921 329 2975 ll.
349 2938 408 2975 esse
429 2922 521 2975 locam
540 2925 714 2991 deputationi
731 2923 982 2976 adtriinistrationis
997 2923 1148 2994 paroeciae
1162 2927 1191 2976 in
1204 2925 1339 2992 spiritua-

163 3029 235 3082 libus
254 3039 280 3083 et
299 3029 508 3098 temporalibus,
521 3031 663 3097 aesipnata
680 3032 781 3098 facore
802 3029 960 3082 Sacerdotis
979 3030 1070 3096 (Titii)
1089 3031 1284 3102 donecaliter
1302 3034 1338 3086 de

163 3135 294 3203 beneficio
314 3136 502 3188 ecclesiastico
518 3136 706 3204 provideatur
719 3137 856 3204 pensione
877 3135 1040 3188 libellarem
1060 3137 1130 3189 400.

235 3239 277 3292 Ad
295 3239 340 3293 lll.
357 3241 480 3310 peractis
495 3241 659 3310 perdecem
672 3243 731 3295 dies
744 3242 939 3311 spiritualibus
953 3245 1095 3297 exercitiis
1107 3247 1136 3298 ia
1147 3245 1244 3314 aliqua
1256 3247 1338 3300 domo

159 3350 293 3418 relipiosa
313 3351 347 3403 ab
367 3349 505 3420 Episcopo
524 3350 707 3418 desipnanda,
726 3367 786 3404 esse
815 3352 909 3405 locum
926 3354 1096 3407 absolutioni
1116 3373 1134 3408 a
1153 3355 1294 3418 ceresaria,
1312 3363 1340 3408 et

159 3457 361 3526 dispensationi
378 3459 413 3511 ab
432 3457 652 3526 irrepularitate.

266 3670 307 3724 Ex
327 3687 372 3726 ars
391 3685 543 3726 contrane:

230 3777 249 3830 l.
269 3775 339 3830 Cum
357 3778 451 3846 agitur
463 3777 496 3832 de
510 3777 636 3833 Parocho
649 3795 704 3834 non
717 3779 869 3846 amovibili,
882 3781 929 3851 qui
943 3781 976 3834 ad
991 3797 1117 3836 normam
1136 3801 1173 3837 ss.
1189 3782 1332 3837 canonum

159 3884 305 3952 paroeciae
324 3890 367 3939 est
386 3887 568 3956 praepositus,
589 3903 667 3956 posse
686 3905 703 3940 a
722 3889 851 3958 paroecia
870 3889 996 3944 eumdem
1016 3891 1138 3946 amoveri
1164 3907 1214 3961 per
1236 3892 1330 3961 priva-

157 3991 271 4058 tionem,
291 3991 335 4048 vel
354 4009 404 4063 par
422 3992 577 4064 simplicem
595 3996 803 4050 oeconomicam
822 3997 1022 4062 remotionem,
1041 4014 1113 4069 quae
1131 3997 1175 4054 vel
1200 4003 1335 4070 perpetua

157 4113 217 4154 esse
236 4101 338 4168 potest,
356 4099 402 4155 vcl
420 4099 455 4153 ad
474 4104 591 4170 tempus.

227 4205 259 4260 ll.
278 4206 428 4262 Paroeciae
441 4207 626 4276 privationem
639 4208 699 4263 fieri
715 4225 769 4263 non
782 4226 864 4280 posse
878 4211 931 4265 nisi
945 4215 1056 4268 constet
1068 4213 1103 4268 de
1116 4212 1206 4283 culpis
1220 4215 1333 4271 omnino

154 4311 298 4380 gravibus,
317 4314 418 4385 quibus
437 4331 472 4370 ex
485 4315 546 4370 iure
559 4316 726 4385 gravissima
738 4316 808 4372 haec
821 4318 986 4387 privationis
999 4336 1089 4388 poena
1103 4321 1248 4390 infligitur,
1262 4321 1332 4376 iudi·

156 4415 220 4470 ciali
240 4417 336 4472 ordine
355 4419 479 4488 apprime
498 4423 618 4486 servato,
637 4420 684 4491 qui
705 4421 733 4475 in
752 4420 796 4476 hie
815 4424 906 4478 causis
925 4424 1134 4493 praescribitur.
