3306 5102
552 349 596 396 na
619 347 773 398 onereris
798 349 839 394 ar
863 347 982 394 eoaurs
1287 331 1348 395 301

178 480 375 564 poenitentia
405 482 460 542 aut
489 474 712 542 emendatione
734 473 944 544 auferuntur,
969 471 1025 538 sed
1048 472 1273 558 expostulatur
1304 472 1355 538 de·

178 609 304 669 eretum
329 602 421 666 Ram.
447 597 613 666 Pontiflois
636 601 688 683 qui
713 600 818 684 legem
848 598 991 670 relaxat,
1016 599 1050 663 in
1074 598 1270 671 universum,
1296 619 1354 682 per

177 726 435 812 abrogationem
457 727 510 791 vel
534 725 567 788 in
590 743 667 789 casu
690 723 879 810 particulari
902 743 962 807 per
985 721 1281 806 dispensationem.

268 850 444 938 Abrapata
466 850 539 936 lege
562 869 644 934 quae
674 849 950 934 irregularitatem
981 846 1104 914 inducit
1126 848 1194 912 sive
1217 867 1263 914 etc
1285 847 1352 930 def.

175 982 245 1044 sive
261 998 307 1046 ea
322 979 428 1052 detio,
442 980 510 1044 sive
525 978 630 1062 quoad
642 995 753 1042 omnes
769 977 837 1041 sive
852 973 956 1060 quoad
968 975 1092 1058 aliquos
1106 979 1231 1039 tantum
1249 993 1352 1054 casus,

174 1105 369 1170 auferuntur
391 1103 508 1170 nedum
540 1104 798 1190 irregularitates
826 1103 921 1167 huius
951 1102 1071 1188 speciei
1102 1101 1353 1169 contrahendae

175 1229 230 1295 sed
256 1231 351 1295 etiam
376 1233 588 1312 contractam
611 1227 766 1313 siquidem
783 1247 847 1291 non
862 1233 936 1292 sunt
952 1227 1103 1313 propriae
1122 1244 1255 1309 paenae
1271 1243 1353 1309 quae

174 1355 280 1438 primo
303 1361 336 1419 et
355 1352 579 1438 principaliter
594 1349 737 1417 afficiant
751 1350 928 1416 subiectum
944 1350 982 1414 in
996 1349 1183 1416 uindictam
1198 1348 1351 1420 oriminis,

173 1475 230 1539 sed
255 1481 330 1541 sunt
352 1473 710 1561 quasi-inhabilitates‚
727 1493 783 1538 seu
804 1471 1040 1558 impedimenta.
1059 1471 1148 1538 Haec
1164 1477 1272 1538 antem
1287 1492 1351 1536 nan

172 1603 312 1687 amplius
336 1604 446 1686 urgeri
462 1607 604 1688 possunt,
621 1601 720 1668 semel
744 1599 863 1668 abolita
884 1600 968 1686 lege,
985 1619 1048 1684 qua
1071 1600 1201 1666 inducta
1223 1607 1306 1668 sunt.

265 1731 308 1793 At
335 1729 499 1814 singulare
530 1733 579 1793 est
610 1729 642 1793 in
672 1728 914 1813 irregularitate
945 1745 990 1792 eac
1021 1726 1154 1810 defectu
1183 1728 1351 1794 natalium

172 1858 205 1917 ut
230 1853 314 1916 baec
332 1871 400 1934 per
422 1851 615 1938 inpressum
637 1851 675 1916 in
697 1850 898 1937 relipianenr
922 1852 1049 1935 penitus
1065 1849 1199 1916 tollatur
1221 1872 1278 1918 seu
1303 1874 1351 1919 re

171 1977 304 2042 laxetur
320 1997 379 2063 pro
399 1975 564 2042 ordinibus
585 1975 796 2062 suscipiendis
817 1994 925 2060 enque
947 1976 988 2040 ad
1008 1975 1284 2061 presbyteratum
1307 1978 1351 2042 in·

172 2103 307 2168 clusive.
328 2103 505 2188 Schmalzg.
525 2103 559 2176 V,
576 2101 625 2169 37
627 2154 633 2175 ,
653 2102 714 2167 111.
732 2103 795 2169 Sed
811 2105 991 2187 requiritur
1006 2103 1164 2188 professio
1180 2105 1349 2178 solemnis

171 2245 233 2292 nec
258 2225 420 2292 sufficiant
435 2231 513 2292 vota
534 2226 704 2310 simplicia
719 2245 801 2310 quae
818 2226 913 2291 hodie
929 2231 1158 2312 nuncupantur
1179 2231 1256 2292 ante
1279 2248 1350 2313 pro-

171 2357 347 2422 fessionem
377 2357 570 2423 solemnem.
604 2357 651 2420 lta
683 2353 784 2420 edixit
817 2355 848 2421 S.
873 2355 990 2440 Congr.
1023 2356 1128 2440 Super
1159 2360 1245 2420 statu
1279 2376 1347 2442 reg.

170 2483 203 2548 cl.
229 2481 282 2547 20
305 2481 379 2548 lan.
404 2480 504 2546 1860.

261 2605 336 2671 204.
362 2605 458 2670 Acris
482 2604 543 2671 fuit
565 2606 651 2670 inter
673 2609 803 2671 veteres
833 2607 1057 2670 controversia
1078 2625 1120 2669 an
1145 2625 1205 2690 per
1230 2606 1347 2691 baptis-

169 2749 258 2792 mum
273 2729 467 2794 tollerentur
483 2728 627 2794 deiectus
643 2733 676 2793 et
692 2729 863 2793 criminum
878 2728 1025 2793 maculae
1049 2728 1133 2793 unde
1152 2734 1349 2796 enascuntur

168 2851 446 2936 irregularitates;
472 2857 504 2918 et
528 2852 726 2937 Augustinus
752 2855 867 2915 eontra
895 2851 1131 2936 Hieronymum
1156 2849 1347 2937 disputavit:

169 2976 210 3042 ef.
229 2997 257 3043 e.
275 2977 432 3057 e.1et2‚
457 2978 532 3043 dest.
556 2977 615 3042 26.
642 2979 704 3042 Hic
728 2976 914 3042 autumabat
931 2976 1082 3043 delectus
1105 2976 1264 3062 bigamiae
1287 2999 1348 3063 per

169 3100 362 3186 baptismum
393 3100 526 3166 auferri.
561 3101 748 3167 Praevaluit
778 3103 951 3186 Augustini
981 3103 1142 3166 sententia
1171 3105 1348 3167 asserentis

169 3222 366 3289 solummodo
379 3231 513 3309 peccata
528 3245 586 3309 per
601 3225 792 3311 baptismum
805 3227 915 3298 deleri,
930 3247 993 3291 non
1007 3227 1153 3294 defectus
1169 3227 1344 3300 naturales,

168 3369 252 3433 quae
276 3348 423 3415 doctrina
443 3349 483 3415 ab
501 3351 689 3418 Innocentio
711 3355 722 3417 l
749 3361 881 3438 recepta
904 3354 964 3419 fnit
987 3356 1020 3418 in
1043 3374 1117 3420 ean.
1136 3352 1169 3426 3,
1194 3349 1269 3420 dis't.
1286 3354 1346 3436 26,

169 3470 244 3536 inde
269 3473 471 3558 principium,
497 3492 612 3560 nempe
630 3493 697 3557 per
714 3474 920 3558 baptismum
936 3476 1029 3543 ablui
1048 3483 1190 3559 peecata
1209 3496 1254 3544 ea
1276 3479 1347 3563 qui-

169 3594 231 3662 bus
249 3603 328 3680 post
351 3596 556 3682 baptismum
579 3606 795 3668 enasceretur
817 3603 1067 3689 irregularitas,
1084 3623 1154 3671 nan
1169 3623 1249 3671 aera
1275 3607 1347 3672 tolli

168 3719 319 3804 defectus
342 3729 521 3790 causantes
543 3724 833 3810 irrepularitatem
856 3727 970 3792 statim
994 3745 1035 3793 ac
1058 3727 1134 3812 quis
1154 3727 1346 3810 baptismali

168 3865 262 3930 aqua
283 3845 419 3913 abluam
440 3847 558 3930 fuerit.
583 3848 725 3914 Proinde
750 3849 954 3914 homicidium
977 3856 1053 3916 aute
1076 3850 1268 3937 baptismum
1292 3871 1346 3938 pa-

167 3979 287 4042 tratum
303 3993 363 4058 per
377 3973 569 4058 baptismum
586 3977 630 4039 ita
645 3975 786 4041 abluitur
803 3981 838 4041 ut
852 3978 1103 4060 irregularitatis
1116 3995 1215 4044 causa
1230 3985 1345 4056 cesset;

168 4099 224 4166 sed
239 4099 385 4166 defectus
400 4100 564 4175 natalium,
578 4102 694 4187 quippe
711 4123 774 4166 nan
791 4107 839 4168 est
854 4109 1024 4188 peecatum
1041 4125 1083 4169 ex
1098 4111 1190 4190 parte
1207 4103 1273 4180 filii,
1286 4127 1346 4192 per

168 4217 358 4305 baptismum
381 4221 505 4286 auferri
529 4241 593 4286 non
617 4229 780 4308 potestat
802 4224 879 4290 hine
890 4231 968 4308 past
984 4225 1238 4310 baptismnmin
1254 4249 1344 4295 mare

168 4352 304 4430 generat
318 4348 602 4433 irregularitatem.
621 4385 638 4396 -
658 4351 736 4415 Nam
753 4352 964 4438 improprium
980 4360 1029 4420 est
1048 4355 1134 4439 loqui
1158 4355 1198 4422 de
1220 4356 1344 4442 irregu-

166 4469 295 4538 laritate
309 4478 389 4538 ante
403 4473 591 4559 baptismum
608 4481 790 4552 contracta;
815 4498 888 4543 eum
904 4484 1000 4544 antea
1017 4479 1166 4546 contrahi
1183 4501 1247 4546 non
1270 4503 1343 4568 pos-
