3202 5104
469 331 512 378 nr
536 328 689 377 unurcrrs
714 329 756 375 nr
780 327 899 374 POENIS
1204 305 1270 370 235

103 463 189 522 moto
213 456 385 521 scandalo.
406 454 549 528 -Quare
574 473 638 518 non
654 455 818 537 sequimur
834 453 954 518 Suarez
971 449 1097 520 XXVI,
1115 449 1147 520 4,
1165 448 1196 520 7,
1218 449 1270 531 qui

103 581 229 645 iunixus
253 581 408 665 principio
427 580 498 644 -ia
520 598 584 661 per
606 597 641 644 se
663 578 893 644 subordinatis
915 576 1027 642 obtato
1051 594 1089 641 eo
1113 573 1205 658 quod
1224 577 1271 638 est

102 707 197 789 qimri
214 705 428 788 principium
451 711 483 770 et
503 703 769 785 fundumentum
796 702 945 774 ulterius,
968 700 1140 784 reliquum
1170 698 1272 762 etiam

103 827 238 910 auferre
262 847 393 892 accerse
417 833 463 892 est
481 861 498 874 -
517 825 616 890 infert
638 825 776 909 aliquem
800 843 987 908 suspensum
1015 823 1047 885 in
1072 839 1135 885 uno
1159 817 1272 882 ordine

103 952 248 1038 suspendi
272 953 312 1017 ab
335 953 420 1017 omni
443 958 517 1018 actu
541 951 625 1015 illius
642 951 764 1016 ordinis
780 956 813 1015 et
828 949 926 1014 multo
942 949 1044 1032 magis
1060 968 1079 1011 a
1094 948 1270 1031 superiore.

104 1079 161 1142 Alii
186 1079 325 1144 mediam
356 1080 437 1142 viam
470 1079 571 1142 secuti
595 1083 677 1149 sunt,
701 1078 744 1142 uti
773 1072 1071 1160 Schrualzgrueber,
1098 1071 1131 1145 V,
1149 1072 1194 1137 tit.
1212 1069 1270 1141 39.

103 1202 181 1274 293,
207 1211 239 1268 et
264 1203 380 1269 docent
403 1223 590 1289 suspensum
614 1202 653 1266 ab
678 1201 789 1266 ordine
814 1201 970 1266 inferiore
997 1218 1185 1282 suspensum
1202 1216 1272 1261 esse

103 1329 140 1392 ab
155 1330 319 1396 ordinibus
335 1349 459 1414 quoque
475 1329 703 1414 superioribus,
721 1325 822 1394 solum
843 1333 998 1410 quatenus
1021 1327 1162 1412 ipsorum
1181 1330 1272 1389 actus

103 1453 267 1520 includunt
290 1460 395 1520 actum
419 1454 541 1519 ordinis
562 1453 726 1517 inferioris
740 1447 760 1515 a
776 1472 838 1536 quo
862 1457 909 1516 est
933 1471 1115 1535 suspensus.
1134 1486 1149 1496 -
1169 1449 1217 1515 cf.
1231 1449 1271 1512 cl.

104 1581 292 1660 Bncceroni‚
310 1581 358 1644 De
375 1599 460 1646 coss.
477 1579 546 1644 116.
566 1614 583 1626 -
602 1579 670 1643 Hos
687 1597 751 1641 non
775 1579 938 1660 sequimur
962 1596 1004 1640 ex
1029 1577 1153 1642 ratione
1176 1593 1274 1658 supra

103 1704 195 1771 allata
218 1703 275 1788 (l).

191 1830 264 1896 159.
290 1831 467 1915 Suspensus
485 1851 508 1918 a
524 1829 755 1896 iurisdictione
771 1827 960 1912 intelligitur
977 1835 1118 1893 remotus
1134 1825 1173 1889 ab
1190 1827 1273 1889 eius-

104 1955 169 2018 dem
194 1957 352 2021 exerciiio
383 1963 449 2022 tum
480 1958 513 2020 in
545 1955 616 2020 foro
640 1960 781 2020 eramo
809 1960 874 2019 tum
899 1954 931 2016 in
955 1953 1097 2020 interno,
1124 1953 1182 2015 nisi
1207 1951 1271 2014 lor-

104 2080 185 2144 mula
207 2099 273 2162 qua
296 2079 401 2144 editur
424 2081 589 2164 suspensio
617 2079 731 2143 limitet
765 2075 1012 2162 prohibitionem
1047 2073 1149 2159 quoad
1184 2079 1274 2138 actus

105 2206 192 2270 unius
215 2205 270 2269 vel
292 2205 424 2270 alterius
448 2205 520 2268 sori.
548 2238 564 2252 -
592 2207 692 2269 Actus
721 2222 799 2268 vero
830 2202 1056 2267 iurisdictionis
1079 2220 1099 2264 a
1122 2219 1274 2284 suspenso

105 2331 189 2412 positi
215 2332 243 2394 si
268 2330 488 2418 sit-citonatus
518 2334 592 2393 sunt
622 2328 718 2402 nulli;
751 2347 844 2392 secus
867 2327 893 2390 si
917 2329 958 2390 sit
988 2328 1168 2407 toleratus;
1200 2344 1272 2388 nam

104 2456 266 2539 suspensio
291 2455 413 2520 directe
437 2461 469 2520 et
485 2454 705 2539 principaliter
721 2452 871 2537 prohibet
886 2473 976 2517 usum
1001 2451 1165 2536 potestatis
1181 2451 1273 2513 iuris-

104 2575 258 2648 dictionis,
283 2576 339 2641 sed
363 2576 509 2641 eamdem
534 2577 785 2642 iurisdictionem
809 2597 871 2640 non
895 2577 1003 2640 aufert
1029 2577 1090 2639 nisi
1116 2573 1273 2640 vitandis.

106 2703 143 2766 Et
165 2705 196 2766 in
222 2704 301 2783 hoc,
339 2705 502 2787 suspensio
537 2723 614 2766 sane
649 2722 713 2764 non
748 2697 854 2766 differt
881 2699 921 2765 ab
945 2699 1276 2790 excommunicatione

105 2847 181 2910 quae
205 2829 240 2892 in
264 2829 540 2892 excommunicato
564 2827 701 2893 tolerato
727 2826 831 2890 reddit
854 2827 999 2890 illicitum
1031 2846 1120 2890 usum
1149 2823 1275 2888 iurisdi-

105 2953 225 3024 ctionis,
252 2950 307 3015 sed
332 2971 395 3015 non
418 2951 602 3024 invalidum,
629 2953 690 3014 imo
714 2970 776 3014 nec
801 2949 942 3017 illicitum
960 2951 992 3035 „si
1018 2948 1100 3012 idem
1125 2969 1200 3013 usus
1220 2969 1277 3012 ex-

106 3077 283 3160 postuletur
305 3097 325 3140 a
348 3073 501 3142 fidelibus.
527 3073 687 3141 Differunt
718 3079 750 3140 in
780 3076 840 3140 boc
872 3075 954 3159 quod
990 3075 1278 3138 excommunicatio

106 3201 224 3267 directe
248 3209 281 3268 et
303 3202 526 3286 principaliter
549 3192 656 3286 privat
679 3202 911 3272 communione.
937 3207 969 3265 et
991 3200 1067 3263 hinc
1090 3219 1153 3282 per
1168 3219 1277 3266 couse-

106 3345 209 3410 queas
231 3332 265 3391 et
288 3328 376 3409 quasi
402 3347 459 3410 per
482 3327 632 3391 accidens
656 3327 750 3390 etiem
775 3325 923 3411 prohibet
946 3323 985 3388 ab
1010 3325 1166 3389 exercitio
1188 3325 1277 3390 iuris-

191 3503 231 3572 (l)
251 3503 282 3556 ln
300 3503 440 3556 sententia
458 3501 556 3556 horum
578 3503 630 3554 DD.
652 3504 797 3572 presbyter
816 3519 964 3570 suspensus
983 3518 999 3553 a
1018 3501 1163 3555 diaconatu
1185 3505 1277 3571 posset

106 3609 197 3664 aridii-e
217 3610 410 3675 confessiones,
431 3607 624 3663 administrare
643 3614 796 3662 extremam
810 3607 986 3672 Unctionem‚
1006 3612 1035 3662 et
1054 3609 1094 3661 ita
1114 3625 1208 3678 pcrr03
1230 3608 1277 3662 sed

108 3731 156 3768 nou
182 3721 275 3784 possm
303 3714 445 3769 celebrare
475 3715 583 3767 missam
613 3715 679 3784 quis
698 3715 726 3768 in
745 3731 779 3769 ea
797 3713 905 3783 legeret
934 3707 1115 3782 Evangelium
1145 3716 1216 3784 quod
1235 3721 1277 3768 est

106 3836 201 3874 munus
220 3821 338 3874 diaconi.
357 3825 467 3886 Sprarez,
487 3837 503 3874 e
521 3825 626 3884 contra,
640 3823 725 3888 negat
742 3819 864 3890 aliquem
883 3825 975 3873 actum
989 3819 1092 3873 ordinis
1105 3821 1229 3890 suspensi
1250 3825 1278 3874 et

106 3927 206 3980 ordinis
233 3928 384 3996 superioris
413 3943 492 3998 posse
519 3928 651 3982 exerceri.
672 3927 729 3980 Sibi
749 3927 846 3981 obiicit
867 3927 1074 3982 fundamentale
1103 3927 1277 3996 principium,

107 4047 201 4101 nempe
221 4048 323 4101 poenas
341 4047 395 4085 non
415 4031 547 4086 excedere
567 4049 660 4085 casum
680 4051 768 4098 suum,
782 4033 827 4086 sed
844 4033 988 4102 respondet
1009 4031 1058 4086 bas
1076 4033 1277 4102 suspensiones,

108 4138 312 4206 utplurimum,
331 4155 390 4192 esse
410 4141 463 4208 fer.
484 4148 565 4204 sent,
585 4143 614 4192 et
633 4133 772 4208 pertinere
796 4140 830 4192 ad
855 4140 1028 4210 prudentiam
1051 4141 1147 4193 iudicis
1168 4139 1278 4193 easdem

106 4246 313 4314 proportionare
333 4245 466 4314 gravitati
486 4247 616 4299 criminis.
638 4247 673 4300 Et
693 4247 761 4302 baec
780 4248 983 4302 animadversio
1007 4252 1144 4316 temperat
1162 4247 1277 4301 nimium

108 4351 225 4419 rigorem
244 4354 399 4408 sententiae
418 4358 446 4407 et
466 4369 513 4422 per
532 4372 561 4409 se
582 4361 624 4408 est
643 4357 819 4410 consentiens
847 4357 989 4425 principiis
1008 4357 1076 4410 iuris
1099 4373 1176 4426 poen.
1197 4373 1279 4410 cauo⁴

109 4458 170 4511 uici.
190 4459 232 4514 Cf.
252 4477 335 4530 supra
353 4481 380 4516 n.
400 4461 436 4512 21
455 4476 510 4534 seq.
