3302 5100
324 262 391 336 566
776 281 983 331 annscaruu
1009 283 1055 330 iv.

324 407 497 476 gravissimis
516 407 598 462 rebus
616 406 720 475 agitur,
739 407 768 460 in
787 407 884 477 primis
903 411 995 462 autem
1015 407 1048 462 de
1067 407 1159 460 causis
1183 405 1255 474 fidei,
1274 422 1308 460 ac
1326 405 1360 460 de
1378 405 1506 476 personis

324 515 446 572 violatae
471 515 618 586 religionis
642 515 707 569 reia
726 516 765 568 nt
782 531 846 569 cum
865 516 966 570 librum
992 513 1113 588 aliquem
1132 514 1167 568 ad
1186 531 1255 582 eam,
1275 519 1416 586 tamquam
1441 531 1507 586 pro·

324 621 476 692 scriptione
494 621 618 692 dignum,
637 622 738 678 deferri
757 623 923 693 contigerit;
942 623 995 678 nisi
1015 622 1048 676 ed
1068 621 1168 678 lndicis
1192 622 1454 692 congregationem,
1473 627 1506 679 ut

324 729 386 784 fieri
412 727 576 799 plerumque
595 727 676 790 solet,
694 726 871 782 iudicandum
890 729 1023 794 remittet,
1043 727 1092 782 sed
1110 743 1160 797 pro
1179 743 1270 784 rerum
1292 731 1509 798 temporumque

323 835 443 901 ratione,
455 836 507 890 sibi
522 835 556 891 de
568 834 619 889 illo
633 834 853 904 cognoscendum
867 851 927 889 esse
940 835 1107 903 arbitretur;
1120 849 1179 900 nos,
1194 832 1372 888 inhaerentes
1390 833 1508 888 decreto

323 938 383 995 lato
401 942 436 995 eh
456 941 552 996 eadem
571 941 795 1011 congregatione
813 942 884 998 ferie
908 947 1008 1012 quarta
1031 941 1160 996 kalendis
1182 940 1246 996 Iulii
1270 941 1336 996 anni
1361 939 1505 996 millesimi

323 1048 565 1118 septingentesimi
585 1048 819 1120 quinquagesimi,
836 1055 921 1120 atque
934 1064 951 1103 a
963 1047 1043 1102 nobis
1061 1047 1227 1102 confirmato
1238 1046 1309 1100 feria
1321 1046 1420 1117 quinta
1433 1046 1510 1102 inse-

323 1158 436 1222 quente,
455 1153 507 1208 hac
526 1156 645 1220 ratione,
664 1159 693 1210 et
711 1155 841 1211 methodo
860 1154 993 1210 iudicium
1012 1153 1122 1210 institui
1142 1152 1311 1208 mandamus.

414 1262 432 1324 ἕ
452 1259 477 1312 l.
496 1259 591 1314 Primo
606 1260 736 1314 nimirum
751 1261 798 1314 uni
812 1278 847 1318 ex
860 1259 1110 1331 qrralilicatoribus,
1124 1263 1173 1314 ant
1185 1258 1391 1340 consultoribus
1404 1274 1421 1311 e
1434 1257 1510 1313 Con·

323 1365 489 1434 gregatione
504 1366 684 1438 designando,
696 1366 769 1423 liber
782 1366 917 1433 tradatur,
935 1382 1017 1437 quem
1031 1365 1055 1420 is
1066 1369 1176 1421 attento
1188 1365 1283 1421 animo
1295 1363 1382 1435 legat,
1396 1380 1430 1417 ac
1442 1363 1507 1418 dili-

322 1479 423 1540 genter
442 1473 594 1544 expendet3
613 1479 673 1528 tum
691 1489 837 1528 censuram
855 1489 933 1528 errem
952 1472 1057 1544 scripto
1076 1471 1229 1542 consignet,
1243 1471 1313 1526 locis
1324 1470 1465 1537 indicetis,
1479 1477 1509 1524 et

325 1579 445 1648 paginis,
463 1581 491 1634 in
512 1582 612 1652 quibus
630 1581 719 1636 notati
739 1596 848 1636 errores
867 1580 1054 1650 continentur.
1074 1579 1141 1634 hlox
1160 1578 1232 1634 liber
1249 1595 1312 1632 cum
1331 1577 1511 1633 animadver-

324 1687 449 1741 sionibus
467 1688 597 1742 revisoria
615 1687 649 1741 ad
667 1687 793 1758 singulos
818 1687 991 1743 consultores
1014 1689 1150 1756 mittetur,
1170 1687 1217 1758 qui
1236 1686 1266 1740 in
1285 1686 1507 1756 congregatione

324 1810 374 1863 pro
393 1811 470 1849 more
489 1794 615 1849 habenda
633 1794 752 1864 singulis
763 1796 841 1850 feriis
854 1795 982 1851 secundis
995 1795 1024 1849 in
1036 1793 1151 1848 aedibus
1163 1794 1252 1848 sancti
1266 1791 1365 1857 Officii,
1377 1791 1411 1847 de
1424 1792 1508 1856 libro,

323 1907 353 1956 et
372 1917 489 1957 censura
507 1903 674 1957 sententiam
694 1902 800 1957 dicant:
820 1903 881 1971 ipse
899 1901 997 1957 deinde
1021 1918 1147 1967 censura,
1166 1917 1229 1956 cum
1248 1899 1329 1966 libro,
1348 1904 1377 1956 et
1395 1893 1507 1954 consul·

325 2011 417 2062 torum
433 2008 582 2078 suffragiis,
595 2008 629 2062 ad
642 2008 804 2064 Cardinales
815 2009 1052 2074 transmittantur,
1065 2012 1096 2062 ut
1108 2007 1138 2062 hi
1151 2009 1180 2062 iu
1193 2008 1508 2078 congregationeque

218 2171 222 2180 ,
323 2115 396 2169 feria
408 2119 509 2184 quarta
520 2113 618 2170 haberi
632 2115 704 2170 solet
716 2116 745 2170 in
758 2118 875 2170 fratrum
890 2115 1111 2186 praedicatorum
1124 2114 1259 2170 coenobio
1271 2117 1386 2168 sauctae
1396 2114 1510 2172 Mariae

322 2241 408 2292 supra
432 2223 588 2279 Minervam
613 2227 783 2294 nuncupate,
802 2223 836 2278 de
854 2229 915 2277 tota
939 2241 970 2278 re
994 2223 1138 2278 definitive
1163 2222 1356 2294 pronuncient.
1376 2222 1444 2276 Post
1469 2224 1506 2276 eb

323 2333 470 2386 Assessore
490 2332 578 2386 sancti
598 2331 686 2386 Officii
706 2336 770 2386 acte
781 2333 876 2386 omnia
888 2332 920 2386 ad
936 2332 1100 2386 Pontificem
1116 2334 1281 2398 referantur,
1294 2331 1373 2386 ouius
1385 2332 1510 2386 arbitrio

322 2435 455 2491 iudicium
474 2451 555 2490 omne
574 2437 742 2491 absolvetur.

412 2548 430 2608 ἕ
444 2543 469 2596 5.
484 2542 551 2596 Cum
565 2550 659 2597 antem
672 2542 710 2595 sit
722 2543 810 2598 veteri
826 2540 1002 2596 institutione
1021 2547 1174 2612 receptum,
1188 2546 1219 2610 ut
1231 2541 1354 2596 auctoris
1370 2540 1504 2596 catholici

324 2646 397 2702 liber
416 2665 470 2702 non
491 2649 572 2706 unius
590 2653 699 2705 tentum
719 2648 848 2704 relatoris
868 2653 1012 2719 perspecta
1030 2665 1148 2705 censura
1160 2647 1238 2703 illico
1251 2648 1457 2717 proscribatur3
1469 2647 1504 2700 ad

325 2772 450 2810 normam
471 2756 589 2827 praefati
608 2756 711 2812 decreti
731 2758 834 2812 mensis
854 2757 916 2812 lulii
936 2758 1001 2812 anni
1020 2757 1163 2813 millesimi
1182 2756 1404 2827 septigentesimi
1424 2757 1505 2828 quin·

322 2865 488 2934 quagesimi,
506 2864 634 2919 volumus
653 2881 713 2920 eam
733 2865 960 2921 consuetudinem
979 2865 1092 2921 omnino
1110 2865 1232 2931 serrari3
1244 2865 1285 2920 ita
1304 2870 1337 2920 ut
1354 2866 1376 2918 si
1398 2866 1506 2936 primus

325 2986 424 3024 censor
443 2970 544 3025 librum
565 2972 789 3040 proscribendum
808 2987 868 3027 esse
880 2972 993 3036 iudicet,
1008 2971 1134 3043 quamuis
1147 2970 1321 3026 consultores
1333 2972 1362 3026 in
1376 2972 1504 3030 camdem

322 3079 490 3132 sententiam
510 3079 686 3142 conveniant,
699 3077 880 3134 nihilominus
892 3079 975 3134 alteri
990 3079 1105 3134 revisori
1119 3080 1154 3133 ab
1167 3078 1263 3134 eedem
1277 3078 1503 3149 Congregaticne

322 3183 414 3239 electo
433 3183 513 3249 liber,
532 3189 562 3240 et
579 3201 697 3240 censura
721 3185 876 3250 tradantur,
896 3201 1044 3256 suppresso
1063 3185 1144 3255 primi
1163 3186 1286 3240 censoris
1307 3187 1428 3252 nomine,
1448 3204 1507 3258 quo

324 3287 398 3342 alter
422 3288 553 3342 indicium
579 3305 659 3342 suum
682 3288 798 3344 liberius
822 3295 951 3360 exponat.
971 3289 999 3344 Si
1019 3295 1113 3344 autem
1131 3288 1268 3344 secundus
1287 3289 1394 3346 revisor
1413 3293 1506 3360 primo

322 3396 502 3461 assentiatur,
521 3401 588 3450 tunc
614 3397 758 3467 utriusque
783 3397 1036 3453 animadversiones
1053 3397 1089 3450 ad
1107 3395 1269 3452 cardinales
1293 3398 1453 3464 mittentur,
1472 3404 1503 3454 ut
1604 3399 1605 3402 ’
1629 3369 1630 3374 ¹

322 3498 357 3552 iis
382 3499 510 3568 expensis
535 3499 567 3554 de
593 3499 665 3554 libro
689 3499 855 3567 decernant3
877 3506 907 3556 at
926 3503 947 3554 si
970 3502 1107 3556 secundus
1131 3517 1149 3554 a
1173 3501 1263 3570 primo
1285 3500 1443 3566 dissentiat,
1470 3521 1506 3558 ac

321 3605 423 3659 librum
448 3605 644 3661 dimittendum
668 3607 824 3672 existimet,
852 3609 950 3662 tertius
976 3607 1099 3678 eligatur
1126 3624 1239 3675 censor,
1266 3609 1327 3674 cui,
1355 3625 1508 3680 suppresso

322 3713 444 3783 priorum
465 3714 722 3786 nominatumque
742 3731 860 3770 censura
881 3715 1109 3770 communicetur.
1129 3714 1218 3770 Huius
1236 3719 1331 3770 autem
1349 3715 1462 3782 relatio,
1481 3716 1505 3770 si

319 3831 338 3868 a
356 3817 448 3884 priore
466 3815 655 3871 consultorum
674 3817 813 3872 sententia
830 3833 885 3872 non
906 3817 1028 3883 abludat,
1048 3816 1242 3873 cardinalibus
1255 3817 1417 3873 immediate
1430 3835 1509 3874 com-

322 3921 489 3987 municetur,
508 3928 540 3976 ut
558 3922 620 3992 ipsi,
639 3923 710 3992 quod
729 3929 916 3993 opportunum
934 3925 1027 3991 fuerit,
1046 3924 1205 3980 decernent
1221 3921 1270 3978 Sin
1285 3923 1388 3991 minus,
1400 3925 1506 3980 iterum

322 4027 505 4095 consultores,
529 4033 674 4098 perspecta
698 4029 782 4083 tertie
807 4046 924 4085 censura
948 4031 1111 4101 suffragium
1135 4031 1244 4095 feraut3
1262 4029 1345 4101 idque
1366 4047 1422 4084 una
1442 4048 1506 4086 cnm

322 4137 452 4200 omnibns
471 4137 603 4206 praelatis
621 4137 812 4204 relationibus,
831 4139 1027 4194 Cardinalibns'
1043 4139 1278 4212 exhibeatur,qui
1293 4140 1377 4195 reita
1393 4145 1506 4196 mature

323 4259 466 4311 perpense,
484 4243 517 4298 de
536 4244 725 4299 controversie
747 4243 866 4316 denique
892 4247 1074 4315 pronunciare
1099 4247 1248 4302 debebunt.
1266 4245 1507 4318 Quotiescumque

320 4351 414 4402 autem
437 4347 573 4415 Pontifex,
594 4348 638 4403 vel
658 4351 692 4403 ob
712 4351 762 4415 rei,
781 4350 814 4405 de
834 4367 888 4423 qua
907 4353 934 4404 in
955 4351 1027 4406 libro
1051 4353 1154 4421 agitur,
1172 4351 1352 4420 grauitatem,
1371 4351 1418 4408 vel
1438 4355 1509 4425 quia
