3202 5104
307 255 374 321 232
825 275 908 322 raus
934 275 955 322 1.

306 394 413 461 differt
436 416 455 460 a
479 396 685 478 depositione
707 399 740 461 et
763 417 783 460 a
804 397 1018 480 priuatione;
1043 403 1075 462 et
1098 397 1182 476 inde,
1205 399 1321 460 natura
1344 415 1413 474 sua,
1440 402 1491 460 est

307 529 515 606 temporanea
538 543 610 587 cum
635 541 699 586 non
722 525 763 586 sit
786 543 933 606 aequum,
959 524 1150 588 exercitium
1174 523 1309 588 alicuius
1342 523 1491 586 muueris

306 646 481 730 prohibere
505 647 537 709 in
561 653 750 731 perpetuum
774 648 809 711 iu
832 667 1017 731 possessore
1041 648 1183 712 eiusdem
1207 645 1313 711 officii.
1338 647 1372 732 3)
1392 647 1491 710 Prae·

305 777 405 842 terea,
430 791 489 855 pro
513 776 630 836 natura
653 791 821 844 censurae,
853 773 1030 856 requiritur
1056 778 1090 838 ut
1113 771 1280 858 infligatur
1304 773 1336 836 in
1359 777 1491 856 tempus

305 896 587 961 indeterminatum
610 897 649 960 ad
674 897 888 984 frangendam
904 899 1156 963 contumaciam:
1178 899 1325 982 imposita
1342 897 1428 962 enim
1448 897 1490 960 ad

306 1029 429 1088 certum
453 1028 579 1108 tempus
602 1023 641 1086 ob
665 1023 792 1107 aliquod
826 1025 949 1089 crimen
978 1025 1039 1088 iam
1067 1027 1276 1110 praeteritum
1306 1030 1354 1090 est
1379 1025 1492 1109 potius

305 1167 408 1231 poena
430 1147 633 1218 vindicativa,
659 1148 710 1212 vel
738 1151 764 1212 si
792 1149 974 1233 imponatur
998 1149 1037 1212 ob
1062 1149 1199 1232 aliquem
1224 1147 1385 1212 defectum
1410 1168 1488 1212 cor—

305 1273 392 1357 poris
416 1277 464 1336 est
486 1273 624 1357 simplex
640 1274 788 1356 privatio,
813 1273 913 1338 veluti
937 1274 1178 1360 incantantes
1196 1293 1241 1338 eoo
1257 1272 1401 1354 defectu,
1419 1292 1488 1336 non

305 1415 408 1480 poene
431 1415 535 1480 neque
558 1415 697 1460 censura
713 1395 768 1480 (l).

351 1553 353 1560 v
396 1521 469 1586 155.
495 1522 626 1585 llemum
651 1520 828 1586 huiusmodi
853 1523 1069 1606 suspensionis
1096 1540 1244 1592 censura
1269 1520 1309 1585 ab
1338 1519 1488 1584 omnibus

305 1646 356 1710 vel
380 1645 419 1710 ab
442 1646 600 1730 aliquibus
624 1652 747 1711 tantum
772 1647 894 1711 iuribus
919 1649 1084 1711 ministerii
1109 1652 1165 1711 eut
1188 1647 1353 1732 potestatis
1378 1646 1486 1710 eccle-

304 1772 452 1836 siastieae
476 1771 648 1856 prohibere
676 1777 791 1856 potest,
817 1773 966 1836 nimirum
992 1773 1043 1836 vel
1068 1771 1108 1837 ab
1132 1771 1236 1836 officio
1268 1778 1301 1836 et
1329 1769 1486 1836 beneficio

304 1916 368 1960 una
391 1897 493 1966 simul.
521 1897 572 1960 vel
604 1897 770 1962 dumtaxat
801 1897 840 1960 ab
864 1897 1031 1968 alterutro,
1056 1897 1107 1961 vel
1135 1899 1250 1982 partim
1278 1905 1334 1961 aut
1355 1897 1396 1961 ab
1419 1917 1486 1960 uno

303 2027 358 2086 aut
381 2021 421 2084 ab
444 2021 557 2092 altero,
576 2021 658 2086 unde
675 2024 841 2105 suspensio
865 2028 928 2086 est:
957 2045 974 2082 ‹
996 2021 1147 2088 Censura
1163 2042 1233 2106 qna
1249 2022 1392 2088 clericns
1405 2041 1484 2103 pro-

304 2145 435 2212 hibetur
458 2148 508 2212 uel
533 2147 569 2210 in
593 2151 699 2212 toturn
723 2148 774 2211 oet
794 2165 861 2229 pro
878 2153 981 2228 porte
996 2147 1040 2212 ob
1056 2149 1217 2214 enercitio
1233 2147 1288 2211 sni
1303 2147 1484 2212 ministerii

304 2276 363 2334 unt
386 2271 530 2336 alicuius
549 2272 724 2353 potestatis
746 2270 809 2336 sibi
832 2273 1048 2354 competentis
1070 2272 1204 2338 ratione
1227 2271 1328 2356 officii
1351 2276 1412 2335 ant
1432 2270 1482 2334 lie-

302 2396 413 2480 neficii
423 2396 647 2487 ,ecclesiastici
662 2417 693 2458 ›.

394 2520 466 2586 156.
483 2519 695 2586 Ministerium
710 2521 862 2586 clericale
878 2522 960 2586 solet
973 2519 1068 2606 vulgo
1081 2521 1229 2606 officinm
1245 2521 1399 2607 appellari
1417 2523 1480 2584 cui.

390 2804 429 2872 (l)
449 2801 637 2856 Nihilominus
656 2805 683 2855 in
703 2803 796 2856 Consi.
814 2806 910 2872 Apost.
932 2804 1011 2856 Sedis
1035 2807 1222 2867 recensentur,
1242 2804 1315 2857 inter
1337 2819 1476 2857 censuras.

301 2911 494 2980 suspensiones
518 2905 592 2964 letae
610 2929 664 2980 per
684 2913 845 2975 triennium,
857 2929 910 2981 per
928 2929 1043 2976 annurn,
1059 2911 1092 2964 ed
1117 2913 1321 2981 beneplacitum
1342 2912 1367 2962 S.
1391 2911 1476 2962 Sedis.

302 3017 356 3070 lem
376 3018 554 3082 advertimus,
573 3018 773 3088 aliquantisper
792 3018 932 3072 discedere
946 3036 962 3070 a
976 3019 1089 3073 notione
1114 3034 1293 3073 censurarum
1322 3017 1475 3070 huiusmodi

300 3127 501 3193 suspensiones,
512 3126 559 3179 sed
572 3126 741 3180 advertimus
755 3141 808 3180 non
823 3142 901 3194 posse
916 3127 1006 3180 vocari
1028 3126 1139 3195 proprie
1158 3141 1264 3194 poenas
1285 3127 1475 3184 vindicatione,

302 3233 340 3285 uti
360 3231 470 3287 videtur
486 3233 594 3301 opinari
615 3231 795 3293 D'Annibale
817 3233 836 3298 l,
849 3232 910 3286 357.
926 3261 941 3272 -
961 3233 991 3285 ln
1012 3233 1192 3301 propositum,
1207 3232 1419 3300 profundissime
1433 3242 1474 3284 est

299 3340 501 3394 animadversio
514 3339 540 3392 S.
555 3339 723 3408 Alphonsi.-
743 3339 799 3402 Vll,
819 3339 870 3393 314
891 3370 905 3380 -
926 3323 1106 3404 advertentis,
1127 3341 1322 3409 suspensiones
1341 3339 1471 3395 eiusmodi

300 3447 346 3500 sed
366 3448 439 3501 lotae
458 3449 607 3502 seritenrine
627 3447 767 3500 habendas
786 3463 845 3502 esse
866 3464 915 3516 pro
934 3449 1066 3501 censuris.
1086 3448 1158 3502 Seue
1172 3447 1200 3499 io
1214 3452 1387 3504 aulecessum
1407 3447 1473 3498 irro

299 3558 382 3620 getae
395 3556 459 3605 sunt
472 3570 489 3606 a
502 3553 578 3622 lege;
598 3552 643 3607 lex
663 3551 825 3621 interpellet
844 3569 893 3621 pro
907 3553 1027 3617 homine,
1040 3558 1069 3607 et
1082 3570 1129 3606 eas
1142 3553 1291 3606 incurrunt
1303 3554 1349 3624 qui
1367 3551 1472 3608 easdem

299 3664 439 3727 spernunt.
461 3659 540 3713 Unde
559 3661 754 3714 determinatio
773 3662 904 3730 temporis
917 3667 960 3716 est
973 3661 1050 3732 quasi
1068 3664 1258 3728 occidemalis,
1272 3667 1302 3716 et
1314 3661 1472 3731 delinquens

299 3765 321 3818 si
342 3765 485 3832 resipiscat
504 3769 532 3818 et
551 3762 705 3819 satisfaciet
724 3766 815 3831 facile,
835 3773 900 3822 ante
919 3767 1044 3835 elapsum
1064 3767 1241 3836 praefinitum
1255 3773 1372 3836 tempus
1385 3769 1472 3835 potest

298 3869 412 3922 absolvi.
443 3868 491 3923 Del
520 3869 647 3936 Vecchio,
668 3871 767 3936 1,55u
788 3903 803 3911 -
824 3871 991 3938 Lehmlruhl,
1012 3873 1044 3938 ll,
1063 3871 1125 3936 901,
1145 3875 1202 3925 not
1224 3871 1247 3936 l,
1266 3871 1387 3926 advertit
1409 3885 1469 3922 eum

298 3979 482 4042 Tamburrini,
504 3979 544 4032 De
562 3997 634 4033 ceris.
656 3990 689 4032 tr.
709 3981 736 4045 2,
757 3999 778 4035 c.
801 3981 822 4046 l,
841 3999 869 4046 n,
888 3983 917 4046 3,
937 3982 965 4035 in
984 3981 1067 4034 dubio
1087 3997 1122 4034 eu
1140 3980 1285 4049 suspensio
1309 3981 1345 4032 sit
1358 3995 1469 4033 censure

297 4090 347 4140 eut
371 4101 474 4153 poena,
502 4087 580 4140 iuxta
608 4087 773 4156 principium
793 4119 808 4127 -
829 4091 892 4142 odiu
911 4099 974 4142 suot
996 4090 1191 4157 resninqenda
1211 4117 1224 4130 -
1244 4083 1467 4157 praesumendum

297 4210 356 4248 esse
375 4195 580 4262 suspensionem
595 4211 654 4248 esse
674 4213 817 4250 censuram
832 4199 898 4267 quie
916 4197 968 4251 etsi
982 4197 1091 4250 violans
1104 4213 1248 4250 censuram
1262 4197 1329 4265 (non
1346 4195 1468 4264 poenam)

297 4303 346 4352 fiat
364 4300 536 4368 irregularis,
555 4306 647 4356 temen
667 4319 784 4356 censure
796 4303 912 4357 dicende
925 4309 968 4358 est
980 4305 1075 4358 mitior
1088 4305 1154 4374 quia
1168 4305 1352 4368 medicinalis,
1366 4307 1393 4355 et
1405 4299 1467 4369 quia

297 4409 460 4456 censurntus
479 4406 523 4457 ins
541 4406 621 4458 liobet
641 4413 670 4458 ut
691 4407 852 4460 absolvatur
871 4408 965 4460 statim
985 4425 1017 4460 ec
1038 4403 1191 4478 resipiscet.
1211 4405 1251 4461 Gi.
1271 4423 1357 4478 supro
1369 4425 1393 4458 n.
1410 4403 1466 4457 103.
