3302 5100
323 258 388 326 568
773 279 980 328 unnnnarosr
1004 281 1052 328 rv.

323 405 374 462 tes,
398 397 569 468 praelaudati
594 399 750 456 cardinalis
774 399 914 456 Praefecti
939 399 1073 466 consiliis,
1097 400 1291 470 dictorumque
1310 400 1501 456 consultorum

322 506 395 559 rotis
413 503 590 570 inhaerendo,
609 504 679 560 haec
698 503 827 575 deinceps
846 505 980 560 servanda
999 507 1180 562 decernimus.

410 617 429 678 5
448 611 473 668 8.
493 613 562 666 Cum
581 611 771 684 Congregatio
783 613 884 668 lndicis
896 613 930 668 ad
943 613 1078 668 librorum
1091 629 1236 669 censuram
1249 615 1340 680 unice,
1353 619 1384 668 ut
1396 614 1503 670 dictum

322 723 380 786 est,
398 721 542 786 instituta,
563 737 617 776 non
641 721 682 776 ita
706 722 805 777 crebro
829 721 975 776 convocari
1000 721 1105 786 soleat,
1129 727 1161 776 nt
1185 722 1276 778 altera
1296 725 1387 776 sancti
1412 721 1504 776 Officii

323 823 523 894 Congregatio,
551 842 623 896 quae
649 827 685 880 ob
709 842 858 880 causarum
884 831 914 882 et
941 827 1122 896 negociorum
1148 825 1358 882 multitudinem
1382 825 1505 897 siugulis

320 930 500 986 hebdomadis
510 937 554 988 ter
563 932 659 988 haberi
670 933 825 997 consuevit,
836 932 913 989 illius
922 939 1069 1004 propterea
1082 935 1233 990 secretario
1246 933 1389 1004 peculiare
1402 951 1505 989 munus

322 1043 350 1092 et
369 1037 489 1092 officium
509 1038 660 1108 recipiendi
680 1039 812 1094 librorum
826 1039 1063 1104 denuntiationes,
1079 1041 1183 1094 utheri
1197 1041 1252 1094 iam
1267 1045 1332 1094 ante
1346 1041 1505 1106 consuevit,

320 1143 520 1198 committimus
537 1153 568 1199 et
579 1144 784 1200 demandamus.
800 1145 824 1200 le
837 1151 931 1201 autem
945 1162 962 1199 a
974 1144 1039 1199 libri
1052 1144 1177 1200 delatore
1191 1144 1421 1214 percunctabitur
1439 1145 1505 1198 dili·

321 1256 430 1320 genter,
449 1267 518 1322 quas
535 1253 571 1306 ob
591 1268 689 1306 causas
708 1251 788 1306 illum
809 1251 950 1322 prohiberi
970 1251 1103 1322 postulet,
1123 1255 1182 1306 tum
1201 1251 1304 1306 librum
1323 1251 1415 1321 ipsum
1427 1250 1504 1304 haud

322 1358 509 1424 perfunctorie
523 1356 675 1427 pervolvat,
690 1362 720 1413 ut
732 1357 766 1414 de
778 1359 939 1428 propositae
949 1359 1135 1414 accusationis
1144 1358 1326 1412 subsistentia
1335 1363 1505 1427 cognoscam

321 1465 428 1521 duobus
446 1467 531 1521 etiam
551 1467 579 1520 in
598 1483 660 1522 eam
680 1483 738 1544 rem
757 1467 890 1522 adhibitis
907 1467 1122 1533 consultoribus,
1140 1469 1176 1522 ab
1195 1469 1256 1537 ipso
1275 1469 1387 1538 praesia
1401 1469 1505 1522 summi

322 1573 475 1640 Pontificis,
493 1579 542 1628 aut
560 1573 716 1630 Gardiualis
734 1575 884 1640 Praefecti,
905 1574 949 1631 vel
969 1576 1030 1631 eius
1048 1577 1096 1647 qui
1116 1576 1255 1632 Praefecti
1274 1577 1350 1631 vices
1373 1575 1505 1646 supplet.

321 1681 521 1750 approbatione
539 1680 690 1752 eligendis:
710 1699 828 1754 quorum
847 1683 952 1738 collato
970 1683 1097 1748 consilio,
1118 1683 1140 1738 si
1160 1683 1233 1738 liber
1251 1699 1369 1754 censura
1388 1688 1419 1737 et
1438 1688 1505 1738 nota

321 1787 422 1857 dignus
440 1787 575 1854 videatur,
595 1805 666 1842 unus
683 1788 787 1860 aliquis
805 1789 911 1846 relator
929 1790 963 1844 ad
982 1789 1126 1846 ferendum
1138 1789 1172 1845 de
1184 1807 1219 1845 eo
1231 1789 1363 1844 iudicium
1377 1789 1505 1853 idoneus,

322 1893 399 1950 illius
419 1912 517 1966 nempe
536 1896 689 1962 facultatis,
707 1896 808 1968 deque
824 1897 854 1951 in
867 1896 940 1952 libro
952 1898 1057 1967 agitur,
1069 1899 1184 1966 peritus,
1197 1897 1304 1964 eadem,
1316 1913 1401 1968 quam
1415 1914 1505 1967 nuper

322 2004 471 2070 innuimus,
492 2005 599 2060 ratione
617 2003 763 2074 eligendus
782 2005 845 2070 erit,
864 2006 911 2075 qui
930 2006 1035 2075 scripto
1053 2005 1159 2059 referat
1170 2005 1426 2060 animadversiones
1439 2021 1505 2058 snas

322 2107 462 2162 adnotatis
480 2107 589 2177 paginis
607 2109 832 2179 quibus-singula
845 2109 880 2163 ab
894 2111 955 2179 ipso
973 2107 1143 2178 reprehensa
1158 2109 1345 2163 continentur.
1358 2107 1413 2164 Sed
1426 2113 1506 2163 ante-

322 2229 404 2284 quam
418 2213 478 2268 eius
491 2229 608 2268 censura
621 2215 655 2268 ad
667 2213 857 2270 Cardinalium
871 2215 1124 2296 Congregationem
1136 2215 1251 2280 feratur,
1263 2213 1361 2268 haberi
1373 2213 1504 2268 volumus

321 2319 459 2389 privatam
477 2320 667 2375 consultorum
686 2323 943 2392 congregationem,
961 2337 1045 2392 quem
1062 2321 1133 2376 olim
1152 2321 1274 2376 Parrum
1293 2321 1434 2386 dixerunt,
1453 2337 1504 2374 nos

320 2430 414 2481 autem
426 2427 674 2498 fhaspnrnmriam
684 2428 851 2494 vocabimus,
863 2433 895 2482 ut
907 2415 1037 2482 relatoris
1049 2426 1338 2483 animadversionibus
1350 2426 1385 2480 ad
1399 2427 1501 2482 librum

322 2531 439 2600 collatis,
459 2534 492 2589 de
511 2549 607 2588 aarum
632 2534 752 2604 pondere
777 2533 910 2588 iudicium
934 2535 992 2588 fiat.
1017 2532 1182 2588 Huiusmodi
1206 2533 1392 2602 congregatio
1413 2531 1500 2588 mmet

320 2642 434 2698 omnino
452 2641 571 2711 singulis
590 2643 738 2710 mensibus,
759 2649 809 2697 aut
828 2643 913 2696 etiam
932 2643 1052 2713 saepius,
1070 2641 1093 2695 si
1112 2641 1276 2710 oportuerit,
1295 2640 1330 2694 ab
1350 2641 1411 2709 ipso
1430 2637 1501 2694 Gon·

320 2748 493 2818 gregationis
512 2748 664 2802 secretario
683 2746 861 2802 convocanda
879 2747 943 2812 erit,
962 2746 1008 2801 vel
1026 2747 1056 2800 in
1073 2747 1131 2800 suis
1150 2744 1296 2810 cubiculis,
1310 2743 1356 2798 vel
1368 2749 1501 2814 opportu-

320 2857 408 2920 niore,
428 2861 460 2911 ut
478 2858 531 2927 ipsi
550 2857 700 2923 videbitur,
719 2856 790 2922 loeo,
810 2857 885 2910 intra
904 2855 1038 2926 praedicti
1057 2855 1184 2910 coenobii
1203 2855 1294 2918 aedes,
1314 2854 1362 2907 ubi
1382 2853 1407 2906 is
1428 2868 1501 2907 oom-

320 2966 452 3017 moratur.
464 2963 552 3034 Eique
561 2979 670 3032 semper
682 2963 811 3018 intererit
824 2963 958 3032 magister
970 2961 1042 3015 sacri
1056 2960 1152 3030 palatii
1166 2975 1217 3030 pro
1230 2965 1356 3029 tempore
1368 2959 1499 3020 eaistens,

321 3085 376 3122 una
394 3085 456 3123 cum
475 3085 524 3124 sex
542 3068 606 3123 aliis
625 3084 775 3124 enumero
793 3067 999 3133 consultorum,
1018 3066 1137 3136 singulis
1155 3067 1272 3130 vicibus,
1294 3081 1345 3134 pro
1361 3063 1499 3134 qualitate

320 3177 487 3246 argumenti,
505 3182 535 3232 et
553 3177 696 3242 materiae,
715 3175 749 3231 de
767 3192 823 3247 qua
840 3174 1035 3244 disputandum
1055 3175 1118 3239 erit,
1137 3177 1168 3227 ut
1180 3189 1265 3242 snpra
1277 3172 1311 3227 de
1325 3171 1422 3242 primis
1435 3171 1500 3226 dno·

320 3281 371 3334 bus
389 3280 604 3344 consultoribus,
624 3285 652 3336 et
670 3280 704 3335 de
723 3279 844 3334 relatore
864 3278 1048 3333 constitutum
1058 3279 1146 3368 pata
1169 3277 1323 3330 secretario
1347 3274 1499 3342 eligendis:

321 3392 431 3456 praeter
442 3389 625 3443 secretarium
638 3387 735 3457 ipsum,
745 3387 826 3440 cuius
836 3390 929 3455 partes
939 3390 1023 3441 amnt
1032 3359 1062 3438 in
1072 3383 1183 3438 tabulas
1193 3385 1298 3439 referre
1308 3381 1499 3437 consultorum

319 3496 482 3560 sententiaa,
500 3511 569 3566 quas
587 3493 685 3550 deinde
704 3494 739 3548 ad
758 3493 1006 3562 congregationem
1025 3490 1215 3547 cardinalium
1235 3491 1340 3554 mittet,
1352 3507 1416 3544 cum
1429 3488 1500 3544 rela-

320 3603 390 3656 toris
409 3619 534 3658 censura.
553 3603 583 3656 ln
603 3601 728 3671 generali
747 3601 858 3656 demum
876 3601 1096 3670 congregatione
1114 3599 1209 3654 omnia
1228 3597 1277 3653 illa
1296 3597 1403 3652 serrmi
1416 3596 1500 3652 debe-

320 3711 404 3775 bunt,
422 3726 493 3780 quae
518 3710 645 3779 superius
669 3713 776 3764 statuta
800 3713 866 3763 snut
892 3724 941 3778 pro
966 3708 1185 3777 congregatione
1208 3706 1298 3760 uncti
1317 3705 1407 3758 Officii
1426 3705 1500 3758 circa

319 3815 455 3870 librorum
474 3832 600 3871 examen.
620 3819 660 3870 Ac
680 3814 911 3886 quemadmodum
929 3813 963 3868 ad
982 3815 1158 3869 Assessoram
1171 3813 1261 3867 sancti
1275 3811 1365 3866 Officii
1379 3809 1501 3880 pertinet

319 3923 353 3978 de
377 3924 448 3978 actis
472 3923 502 3977 in
521 3922 745 3992 Congregatione
771 3938 909 3976 summum
934 3921 1101 3976 Pontificem
1125 3925 1233 3974 certum
1256 3919 1388 3982 redderes
1407 3917 1448 3972 ita
1467 3917 1500 3970 ad

319 4031 501 4085 secretarium
520 4029 753 4099 Congregationis
772 4027 873 4083 indicis
891 4027 1039 4098 spectabit,
1054 4027 1165 4098 quoties
1177 4025 1247 4081 haec
1261 4025 1363 4080 librum
1376 4024 1499 4096 aliquem

322 4137 546 4206 proscribendum
565 4143 615 4190 aut
633 4135 834 4191 emendandum
853 4135 1007 4200 censuerit,
1032 4133 1156 4189 eiusdem
1181 4133 1327 4187 Pontificis
1348 4147 1501 4193 amaneum,

321 4244 434 4313 praevia
453 4243 580 4312 diligenti
600 4248 725 4298 actorum
744 4243 867 4296 omnium
888 4239 1033 4306 relatione,
1052 4240 1208 4310 exquirere.

409 4358 427 4419 5
445 4353 471 4408 9.
490 4353 626 4414 Quoniam
645 4368 712 4407 vero
730 4353 759 4404 in
778 4350 1003 4420 Congregatione
1023 4347 1123 4404 Indicia
1135 4348 1170 4404 de
1182 4349 1243 4403 sola
1256 4348 1392 4404 librorum
1405 4347 1501 4418 prohi-
