3302 5100
555 848 865 941 Annnennun
897 847 956 942 V.

528 1258 647 1324 PIUS
681 1255 978 1323 EPISOOPUS

557 1401 685 1450 snuvus
702 1401 881 1449 sanvonun
897 1400 956 1448 nat

465 1527 509 1573 nn
533 1526 739 1574 rannerunu
762 1525 820 1572 ner
844 1525 1039 1573 unuoruau.

255 1717 433 1786 Apostolicae
461 1718 539 1773 Sedis
566 1717 749 1774 moderationi
778 1717 918 1784 convenit,
944 1732 1015 1786 quae
1040 1715 1191 1772 salubriter
1215 1722 1342 1773 ueterum

165 1838 301 1876 canonum
321 1823 489 1878 auctoritate
508 1823 661 1877 constituta
679 1827 753 1887 sunt,
772 1821 812 1875 sic
830 1821 962 1887 retinere,
975 1824 1014 1887 nt,
1027 1821 1050 1876 si
1064 1825 1220 1892 temporum
1234 1837 1342 1877 rerum·

163 1949 217 2002 que
236 1933 355 1986 mutatio
374 1932 514 2004 quidpiam
534 1948 593 1987 esse
613 1931 823 2000 temperandum
843 1930 972 2000 prudenti
991 1931 1198 2001 dispensatione
1218 1931 1342 1996 suadeat,

163 2038 267 2095 Eadem
285 2039 448 2110 Apostolica
466 2039 549 2095 Sedes
568 2055 721 2108 congruum
735 2055 879 2109 supremae
893 2055 959 2093 suae
973 2039 1121 2108 potestatis
1141 2038 1292 2095 remedium
1306 2055 1340 2092 ac

163 2146 366 2216 providentiam
385 2147 534 2216 impendat.
556 2147 739 2208 Quamobrem
759 2163 821 2200 cum
841 2145 934 2200 animo
953 2144 1055 2200 Nostro
1074 2145 1237 2218 iampridem
1251 2145 1344 2201 revol-

162 2269 298 2320 veremus,
316 2253 520 2308 ecclesiasticas
539 2270 678 2319 censuras,
697 2270 768 2324 quae
788 2270 838 2324 per
856 2253 967 2308 modum
986 2253 1061 2308 latae
1080 2255 1246 2320 sententiae,
1265 2253 1340 2323 ipso·

164 2377 218 2430 que
236 2361 311 2414 lacto
329 2360 511 2416 incurrendae
533 2362 566 2414 ad
591 2361 814 2416 incolumitatem
834 2377 867 2414 ac
886 2359 1061 2430 disciplinam
1086 2360 1174 2429 ipsius
1198 2359 1342 2415 Ecclesiae

57 2542 61 2548 1
162 2467 316 2532 tutandam,
330 2467 517 2538 effrenemque
531 2467 720 2536 improborum
739 2467 881 2521 licentiam
901 2466 1082 2521 coercendam
1099 2470 1131 2540 pt
1143 2466 1341 2544 emendandam
1418 2470 1421 2476 '

164 2577 261 2627 sancte
279 2590 329 2643 per
353 2573 478 2642 singulas
502 2578 610 2629 aetates
634 2574 755 2629 indictae
780 2591 813 2628 ac
838 2573 1032 2644 promulgatae
1057 2578 1130 2638 eunt,
1150 2590 1281 2644 magnum
1308 2573 1342 2627 ad

164 2695 310 2734 numerum
324 2681 426 2734 sensim
441 2682 608 2746 excreviss03
621 2684 754 2752 quasdam
768 2681 862 2748 etiam,
878 2682 1051 2752 temporibus
1064 2682 1241 2752 moribusque
1251 2686 1342 2736 muta-

164 2783 209 2848 tis,
228 2800 245 2836 a
263 2785 319 2838 fine
337 2789 421 2856 atque
441 2786 539 2852 causis,
559 2787 594 2840 ob
614 2802 682 2856 ques
702 2785 849 2854 impositae
874 2786 996 2850 fuerant,
1015 2784 1060 2839 uel
1079 2801 1096 2838 a
1115 2785 1233 2853 pristina
1259 2784 1340 2839 utili-

164 2893 223 2945 tate
241 2895 326 2962 atque
344 2893 553 2961 opportunitate
573 2893 723 2957 excidiss03
737 2909 853 2963 eamque
872 2893 908 2945 ob
927 2909 985 2946 rem
999 2907 1054 2946 non
1067 2892 1258 2962 infrequentes
1271 2894 1340 2946 oriri

164 2997 222 3052 sive
241 2998 270 3052 in
288 2999 331 3064 iis,
351 3000 451 3069 quibus
476 3001 630 3053 animarum
657 3015 724 3053 cura
749 2999 896 3053 commissa
915 3003 966 3064 est,
985 2997 1092 3053 sivein
1118 2999 1186 3068 ipsis
1212 2998 1341 3054 fidelibus

163 3104 329 3170 dubietates,
348 3107 513 3172 anxietates,
533 3123 706 3177 auguresque
726 3107 927 3170 conscientiae;
948 3105 1004 3159 Nos
1023 3105 1159 3160 eiusmodi
1184 3106 1340 3160 incommo-

162 3208 204 3263 dis
229 3227 375 3267 occurrere
400 3211 540 3278 volentes,
566 3211 677 3281 plenam
701 3211 851 3267 earrrndem
882 3212 1073 3266 recensionem
1098 3213 1175 3278 ficri,
1200 3212 1341 3281 Nobisque

162 3317 279 3386 proponi
298 3317 437 3383 iussimus,
451 3321 490 3382 ut,
503 3316 631 3386 diligenti
651 3315 776 3371 adhibita
795 3317 1027 3383 consideratione,
1046 3322 1244 3382 statueremus,
1260 3333 1343 3388 quas·

163 3438 227 3476 nam
246 3439 281 3478 ex
300 3423 357 3477 illis
375 3441 486 3479 servare
505 3441 538 3478 ac
557 3424 679 3478 retinere
697 3427 848 3492 oporteret,
864 3440 933 3494 quas
951 3440 1018 3478 vero
1037 3424 1173 3478 moderari
1193 3428 1244 3477 aut
1261 3424 1342 3477 abro-

163 3547 231 3599 gare
250 3535 425 3600 congrueret.
440 3531 481 3584 Ea
499 3531 586 3601 igitur
605 3531 765 3588 recensione
791 3537 913 3600 peracta,
924 3548 955 3585 ac
969 3531 1183 3586 Venerabilibus
1195 3529 1341 3585 Fratribus

163 3632 272 3689 Nostris
290 3635 315 3688 S.
336 3636 368 3689 R.
390 3637 419 3689 n.
440 3631 635 3691 cardinalibus
653 3638 683 3690 in
701 3637 823 3707 negotiis
837 3637 914 3692 Fidei
931 3636 1115 3692 Generalibus
1128 3635 1341 3706 Inquisitoribus

163 3753 212 3805 per
230 3737 388 3793 universam
407 3713 593 3794 Christianam
612 3740 824 3810 Rempublicam
843 3739 983 3809 deputatis
1001 3739 1031 3793 in
1049 3737 1197 3793 consilium
1216 3736 1340 3802 adscitis,

162 3861 248 3916 reque
267 3847 313 3901 diu
333 3865 365 3900 ac
384 3853 493 3903 mature
506 3865 650 3918 perpensa,
669 3853 746 3903 motu
766 3849 886 3919 proprio,
907 3851 985 3902 certa
1004 3846 1131 3913 scientia,
1143 3849 1255 3901 matura
1272 3843 1341 3899 deli·

162 3951 307 4006 beratione
326 3951 437 4018 Nostra,
456 3953 543 4024 deque
563 3953 742 4024 Apostolicae
767 3953 886 4007 Nostrae
912 3952 1059 4022 potestatis
1078 3951 1262 4021 plenitudine,
1287 3949 1340 4004 hac

161 4062 297 4128 perpetuo
316 4058 438 4112 valitura
457 4059 662 4114 Constitutione
681 4060 863 4125 deceruimus,
877 4063 908 4113 ut
927 4075 962 4113 ex
980 4059 1201 4129 quibuscumque
1214 4057 1339 4112 censuris

162 4165 221 4222 sive
240 4166 545 4235 excommunicationis,
558 4169 617 4222 sive
636 4167 832 4236 suspensionis,
846 4167 904 4221 sive
918 4165 1069 4232 interdicti,
1084 4181 1155 4236 quae
1166 4181 1215 4234 per
1228 4163 1339 4216 niodum

161 4269 237 4327 latae
255 4273 421 4340 sententiae,
440 4273 555 4343 ipsoque
573 4274 647 4327 facto
666 4273 849 4327 incurrendae
868 4270 1003 4326 hactenus
1021 4269 1169 4340 impositae
1187 4276 1260 4336 erint,
1273 4285 1341 4322 non·

161 4379 214 4434 nisi
233 4379 310 4447 illae,
329 4397 398 4450 quae
417 4381 446 4434 iu
465 4379 517 4434 hac
531 4383 592 4452 ipsa
604 4381 809 4438 Constitutione
824 4380 980 4447 inserimus,
993 4397 1080 4450 eoque
1094 4380 1184 4446 modo,
1197 4395 1252 4451 quo
1265 4379 1340 4433 inse·

306 4541 366 4596 Suc.
387 4543 463 4613 Lapa
1198 4541 1233 4595 37
