3266 5102
527 305 570 350 on
595 304 748 351 ouurcrrs
771 305 814 350 nr
837 304 957 351 eonius
1270 283 1335 348 119

151 426 230 512 quid
247 427 401 508 odiosum,
418 428 543 512 quippe,
561 426 730 512 inprimis,
747 427 844 492 insert
862 425 997 492 alicuius
1020 424 1093 490 boni
1110 426 1334 511 privationem

150 551 233 616 odia
256 570 337 616 vero
360 555 491 633 oportet
512 550 684 636 restrinqi,
702 551 829 624 clamat,
846 552 914 636 ipsa
939 551 1023 614 ratio
1047 551 1213 615 naturalis.
1230 587 1247 598 -
1265 551 1334 614 Ve-

152 695 227 740 rum
250 695 373 760 poenae
393 677 453 740 etsi
477 676 659 740 severiores
675 673 721 762 (1)
738 675 929 740 ordinantur
946 675 982 740 in
1008 674 1135 741 bonum
1152 675 1333 746 societatis,

151 800 308 882 quocirca
323 801 350 864 si
372 798 539 882 legislator
562 799 647 864 dicat
670 806 795 865 certam
811 799 915 884 legem
942 798 1111 883 poenalem
1126 799 1193 863 frui
1214 797 1336 881 favore

151 921 250 994 iuris,
275 921 338 987 boo
362 921 527 988 decretum
550 943 615 988 non
639 929 688 988 est
710 924 853 988 alienum
886 943 906 986 a
933 929 1051 987 natura
1082 923 1165 1008 legis
1191 921 1336 1008 poenalis

151 1053 186 1114 et
207 1047 286 1112 hinc
310 1049 344 1112 in
368 1049 440 1112 soro
463 1047 653 1134 applicanda
676 1053 726 1114 est
749 1048 930 1114 huiusmodi
953 1049 1009 1114 lex
1037 1049 1126 1132 quasi
1147 1045 1336 1111 favorabilis

153 1191 273 1257 nempe
296 1171 336 1237 ob
361 1171 486 1239 bonum
510 1174 683 1238 universae
705 1173 884 1246 societatis;
910 1161 1020 1259 prouti
1044 1193 1087 1238 ex
1105 1171 1337 1238 cousuetudine

151 1303 186 1360 et
208 1296 350 1361 inanime
374 1316 417 1362 ex
440 1300 598 1362 communi
625 1297 688 1362 DD.
714 1279 983 1382 interpretatione
1006 1297 1126 1364 sactum
1151 1302 1200 1362 est
1219 1297 1261 1362 de
1275 1317 1335 1362 ex·

153 1419 461 1488 communicatione
480 1421 649 1502 Canonis5
671 1425 748 1487 tunc
768 1419 802 1484 in
826 1419 1015 1506 poenalibus
1039 1421 1134 1486 etiarn
1159 1421 1255 1484 latior
1279 1420 1333 1485 ad·
1429 1495 1433 1504 Ι

152 1546 292 1609 mittitur
315 1545 551 1629 interpretatio.

244 1669 296 1732 Ex
309 1669 423 1754 regula
438 1671 600 1734 communi
619 1667 818 1734 D'Annibale
831 1667 868 1754 (1,
885 1669 960 1748 304,
974 1674 1039 1736 not.
1053 1667 1086 1754 5)
1100 1669 1183 1734 haec
1199 1667 1336 1734 deducit:

152 1813 171 1854 ‹
191 1793 306 1876 ltaque
329 1813 451 1877 poenae
467 1815 497 1856 v.
515 1815 545 1880 g.
563 1801 699 1860 statutae
722 1794 878 1860 adversus
897 1793 1098 1864 simoniacos,
1114 1793 1168 1858 vel
1184 1793 1336 1876 bigamos,

151 1919 355 1983 coercendae
378 1925 453 1983 sunt
475 1919 514 1984 ad
540 1939 614 1986 reos
637 1921 793 1985 simoniae
816 1921 896 1984 iuris
919 1919 1035 1991 divini,
1061 1925 1094 1984 et
1123 1919 1162 1985 ad
1193 1917 1337 2004 bigamos

151 2063 260 2108 veros.
285 2043 463 2109 Interdicta
481 2045 661 2127 parochia,
679 2045 864 2129 parochiam
888 2046 1040 2129 accipere
1062 2043 1214 2110 debemus
1237 2043 1338 2109 eccle·

152 2169 231 2233 siam
248 2167 478 2252 parochialem,
496 2189 559 2233 non
577 2171 787 2234 territorium.
805 2168 1074 2256 suspensionibus
1089 2170 1127 2234 in
1142 2171 1234 2234 mole
1249 2170 1337 2236 ordi·

150 2297 251 2357 notos
274 2311 339 2355 non
364 2291 530 2358 subiacent
555 2293 720 2378 Episcopi,
745 2296 861 2380 quippe
886 2313 951 2358 non
975 2293 1120 2362 ordinari
1145 2294 1201 2359 sed
1228 2313 1338 2360 conse-

151 2417 246 2481 crari
279 2415 447 2482 dicuntur:
472 2425 504 2482 et
536 2437 675 2482 censura
700 2438 762 2501 qua
785 2440 828 2484 ex
854 2421 888 2486 0.
915 2419 942 2483 Ι.
967 2419 1016 2484 De
1040 2423 1122 2484 sent.
1146 2424 1177 2484 et
1203 2439 1243 2484 re
1265 2419 1336 2484 iud.

151 2539 302 2604 irretitur
324 2541 352 2603 is
375 2541 428 2624 qui
454 2547 589 2607 exercet
612 2541 758 2607 ordinem
784 2539 948 2628 (sacrum),
973 2563 1038 2606 non
1061 2546 1152 2607 tenet
1174 2543 1226 2626 qui
1248 2542 1337 2606 illum

149 2669 287 2729 exercet
310 2666 342 2728 in
366 2666 435 2750 ipsa
460 2665 584 2732 ordinis
607 2669 819 2751 susceptione,
842 2667 916 2750 quia
940 2667 1132 2732 exercitium
1156 2665 1337 2730 huiusmodi

149 2790 243 2870 quasi
266 2809 343 2872 pars
366 2790 580 2856 ordinationis
604 2791 842 2876 intelligitur».

240 2913 294 2976 77.
320 2914 470 2998 Aliquam
498 2915 663 2981 iacessunt
685 2913 906 2982 difficultatem
933 2919 1095 3000 postrema
1118 2913 1220 2980 verba
1243 2914 1337 2980 relati

150 3039 260 3100 textus
283 3036 421 3113 Suarez;
448 3057 563 3126 nempe
588 3045 637 3104 est
660 3040 769 3104 odiosa
795 3041 884 3106 «lem
899 3023 1097 3106 emorbitans
1112 3059 1135 3104 a
1149 3039 1225 3104 iure
1248 3039 1337 3103 anti-

150 3179 218 3243 quo
242 3161 295 3226 vel
318 3181 341 3226 a
364 3164 541 3229 communi
563 3165 639 3230 iure
662 3169 723 3230 aut
745 3165 795 3230 itti
817 3165 999 3251 deropans,
1024 3166 1075 3230 vet
1104 3164 1255 3228 limitans
1278 3169 1337 3228 aut

152 3285 329 3371 compens
347 3287 480 3354 illudet
495 3307 518 3352 a
538 3289 676 3370 fortiori
691 3291 750 3355 lem
762 3290 933 3372 posterior
943 3291 1101 3373 priorem
1117 3288 1289 3374 obrepens
1306 3307 1336 3350 s.

151 3411 195 3473 Et
217 3410 299 3476 haec
322 3411 423 3476 verba
454 3413 548 3497 plura
579 3415 715 3479 miscent
738 3433 842 3498 neque
866 3416 944 3480 satis
975 3420 1051 3480 sunt
1081 3415 1260 3498 perspicua.
1283 3412 1337 3500 Ad

148 3539 401 3638 Qqqstram
415 3538 522 3622 potior
545 3540 688 3624 quaestio
713 3539 795 3606 haec
819 3544 886 3604 est:
902 3539 930 3608 si
946 3538 1001 3604 lex
1025 3539 1212 3610 exorbitans
1230 3557 1250 3606 a
1265 3539 1337 3607 iure

150 3661 645 3747 Qffliutmitior
659 3667 771 3742 uetere
783 3663 899 3748 lgeesi
915 3663 969 3726 lex
986 3662 1148 3752 demgaps
1168 3660 1338 3756 aEQd'l‘l'

150 3801 242 3874 gaus
261 3785 626 3876 respeteipqqderogatt
642 3787 694 3851 vel
712 3787 869 3872 abrogata
883 3788 924 3856 sit
942 3788 1062 3866 mitior,
1080 3785 1240 3851 debentne
1255 3787 1337 3849 istae

153 3906 268 4000 baberi
280 3909 326 3994 uti
340 3909 478 3988 odiosae
490 3915 527 3994 et
535 3913 666 3975 strictae
684 3912 970 3998 interpretationis,
989 3913 1020 3975 in
1035 3911 1130 3975 dubio
1143 3931 1184 3974 an
1201 3930 1337 3994 poenam

159 3989 242 4020 μιν
974 3991 1117 4014 -·--....

241 4206 283 4274 (l)
304 4207 366 4262 Huc
392 4209 516 4278 pertinet
543 4211 670 4265 doctrina
694 4211 834 4280 explicata
858 4229 876 4265 a
904 4212 1021 4277 suarez,
1047 4212 1065 4264 l.
1092 4212 1138 4264 cit.
1163 4230 1190 4264 n.
1221 4211 1258 4276 6,-
1283 4227 1338 4280 qua

149 4315 251 4382 probat
269 4313 363 4383 legem
382 4315 527 4384 poenalem
550 4333 668 4388 semper,
681 4320 731 4372 sub
751 4323 828 4373 certo
842 4321 964 4388 aspectu,
985 4317 1082 4372 baberi
1102 4317 1297 4384 favorabilem
1310 4321 1339 4386 et

150 4417 312 4490 aliquando,
328 4437 363 4474 ex
382 4420 527 4490 adiunctis,
550 4422 704 4480 habendam
725 4441 785 4480 esse
798 4425 888 4494 magis
905 4425 1092 4494 fauorabilem
1110 4441 1193 4495 quam
1206 4425 1337 4478 odiosam.
