3266 5102
318 285 383 352 160
837 303 923 352 psas
946 303 969 349 1.

318 428 390 494 dari
413 433 517 514 potest
540 428 669 494 abseati
684 447 743 514 per
758 429 880 497 literas,
896 447 956 524 per
971 429 1135 514 nuncium,
1152 447 1212 513 per
1233 433 1499 514 procuratorem

317 574 414 639 quum
446 557 552 618 autem
584 529 786 638 dispensatur
808 552 863 617 uel
893 550 1071 616 absolvitur
1098 552 1132 615 in
1158 552 1230 616 toro
1254 553 1383 616 interno
1419 555 1500 615 tuuc

317 679 482 746 ordinarie
501 677 677 761 praesenti
693 675 763 742 dari
780 676 884 742 debet.
902 675 1059 760 Equidem
1075 677 1101 740 si
1118 675 1284 750 absolutio,
1301 681 1358 740 aut
1373 675 1500 760 dispeu-

317 806 397 872 satio
421 802 555 869 concedi
579 802 717 868 debeant
728 803 762 866 in
777 802 850 867 soro
873 801 1116 868 sacramentali
1137 821 1203 866 non
1219 805 1325 887 potest
1348 801 1420 866 dari
1436 803 1501 868 nisi

317 927 490 1011 praesenti,
516 925 570 990 sed
607 931 767 1010 quaeruut
790 927 855 990 DD.
880 946 922 990 an
945 926 971 990 si
994 924 1180 991 absolvatur
1209 925 1263 990 vel
1294 924 1501 1010 dispensetur

316 1051 351 1114 in
374 1050 446 1115 foro
469 1053 595 1116 tantum
618 1051 841 1117 conscientiae
865 1071 922 1116 seu
937 1055 1034 1116 extra
1057 1050 1291 1116 confessionem
1313 1051 1414 1136 possit
1428 1049 1501 1114 dari

317 1174 484 1248 absolutio,
510 1173 715 1260 dispensatio,
750 1177 846 1240 etiarn
878 1175 1012 1248 absenti,
1044 1176 1158 1242 saltem
1188 1176 1296 1259 aliqua
1326 1174 1366 1240 de
1389 1193 1500 1238 eausa.

317 1297 400 1363 Puto
423 1293 652 1363 affirmativam
684 1303 877 1364 sententiam
899 1319 1013 1365 veram
1037 1320 1107 1365 esse
1131 1300 1206 1386 quia
1228 1299 1373 1364 clausula
1398 1317 1503 1380 «pro

317 1423 395 1507 soro
420 1423 677 1490 conscientiae»
703 1423 806 1489 tendit
828 1424 869 1490 ad
892 1423 1152 1491 determinandos
1175 1421 1309 1492 effeetus
1333 1424 1502 1510 dispeusa-

318 1547 414 1612 tionis
437 1550 470 1611 et
491 1544 699 1610 absolutionis
729 1567 788 1632 pro
819 1547 892 1612 foro
923 1549 1068 1624 interno;
1096 1567 1161 1613 uon
1191 1567 1270 1612 vero
1302 1547 1503 1612 determinat

318 1668 466 1735 modum:
490 1669 609 1734 Suarez
633 1675 666 1734 et
689 1668 834 1734 Sanehez
858 1668 944 1734 hano
969 1674 1080 1736 tenent
1102 1671 1295 1736 sententiam
1314 1669 1360 1734 uti
1384 1667 1503 1734 videre

319 1801 369 1864 est
383 1796 467 1881 apud
485 1796 699 1860 Thesaaram
714 1815 732 1858 e
745 1795 796 1860 De
810 1794 936 1861 Poenis
949 1815 966 1860 >
980 1794 1001 1859 l.
1015 1796 1067 1860 cit.
1088 1795 1212 1861 Tertia,
1228 1831 1245 1843 -
1261 1795 1352 1859 Haeo
1366 1799 1416 1860 est
1430 1815 1503 1860 sen·

318 1920 420 1984 tentia
443 1923 512 1984 tuta
528 1939 586 2004 pro
610 1920 706 2004 praxi
722 1922 755 1983 et
769 1918 971 2002 frequentari
989 1927 1095 2005 potest
1118 1921 1201 1986 iusta
1216 1919 1256 1984 de
1279 1939 1387 1988 causa
1407 1939 1502 2005 prae-

319 2042 431 2108 sertim
454 2061 513 2125 pro
537 2039 825 2124 dispensationibus
848 2059 930 2124 quae
945 2041 1050 2106 minus
1073 2041 1222 2107 redolent
1244 2039 1384 2106 indolem
1409 2041 1503 2107 abso

317 2161 449 2227 tutionis
483 2162 727 2228 sacramentalis
750 2182 770 2226 a
793 2163 951 2247 peceatis;
984 2165 1116 2228 namin
1142 2163 1343 2230 absolutione
1378 2165 1502 2248 imper·

319 2288 428 2354 tieuda
459 2309 680 2362 censurarum,
709 2291 849 2354 maxime
875 2295 1053 2374 pensantur
1076 2290 1298 2376 dispositiones
1321 2290 1504 2356 voluntatis

320 2413 521 2488 absolvenda
546 2433 609 2479 non
634 2417 679 2478 ita
701 2413 783 2480 haee
807 2417 1017 2482 aestimantur
1040 2417 1074 2481 in
1097 2415 1318 2502 dispensandis
1341 2415 1479 2502 legibus.

435 2677 457 2758 g
484 2676 510 2740 l.
539 2675 686 2742 cainam
710 2682 877 2762 competat
900 2678 1099 2761 dispensare
1122 2681 1174 2746 vel
1197 2677 1379 2746 absolvere.

323 2884 539 2941 sommarium.
553 2915 589 2926 —
604 2886 662 2940 109.
673 2887 704 2940 ln
715 2887 811 2956 primis
821 2887 954 2959 distingui
966 2889 1066 2944 debent
1076 2906 1181 2960 poenae
1191 2889 1236 2946 vel
1249 2891 1339 2946 aiere
1350 2889 1440 2945 velab
1451 2893 1507 2946 bo-

411 2995 485 3046 mine
498 2991 582 3046 latae.
593 3021 631 3032 -
643 2992 703 3046 110.
717 2993 835 3054 Quinam
849 2993 989 3064 dispenset
1002 2993 1047 3049 vel
1060 2994 1188 3049 absolvat
1199 2995 1227 3049 in
1242 2997 1338 3066 poenis
1350 3013 1367 3049 a
1381 2997 1454 3052 iura.
1467 3026 1507 3039 -

414 3099 474 3154 111.
495 3098 636 3159 Quomodo
655 3099 782 3154 dicantur
792 3103 945 3156 abdomine
960 3102 1033 3156 latae
1042 3102 1076 3154 ad
1089 3103 1218 3157 effectum
1231 3103 1456 3172 dispensationis
1467 3133 1507 3146 -

414 3208 472 3262 lta
495 3207 678 3276 Explicantur
697 3209 888 3264 concessiones
906 3209 998 3264 sactae
1017 3227 1033 3262 a
1051 3210 1112 3264 iure
1127 3211 1265 3264 communi
1285 3210 1440 3266 Ordinariis
1463 3209 1508 3264 lo-

411 3330 506 3368 corum
519 3319 578 3368 tum
594 3314 684 3385 quoad
698 3331 800 3384 poenas
810 3315 1015 3386 dispensandas,
1025 3320 1085 3370 tum
1094 3315 1184 3387 quoad
1197 3332 1328 3370 censuras
1347 3325 1507 3371 reservatas

413 3419 492 3475 Rom.
504 3421 583 3474 Pont.
598 3419 801 3490 dispensandas.
812 3450 847 3463 -
860 3419 918 3476 113.
939 3422 989 3483 Qui
1004 3421 1163 3492 dispensare
1177 3422 1223 3477 vel
1239 3420 1384 3477 absolvere
1398 3427 1509 3492 potest,

410 3531 455 3585 val
469 3531 504 3584 ab
517 3547 573 3584 una
585 3545 683 3599 poena,
696 3531 762 3602 quin
775 3530 869 3596 aliam,
879 3530 1029 3600 dispensat,
1038 3529 1167 3596 absolvit,
1176 3529 1222 3585 uel
1235 3531 1508 3599 omnesdiepensare

411 3635 457 3690 vel
470 3635 615 3690 absolvere
628 3640 787 3705 competens
800 3641 851 3690 ast.
861 3665 895 3677 -
908 3637 966 3690 114.
978 3636 1087 3690 Poenae
1098 3636 1177 3706 lapsu
1188 3636 1258 3691 certi
1267 3637 1403 3706 temporis
1416 3637 1509 3692 resol-

410 3743 526 3807 vuntur3
546 3757 581 3794 en
598 3757 731 3796 censurae
747 3757 855 3810 semper
872 3741 1016 3811 indigeant
1034 3741 1217 3797 absolutione.
1232 3771 1270 3785 -
1285 3742 1341 3796 115.
1362 3741 1402 3796 De
1421 3741 1507 3796 abso·

411 3849 519 3904 lotione
535 3851 585 3904 sub
605 3866 695 3919 poena
714 3866 762 3905 seu
772 3850 930 3906 conditione
948 3853 1204 3907 retacidenu’ae.-
1215 3853 1273 3908 116.
1290 3852 1367 3908 Haec
1379 3852 1511 3908 conditio

411 3956 500 4028 quoad
531 3956 751 4026 dispensationes
779 3974 813 4011 ua
841 3958 964 4028 intelligi
991 3959 1102 4030 quidem
1131 3964 1231 4030 potest.
1262 3961 1307 4014 An
1330 3961 1512 4030 dispensatio

411 4062 507 4118 ualeat
531 4064 666 4119 revocari.
687 4093 721 4106 ·-
743 4063 802 4119 117.
823 4064 862 4119 De
882 4065 1061 4136 suspensione
1089 4075 1249 4137 poenarum.

415 4279 488 4344 109.
523 4279 641 4347 Habita
676 4281 801 4346 ratione
835 4281 969 4367 originis
1002 4282 1111 4368 legum
1144 4282 1341 4368 poenalium,
1374 4301 1515 4390 pfoenae

326 4402 566 4490 distinguuntur
589 4405 622 4470 in
645 4424 765 4489 poenas
788 4405 907 4482 aiere,
932 4409 965 4472 et
983 4425 1115 4489 poenas
1138 4405 1181 4472 ab
1205 4406 1349 4474 bomine.
1372 4407 1512 4472 Poenae
