3202 5104
463 291 504 336 os
529 289 685 336 osurcrrs
710 291 751 335 or
778 288 895 338 rosms
1200 271 1261 334 241

94 433 177 478 evoco
201 411 357 496 beneficio
381 414 601 497 acquiremlo,
625 420 661 478 act
686 414 819 480 collatio
844 413 874 477 ei
895 413 989 496 sacto
1020 416 1064 480 sit
1094 416 1167 498 ipso
1192 415 1279 482 iure

92 538 196 608 nullo,
220 537 280 602 sed
301 539 411 603 solum
435 543 471 604 ut
494 559 516 604 o
540 540 686 625 lepitimo
710 539 821 604 iudice
844 540 895 603 oct
918 541 1096 622 superiore
1118 541 1161 606 sit
1183 542 1267 606 invt-

93 661 217 742 lando;
241 679 323 726 nom
346 663 434 729 ratio
457 663 551 742 facto
576 685 617 728 ex
641 683 711 748 cap.
730 663 768 728 Si
792 663 940 729 celebret.
958 663 1007 730 De
1032 666 1109 730 cler.
1134 684 1264 732 eoeoom.

92 785 210 858 vniam,
236 806 306 852 nco
325 788 405 869 ptus
427 788 582 870 probat»
603 788 659 874 (l).
679 792 716 856 ln
741 787 884 852 eamdem
909 791 1100 854 sententiam
1123 791 1265 854 concinit

93 910 220 996 Scyrus,
246 913 266 976 l
275 911 308 992 V,
332 913 370 992 5,
395 913 434 992 6,
458 934 551 996 quem
578 913 777 979 ll'Annibale
801 915 930 978 videtur
955 917 998 978 ita
1022 915 1206 1002 intelligere
1230 921 1265 980 ut

92 1035 144 1098 sibi
169 1039 359 1101 consentiat.
384 1037 599 1112 Quamobrem
624 1060 666 1104 ex
690 1040 876 1124 praemissis
904 1038 943 1103 ab
975 1041 1043 1124 ipso
1067 1038 1265 1105 D’Annibale

94 1163 197 1245 positis
214 1163 297 1228 haec
313 1162 440 1228 videtur
456 1166 544 1248 sequi
563 1165 735 1238 conclusio,
754 1184 870 1248 nempe
886 1184 1074 1249 suspensum
1096 1165 1139 1231 ab
1155 1166 1264 1250 officio

94 1307 150 1350 non
175 1307 248 1352 esse
272 1289 458 1372 incapacem
483 1309 539 1352 seu
562 1291 691 1353 omnino
712 1289 887 1353 inhabilem
903 1287 1016 1354 officiis
1040 1289 1266 1355 ecclesiasticis

92 1411 307 1496 suscipiendis.
333 1411 388 1476 sed
412 1431 481 1476 esse
506 1413 711 1498 prohibitum,
736 1415 904 1496 quominus
928 1415 1011 1479 haec
1035 1413 1142 1479 officia
1164 1434 1263 1482 etaer-

92 1545 171 1608 ceat,
197 1538 424 1603 administret.
450 1539 527 1604 Nam
554 1544 586 1603 et
610 1537 809 1603 D’Annibale
832 1539 997 1612 concedit,
1022 1540 1265 1624 suspensionem
1350 1555 1354 1568 ·

91 1662 130 1726 ab
151 1663 262 1747 officio
286 1664 462 1747 irrogatam
485 1663 525 1728 ab
543 1663 717 1730 Ordinario
742 1665 837 1728 etiam
863 1683 905 1728 cx
930 1665 1000 1728 iure
1028 1664 1158 1749 speciali
1183 1664 1265 1730 dioe-

91 1807 212 1860 cesano,
249 1788 301 1852 vel
331 1787 374 1853 ab
406 1788 548 1855 henrice.
577 1787 680 1874 ligare
712 1789 815 1872 quoad
846 1789 951 1852 omnia
975 1785 1091 1860 officia,
1117 1791 1176 1853 nisi
1201 1791 1264 1852 vim

91 1914 305 1997 suspensionis
328 1915 441 1978 limitet
464 1916 531 1997 ipse
548 1915 712 1998 Superior.
733 1949 749 1962 ·
769 1913 847 1980 Inde
864 1915 1018 1998 sequitur,
1036 1913 1143 1978 cilicia
1159 1915 1264 1978 denuo

92 2038 202 2102 collata
241 2039 361 2104 clerico
395 2059 566 2126 suspenso,
593 2059 664 2104 esse
687 2038 788 2103 eidem
820 2039 1014 2112 auferenda.
1040 2041 1155 2126 quippe
1183 2041 1265 2104 haec

92 2181 247 2226 exercere
277 2181 342 2226 non
366 2163 470 2242 valet,
496 2163 555 2227 nisi
580 2182 673 2246 quarn
703 2165 797 2228 citius
826 2162 1056 2228 absolutionem
1081 2163 1223 2228 obtineat
1245 2183 1266 2227 a

92 2287 305 2369 suspensione.
333 2319 349 2332 -
375 2283 437 2349 Sed
462 2287 614 2368 quaestio,
637 2305 680 2350 an
703 2286 868 2370 suspensio
893 2305 914 2350 a
939 2285 1095 2370 beneficio
1120 2286 1263 2352 eamdem

92 2411 149 2472 vim
172 2409 293 2474 habeat
316 2430 355 2475 ac
378 2399 610 2496 suspensio'ob
634 2411 751 2495 officio,
769 2412 941 2496 specialem
965 2412 1108 2476 continet
1132 2409 1264 2476 difficul-

90 2539 199 2611 tatsm;
224 2537 423 2620 potissimum
454 2537 529 2618 quia
552 2538 584 2600 in
609 2537 719 2620 primis
752 2537 934 2620 quaeritur,
960 2539 1066 2599 utrum
1099 2535 1180 2599 haec
1211 2557 1264 2599 su-

92 2661 211 2742 spensio
239 2660 280 2723 sit
303 2677 448 2724 censura
471 2664 503 2723 et
526 2660 666 2724 secundo
690 2661 764 2743 quia
791 2657 935 2725 beneficii
969 2659 1097 2724 collatio
1121 2661 1146 2723 si
1171 2661 1264 2724 irrita

93 2804 150 2848 non
174 2791 235 2864 est,
260 2804 324 2849 non
348 2785 397 2848 las
422 2789 470 2848 est
487 2784 831 2884 Ordinatio-collatori
856 2783 1045 2850 beneficium
1069 2785 1175 2849 valide
1199 2785 1262 2848 col-

92 2909 184 2974 latum
208 2910 353 2991 auferre,
378 2911 452 2993 quia
475 2911 672 2994 privationes
703 2908 932 2975 beneficiorum
964 2909 1094 2974 decerni
1120 2929 1183 2972 non
1207 2929 1263 2972 va-

91 3035 154 3100 lent
177 3037 239 3100 nisi
264 3036 334 3100 iure
358 3037 518 3100 communi
542 3041 680 3100 statutae
697 3037 777 3109 sint;
803 3041 835 3099 et
857 3033 985 3098 aliunde
1003 3033 1181 3098 huiusmodi
1199 3035 1263 3118 pri-

175 3247 215 3316 (l)
234 3248 344 3318 Siquis
363 3247 493 3312 obiiciat,
513 3263 567 3301 non
587 3263 665 3316 posse
685 3247 871 3312 controverti,
891 3251 983 3299 vitrum
1003 3246 1146 3314 suspensio
1165 3246 1261 3300 reddat

92 3353 237 3410 inhabilem
258 3355 356 3408 officiis
377 3354 418 3408 vel
438 3355 581 3409 beneflciis
594 3354 783 3422 suscipiendis,
796 3353 929 3424 siquidem
946 3353 973 3405 io
993 3353 1095 3406 litteris
1115 3354 1264 3420 pontificiis

91 3460 226 3515 collativis
244 3461 397 3516 officiorum
417 3467 466 3516 orit
485 3463 682 3516 beneficiorum
705 3461 864 3529 impertitur
890 3459 1028 3513 absolutio
1047 3479 1064 3512 a
1083 3461 1263 3530 suspensione

91 3567 121 3618 nd
139 3569 268 3624 effectum
288 3569 453 3638 suscipiendi
472 3570 567 3624 eadem
586 3569 678 3622 officia
700 3573 749 3621 eut
773 3569 921 3633 beneficia,
941 3567 1111 3621 advertimus
1135 3585 1168 3621 ea
1193 3585 1264 3637 qliae

91 3672 156 3726 olias
174 3675 391 3744 explicavimus3
411 3675 540 3728 nimirum
554 3675 710 3728 huiusmodi
725 3674 928 3728 absolutionem
943 3673 1077 3727 inservire
1091 3689 1174 3742 scopo
1187 3675 1263 3727 aufe-

92 3779 162 3831 rendi
182 3797 385 3851 quamcumque
403 3781 605 3836 dubitationem
620 3781 693 3834 circa
707 3783 832 3838 valorem
847 3780 1013 3846 collationis,
1027 3781 1129 3850 quippe
1144 3780 1197 3832 DD.
1213 3797 1263 3834 nec

91 3885 219 3940 minimae
240 3889 329 3952 uotae,
351 3891 532 3940 autumarunt
554 3885 718 3939 collationes
737 3887 826 3938 iactas
851 3885 992 3954 suspensis
1017 3901 1078 3938 esse
1103 3885 1213 3950 irritas,·
1231 3884 1264 3938 de

92 3993 160 4046 lacto
178 4001 273 4048 sutem
293 3995 431 4048 absolutio
447 3995 563 4048 inservit
576 3995 610 4048 ad
623 3995 802 4048 auferendum
815 3994 951 4049 desectum
966 3993 1165 4060 inidoneitatis,
1178 4011 1264 4065 quare

91 4116 236 4166 suspensus
255 4105 298 4155 est
311 4100 442 4155 inhabilis
456 4103 562 4156 muneri
577 4107 718 4171 assumpto
732 4103 897 4156 exercendo.
912 4101 1062 4155 Praeterea
1076 4117 1129 4154 non
1143 4101 1265 4155 intendit

93 4203 163 4274 l‘apa
182 4223 246 4260 suas
265 4210 370 4276 gratias
389 4209 514 4262 conferre
533 4208 664 4278 indignis,
683 4225 751 4278 quos
771 4209 844 4262 inter
863 4209 983 4261 maxime
1003 4211 1182 4262 recensentur
1201 4224 1265 4262 cen·
1328 4215 1331 4222 '

92 4315 189 4378 surati3
206 4317 336 4384 quocirca
354 4317 383 4370 in
403 4315 506 4370 litteris
526 4317 675 4385 pontificiis
694 4318 819 4370 aufertur
837 4315 1028 4387 quodcumque
1046 4315 1186 4370 vinculum
1201 4333 1264 4370 cen·

92 4434 168 4474 surae
183 4427 213 4472 ut
226 4423 408 4490 prospiciatur
422 4421 507 4476 valori
522 4422 679 4476 earumdem
695 4423 866 4488 litterarum
877 4440 937 4492 arg.
948 4443 969 4476 c.
982 4423 996 4474 1
1008 4424 1048 4476 lle
1061 4427 1179 4492 rescrip.
1192 4425 1219 4474 iu
1235 4423 1263 4476 6.

233 4527 291 4580 Soc.
313 4529 388 4598 cha
1124 4529 1156 4582 16
