3108 5100
301 289 366 353 ‘254
829 313 912 358 runs
938 311 958 356 1.

300 451 419 495 rernm
443 439 601 515 perticat,
619 433 651 496 X
666 431 739 515 (ΙΙΙ,
762 433 821 519 19).
840 437 900 498 iam
918 441 1090 501 statuerat:
1111 439 1354 502 «Generaliter
1371 440 1472 522 itaque

302 565 413 621 teneas
444 559 526 641 quod
557 562 820 624 commutationes
851 561 1107 645 praebendarum
1138 562 1177 626 de
1210 565 1280 628 iure
1311 563 1381 628 fleri
1412 587 1471 627 nou

302 689 448 766 possunt,
473 685 663 768 praesertim
693 689 867 770 praemissa
893 688 1083 771 pactione...
1109 689 1140 752 Si
1165 695 1272 754 autem
1302 691 1474 780 Episcopus

301 827 429 871 causam
453 808 633 892 inspexerit
657 811 890 890 necessariam,
915 809 1002 875 licite
1033 812 1150 895 poterit
1180 811 1220 874 de
1253 832 1315 875 uno
1340 812 1411 877 loco
1435 814 1472 876 au

300 931 398 995 alium
422 932 605 998 transferre
629 952 793 1018 personas.
819 939 854 1000 ut
876 955 960 1017 quae
984 955 1046 999 uno
1070 935 1141 1000 loco
1157 937 1262 1000 nriuus
1276 943 1349 1000 suut
1372 939 1473 1003 utiles.

301 1055 375 1119 alibi
400 1076 436 1122 se
459 1058 589 1122 valeant
611 1059 718 1122 utilius
741 1077 901 1123 exercere
917 1079 947 1122 s.
975 1059 1138 1134 Quocirca
1162 1061 1323 1145 parochus
1345 1064 1403 1127 etsi
1426 1065 1473 1125 in-

303 1201 423 1247 nocens
446 1185 517 1268 cogi
541 1189 644 1267 potest
666 1184 706 1248 ad
730 1183 920 1250 beneficium
951 1186 1194 1270 permutandum
1218 1189 1246 1251 si
1268 1188 1365 1254 aliter
1391 1189 1475 1252 hono

303 1312 389 1394 pacis
412 1315 446 1376 et
467 1309 624 1396 spirituali
649 1311 753 1373 ovium
778 1329 907 1374 suarum
934 1311 1079 1395 regimini
1098 1312 1219 1375 consuli
1240 1317 1378 1395 nequeat
1400 1313 1474 1377 ulli-

303 1435 411 1510 modo;
440 1437 484 1502 ita
512 1453 554 1499 ex
585 1437 785 1519 praescripto
810 1436 902 1510 iuris;
928 1455 1041 1522 nempe
1065 1457 1139 1522 erp.
1164 1458 1190 1502 c.
1209 1459 1236 1502 c.
1260 1437 1320 1517 10,
1346 1435 1397 1504 Dc
1421 1459 1476 1502 re-

301 1561 461 1642 nunciat,
487 1561 519 1624 X
540 1560 579 1646 (Ι,
604 1561 652 1646 9);
678 1559 710 1632 8,
736 1561 783 1624 Dc
805 1561 975 1636 electione,
1000 1563 1034 1625 X
1054 1559 1092 1646 (Ι,
1118 1561 1152 1646 6)
1176 1567 1208 1627 et
1231 1563 1263 1634 4,
1288 1561 1341 1627 Dc
1364 1565 1474 1628 cleric.

302 1691 448 1770 caprei„
473 1687 507 1750 X
526 1685 607 1770 (ΙΙΙ,
632 1685 674 1770 6).
701 1685 824 1750 Verum
855 1685 1082 1752 beneficiorum
1113 1689 1305 1773 permutatio
1337 1695 1369 1752 et
1399 1690 1474 1753 hiuc

303 1810 468 1874 translatio
484 1829 548 1873 non
572 1810 676 1878 induit
699 1815 847 1875 naturam
874 1812 1005 1876 remedii
1030 1813 1174 1898 poenalis
1189 1815 1249 1878 nisi
1267 1811 1475 1879 beneficiatus

303 1934 521 1999 transferatur
551 1935 675 2000 inuitus
702 1955 760 1999 seu
792 1937 824 1999 in
857 1955 992 2019 poenam
1026 1936 1065 2001 de
1089 1957 1152 2002 uno
1180 1939 1212 2002 iu
1237 1937 1334 2002 alium
1358 1938 1473 2002 locum.

303 2060 382 2125 adeo
407 2066 441 2124 ut
464 2060 611 2144 privetur
634 2051 697 2125 uno
727 2059 882 2126 beneficio
906 2069 938 2127 et
961 2067 1097 2147 cogatur
1119 2064 1207 2128 aliud
1239 2066 1415 2150 suscipere.
1441 2067 1473 2128 ln

303 2184 364 2247 hoc
380 2185 526 2248 consistit
541 2185 589 2248 vis
605 2185 748 2270 poenalis
771 2187 1005 2253 oeconomicus
1022 2187 1224 2254 'remotionis
1240 2208 1322 2272 quae
1340 2189 1472 2254 medium

302 2313 392 2372 leuet
422 2308 527 2374 locum
559 2309 645 2374 inter
671 2309 928 2391 snspensioncm
958 2316 1198 2396 temporaneam
1221 2331 1242 2376 a
1265 2311 1423 2397 beneficio
1445 2318 1473 2374 et

303 2435 452 2520 beneficii
480 2437 711 2520 privationem,
745 2441 778 2502 et
808 2439 983 2522 compescit
1011 2438 1122 2522 culpas
1154 2444 1186 2503 et
1218 2437 1472 2502 deordinatioues

302 2558 415 2643 quibus
446 2580 510 2624 non
541 2561 617 2626 satis
639 2563 794 2645 prospicit
823 2561 1015 2645 suspensio,
1044 2561 1221 2644 quibusque
1248 2581 1268 2626 a
1292 2563 1364 2626 iure
1396 2583 1472 2626 oom-

303 2685 391 2750 muni
413 2685 542 2750 adnexa
563 2706 628 2749 non
652 2691 701 2750 est
723 2705 827 2770 poena
847 2686 1051 2770 privationis
1073 2686 1130 2772 (Ι).

392 2951 432 3021 (l)
445 2951 497 3004 (lit.
512 2963 594 3022 ceput
605 2955 626 3004 5
638 2953 678 3006 Dc
692 2969 748 3006 rer.
759 2969 850 3022 parm.
861 2969 923 3006 cum
938 2954 1075 3006 communi
1092 2953 1206 3008 Reiffen.
1221 2953 1260 3006 ita
1274 2959 1472 3006 commentatur

303 3059 338 3112 38
350 3077 398 3130 sq.:
411 3071 428 3113 s(
442 3059 516 3119 Quod
530 3058 681 3128 Episcopus
693 3057 808 3112 subinde
824 3059 908 3127 possit
921 3061 1006 3114 etiam
1017 3075 1116 3128 cogere
1127 3059 1258 3113 clericum
1273 3059 1306 3112 ad
1322 3065 1473 3129 permutau-

303 3165 366 3219 dum
381 3183 441 3218 cnm
453 3163 509 3218 ali'o
518 3165 682 3219 beneficium
693 3165 714 3217 si
728 3182 824 3234 nempe
834 3165 929 3233 gravis
939 3165 964 3217 id
975 3182 1058 3218 caiisa
1069 3165 1190 3234 postulet
1200 3165 1243 3218 rel
1254 3167 1321 3235 quia
1333 3167 1423 3218 minus
1435 3179 1471 3218 est

304 3272 417 3326 idoneus
430 3271 463 3324 ad
478 3271 642 3340 praestanda
662 3288 776 3325 nmuera
795 3273 920 3327 beneficii
936 3290 959 3327 r.
975 3273 1009 3325 ut
1022 3273 1125 3326 Concil.
1140 3272 1223 3337 Trid,
1237 3291 1296 3344 cop.
1312 3275 1342 3337 6,
1354 3287 1420 3327 sess.
1433 3273 1470 3333 :²l,

305 3381 345 3434 Dc
369 3385 424 3445 ref.
449 3380 561 3433 statuit:
580 3393 598 3434 t<
617 3380 687 3440 Quia
711 3380 835 3434 illiterati
863 3386 892 3434 et
917 3381 1036 3450 imperiti
1065 3379 1264 3450 parochialium
1291 3381 1470 3435 Ecclesiarum

305 3492 425 3541 rectores
450 3487 541 3540 minus
565 3488 623 3556 apti
648 3493 713 3541 suut
735 3487 866 3541 officiis...
888 3489 1013 3558 lipiscopi
1034 3488 1119 3542 etiam
1139 3493 1280 3558 tamquam
1302 3488 1472 3557 spostolicae

304 3594 381 3649 Sedis
401 3594 526 3663 Delegati
547 3595 643 3649 iisdem
663 3594 814 3661 illiteratis,
834 3601 861 3648 et
881 3596 1025 3664 imperitis,
1038 3597 1063 3648 si
1081 3597 1154 3649 alins
1172 3597 1303 3650 horrescas
1324 3599 1397 3650 nene
1415 3599 1471 3658 sim,

303 3701 482 3756 Condiirtores
500 3707 550 3756 aut
569 3702 694 3756 Viearlos
713 3719 761 3771 pro
780 3707 904 3772 tempore
923 3704 1055 3772 deputare
1082 3709 1243 3774 partemque
1263 3705 1402 3758 fructuum
1428 3719 1472 3771 pm

302 3810 449 3864 sufficienti
468 3811 544 3864 victu
564 3811 705 3879 assignare
725 3813 770 3866 vel
788 3813 875 3866 aliter
893 3813 1044 3890 prpoidcra
1060 3815 1176 3882 possint,
1190 3829 1365 3882 quacumque
1384 3811 1471 3880 appel·

304 3917 408 3970 latione
427 3921 455 3972 et
473 3919 649 3986 exemptione
669 3921 774 3971 remota
788 3935 812 3970 s.
832 3917 896 3974 lude
916 3919 942 3972 S.
961 3917 1047 3987 Cong.
1067 3918 1183 3972 Concilii
1205 3924 1294 3972 ratam
1315 3917 1411 3972 habuit
1429 3938 1471 3974 rr-

304 4028 451 4080 motioncm
469 4027 506 4078 od
525 4037 633 4096 tempus
653 4043 669 4078 a
688 4043 801 4079 munera
822 4023 973 4099 parochiali
999 4031 1027 4082 et
1052 4028 1087 4080 ah
1111 4026 1171 4095 ipso
1194 4025 1256 4080 loco
1282 4027 1417 4081 beneficii.
1436 4027 1471 4078 lu

305 4133 332 4183 in
352 4149 407 4185 una
425 4132 578 4202 Eystetlsu.
602 4133 816 4187 Pcrmntoh'onis
831 4134 984 4203 parochiae
1003 4135 1048 4188 die
1067 4135 1103 4186 21
1124 4131 1188 4199 rut,
1206 4133 1237 4186 11
1251 4137 1334 4203 Any,
1351 4135 1391 4186 22
1405 4134 1470 4203 Sept.

307 4239 392 4292 1712.
409 4240 596 4306 agebamus
609 4242 726 4311 quodam
747 4241 865 4312 parocho
885 4241 1015 4296 adversus
1034 4257 1114 4311 quem
1135 4240 1228 4310 plures
1242 4241 1374 4312 querelae
1387 4251 1470 4300 motae

304 4351 384 4401 eraut
402 4349 473 4416 apud
487 4349 606 4414 Curiam,
623 4351 693 4404 undo
707 4351 790 4403 Curia
809 4351 928 4404 maxime
941 4350 1007 4420 quia
1025 4347 1144 4419 parocho
1156 4351 1282 4402 omnium
1302 4349 1387 4404 animi
1399 4355 1470 4403 erant

305 4457 413 4522 intensi,
427 4457 500 4524 prins
520 4455 712 4511 coadiutorem
732 4459 756 4512 ai
776 4457 928 4526 deputavit,
942 4457 1038 4513 deiude
1057 4473 1118 4514 cum
1138 4455 1276 4512 eiusmodi
1297 4458 1469 4529 provisionem
