3266 5102
299 282 362 347 134
816 300 901 346 enas
924 299 947 345 1.

293 427 413 490 tionem
437 427 470 490 in
492 429 770 510 transgressores;
794 445 888 490 secus
914 443 979 488 non
1012 423 1205 508 intelligitur
1237 421 1476 502 contumacia,

293 550 353 616 cir.
373 548 584 616 D'Aara'bale
599 549 639 614 P.
658 549 685 614 l.
703 569 736 614 a.
753 547 838 624 329,
855 554 923 616 aot.
940 547 999 613 27.
1020 583 1037 596 -
1056 548 1114 614 Cui
1130 549 1309 633 quaestioni
1326 550 1361 611 ut
1376 546 1489 632 plene.

290 671 425 740 satisfiat
448 675 530 738 haec
551 673 773 738 advertantur.
799 675 878 738 Cum
901 674 1013 758 primis
1036 678 1162 738 certum
1187 677 1246 744 est,
1268 673 1300 735 in
1325 671 1478 736 censuris

292 798 312 862 l.
329 818 355 863 s.
372 799 473 884 ipsam
495 798 601 884 legem
624 798 834 883 interpellare
862 819 918 862 seu
945 817 1099 869 monere.
1128 796 1209 861 adeo
1233 801 1285 877 ut,
1313 797 1382 881 ipso
1406 795 1477 858 cri—

292 926 377 988 mine
400 924 547 996 admisso,
564 928 789 1007 transgressor
812 924 866 1006 qui
886 943 1058 988 censuram
1075 941 1275 1008 cognoscens
1290 920 1479 986 huiusmodi

291 1048 396 1133 legem
420 1048 600 1120 violaverit,
618 1048 725 1113 statim
748 1066 888 1112 censura
911 1045 1095 1111 innodetur.
1115 1081 1133 1094 ·
1151 1046 1277 1111 Verum
1298 1047 1372 1129 quia
1396 1047 1479 1110 istas

264 1171 381 1257 ,leges
412 1171 530 1236 accidit
561 1171 723 1257 ignorari,
748 1171 826 1236 hinc
856 1171 937 1236 nihil
969 1169 1119 1255 prohibet
1150 1190 1213 1254 quo
1241 1171 1346 1236 minus
1376 1189 1477 1255 supe-

292 1295 362 1359 rior
384 1294 543 1361 subditum
567 1295 620 1360 vel
644 1295 785 1361 subditos
802 1296 834 1359 in
851 1295 995 1380 periculo
1019 1299 1187 1360 versantes
1203 1293 1344 1359 violandi
1359 1293 1477 1357 huius-

292 1420 376 1485 modi
406 1421 512 1506 legem
545 1421 712 1506 poenalem
745 1427 876 1486 moneat
907 1422 945 1485 de
978 1423 1139 1488 sententia
1170 1422 1233 1485 iam
1264 1421 1348 1494 lata,
1376 1439 1476 1504 quam

291 1547 462 1611 incurrent
477 1546 549 1628 ipso
565 1545 667 1628 sacto,
684 1547 820 1611 crimine
836 1551 1066 1612 consummata.
1085 1547 1206 1611 Tamen
1223 1546 1348 1611 etiamsi
1368 1545 1477 1608 moni-

291 1669 335 1734 tio
359 1669 583 1754 praecesserit,
607 1668 648 1732 ad
670 1669 928 1736 constituendum
952 1689 1067 1754 nempe
1091 1674 1370 1754 transgressorem
1393 1686 1477 1730 con-

290 1795 459 1864 tumacem,
477 1790 577 1854 nihilo
593 1792 698 1855 secius
713 1811 872 1855 censurae
888 1792 908 1856 l.
925 1811 952 1856 s.
969 1812 1035 1856 non
1050 1792 1241 1876 irrogantur
1256 1787 1299 1856 ab
1316 1787 1479 1860 boariae:

290 1915 346 1980 sed
369 1935 391 1980 a
413 1915 499 1981 iare.
524 1914 616 1989 Quod
640 1915 750 1980 sedulo
774 1915 902 1981 adverti
924 1915 1031 1988 debet,
1057 1921 1092 1981 ut
1115 1919 1207 1980 recte
1230 1914 1479 1979 discriminatur

291 2040 439 2125 officiam
454 2039 567 2105 iudicis
590 2041 623 2105 in
648 2043 796 2106 censuris
821 2043 841 2107 l.
857 2062 884 2107 s.
909 2046 942 2106 et
965 2043 997 2106 in
1021 2041 1092 2107 aliis
1113 2039 1139 2124 s.
1157 2059 1183 2106 s.
1200 2076 1214 2087 -
1232 2041 1313 2104 Nam
1336 2040 1370 2102 in
1393 2059 1479 2103 ceu-

290 2165 375 2232 suris
397 2163 424 2246 s.
446 2183 483 2238 s,
508 2185 567 2230 seu
589 2166 787 2252 applicandis
810 2166 870 2232 abs
893 2165 1013 2238 iudice,
1038 2167 1111 2251 ipse
1135 2165 1231 2231 iudex
1256 2167 1315 2230 lias
1338 2165 1482 2250 irrepat

289 2309 348 2356 sua
371 2292 615 2366 auctoritate;e
640 2297 755 2356 contra
778 2291 811 2355 in
835 2293 982 2356 censuris
1007 2293 1027 2356 l.
1045 2312 1083 2363 a,
1101 2291 1202 2358 iudex
1225 2296 1281 2356 aut
1303 2298 1415 2355 monet
1430 2309 1481 2356 ne

289 2414 508 2486 incurrantur,
525 2434 640 2499 nempe
664 2416 800 2479 crimine
823 2415 964 2482 nondum
988 2416 1127 2482 admisso
1137 2436 1145 2492 ;
1162 2421 1219 2480 aut
1237 2416 1392 2482 declarat
1408 2414 1479 2478 iam

289 2539 437 2602 incursas
460 2558 540 2611 esse,
558 2539 694 2602 crimine
717 2538 864 2606 admisso.
883 2539 1018 2614 Quando
1042 2541 1110 2625 ipse
1134 2538 1234 2605 iudex
1257 2541 1384 2624 irrogat
1399 2557 1483 2604 cen-

288 2681 399 2742 suras,
424 2661 541 2727 dicitur
571 2663 722 2746 proferre
753 2665 947 2730 sententiam
979 2664 1319 2746 condemnatoriam
1342 2661 1482 2746 quando

289 2786 433 2852 declarat
455 2807 610 2854 censuras
633 2787 697 2852 iam
719 2789 866 2852 incursas
890 2787 999 2869 fuisse,
1016 2790 1208 2854 sententiam
1234 2788 1299 2854 edit
1314 2789 1481 2855 declara-

289 2911 425 2978 tortam.

379 3039 411 3123 8)
436 3038 589 3113 Quamvis
605 3039 765 3103 sententia
780 3039 1010 3107 declaratoria
1027 3039 1224 3105 solummodo
1241 3039 1393 3106 declaret
1411 3057 1477 3103 seu

287 3161 375 3227 dicat
397 3162 472 3247 quid
495 3161 618 3227 factum
641 3164 691 3244 sit,
709 3169 817 3228 tamen
841 3184 905 3228 non
922 3169 970 3229 est
985 3184 1238 3249 supervacanea.
1256 3165 1379 3232 Primo
1395 3169 1479 3250 quia

287 3287 468 3352 huiusmodi
491 3307 631 3352 censura
653 3289 835 3352 incurritur
859 3291 955 3353 etiam
978 3309 1038 3374 per
1061 3289 1149 3354 facta
1172 3289 1302 3354 occulta
1321 3291 1377 3354 vel
1399 3290 1480 3356 fere

286 3411 415 3476 occulta
438 3431 521 3495 qnae
552 3412 577 3478 si
608 3417 720 3496 postea
752 3412 925 3478 deveniant
952 3413 992 3477 ad
1024 3413 1185 3498 publicam
1214 3415 1381 3489 notitiam,
1406 3435 1477 3480 non

287 3536 450 3601 censenda
484 3543 558 3602 sunt
592 3536 756 3602 ordinario
788 3536 987 3602 sufficienter
1017 3538 1153 3623 probata
1184 3540 1247 3602 nisi
1278 3538 1380 3604 iudex
1410 3559 1477 3624 per

287 3664 479 3726 sententiam
511 3662 665 3744 declarat,
697 3681 737 3728 ea
768 3683 886 3728 revera
916 3668 1044 3749 patrata
1074 3664 1184 3729 luisse.
1211 3664 1358 3730 Censura
1385 3667 1478 3730 enim

287 3786 509 3852 secumferens
531 3784 664 3853 effectus
688 3787 840 3876 iuridicos
863 3793 928 3854 tam
945 3808 1064 3874 graves
1080 3794 1232 3854 constare
1249 3787 1345 3855 debet
1361 3809 1478 3856 coram

287 3913 442 3977 societate
466 3933 525 3998 per
548 3913 654 3978 media
677 3913 823 3986 iuridica‚
841 3918 977 3998 excepto
1002 3933 1078 3980 casu
1094 3915 1327 3997 aoioraetatts;
1343 3935 1420 3980 nam
1435 3915 1478 3981 in

287 4037 430 4102 notoriis
462 4038 560 4102 antia
583 4037 752 4120 probatio.
787 4038 942 4104 Secundo
971 4040 1046 4121 quia
1075 4058 1234 4105 censurae
1264 4059 1330 4103 non
1361 4039 1478 4104 incur-

288 4163 421 4240 runtur,
446 4163 507 4225 nisi
531 4166 564 4226 et
586 4163 788 4228 contumacia
811 4167 845 4227 et
867 4162 932 4226 alia
955 4164 1110 4246 requisita
1134 4163 1303 4229 extiterint
1325 4183 1479 4230 necessa-

288 4285 339 4348 ria
355 4304 514 4350 censurae
537 4286 733 4352 subeundae.
751 4285 894 4352 Proinde
920 4287 960 4351 ad
982 4289 1224 4372 praecavendas
1243 4288 1425 4354 dubietates
1440 4293 1479 4354 et

288 4411 470 4475 anxietates
493 4415 562 4476 tum
585 4413 618 4476 in
641 4417 815 4478 censurato
839 4415 906 4476 tum
930 4412 962 4475 in
987 4411 1059 4478 aliis
1088 4410 1252 4495 fidelibus,
1276 4411 1397 4478 bonum
1422 4417 1476 4480 est
