3266 5102
283 295 347 362 116
802 314 886 362 runs
912 315 934 360 1.

280 440 331 502 nis
350 438 489 504 admissi.
514 439 552 503 ln
577 438 648 502 foro
672 458 750 502 vero
770 438 998 512 conscientiae,
1016 439 1121 502 stante
1137 435 1218 520 legis
1234 432 1404 514 dubietate,
1417 453 1460 497 au

280 563 432 627 nimirum
452 563 638 644 requiratur
652 559 765 625 iudicis
781 562 941 626 sententia
964 558 1190 638 declaratoria,
1208 558 1278 641 quis
1293 562 1362 624 tato
1379 577 1462 622 eam·

281 686 353 751 dem
370 691 544 771 expectare
568 691 671 770 potest
693 691 865 768 antequam
882 705 916 750 se
941 687 986 750 uti
1010 702 1115 768 poena
1141 683 1329 748 mulctatum
1357 687 1460 768 gerat.

283 812 321 875 ln
346 810 429 895 quod
452 812 648 896 propositum
672 814 846 895 praeterea
869 809 1170 902 animadvertatur:

374 935 404 1021 l)
429 935 560 1001 Certum
585 953 655 999 esse
678 935 712 998 in
734 936 845 1018 poenis
868 936 964 999 etiam
977 953 1059 1019 pure
1082 933 1249 1018 negativis,
1269 934 1329 996 etsi
1345 937 1462 1017 agatur

282 1061 322 1126 de
345 1061 492 1126 censuris
516 1065 548 1126 et
570 1057 865 1144 irregularitatibus
888 1059 1015 1141 quaudo
1040 1059 1163 1123 crimen
1180 1063 1229 1123 est
1251 1056 1413 1122 occultum
1430 1062 1463 1122 et

282 1187 353 1268 quis
377 1203 540 1268 exequens
564 1202 699 1269 poenam
723 1182 857 1247 deberet
883 1183 1034 1247 infamiae
1058 1203 1129 1247 sese
1154 1201 1335 1268 exponere,
1360 1183 1462 1245 nemi-

283 1329 357 1374 nem
382 1309 452 1392 cogi
472 1307 512 1372 ad
536 1327 671 1393 poenam
695 1306 908 1387 subeundam
925 1327 1022 1390 quum
1046 1307 1233 1392 praevaleat
1248 1307 1297 1370 ius
1312 1306 1464 1370 naturale

281 1434 485 1519 praecipiens
510 1451 643 1498 «nemo
667 1437 798 1496 tenetur
816 1431 968 1514 prodere
990 1432 1139 1514 seipsum
1156 1452 1186 1493 ›.

372 1556 406 1643 2)
431 1557 469 1621 ln
493 1577 568 1623 casu
592 1575 671 1620 vero
695 1577 758 1640 quo
781 1557 852 1640 quis
876 1577 993 1622 revera
1022 1557 1075 1622 vel
1097 1553 1245 1621 beneficii
1275 1557 1368 1622 titulo
1397 1555 1464 1642 pri-

283 1687 376 1746 vatus
398 1681 497 1746 luerit
519 1682 571 1746 vel
596 1680 746 1746 inhabilis
768 1681 809 1746 ad
832 1681 990 1748 beneficia
1018 1681 1147 1765 aliquod
1172 1681 1347 1747 obtinuerit
1370 1681 1465 1746 bene-

284 1806 390 1872 ficium
414 1811 446 1872 et
470 1805 586 1872 exinde
609 1828 701 1872 suum
719 1805 868 1880 officium,
887 1811 1015 1872 nemine
1039 1807 1282 1873 contradicente
1294 1810 1353 1888 aut
1369 1825 1464 1870 scan-

285 1931 391 1996 dalum
407 1933 560 2016 patiente,
578 1933 778 2012 exercuerit,
795 1930 989 1996 advertatur
1004 1937 1081 1998 tunc
1098 1937 1172 1996 acta
1187 1932 1295 1996 sanari
1312 1949 1372 2015 per
1395 1951 1466 2014 sup

284 2057 403 2142 pletam
438 2055 691 2120 iurisdictionem
719 2056 759 2120 ab
784 2056 950 2128 Ecclesia,
976 2055 1016 2122 ob
1047 2057 1182 2122 titulum
1209 2055 1405 2140 putativum
1434 2059 1466 2119 et

286 2198 439 2244 errorem
463 2197 685 2252 commanem,
711 2197 752 2242 ex
776 2178 877 2243 celeb.
901 2179 975 2264 lege
991 2215 1008 2226 -
1026 2177 1201 2246 Barbas-ius
1226 2214 1243 2227 -
1267 2180 1303 2262 ff.
1327 2179 1377 2244 De
1403 2175 1466 2260 Off.

286 2303 424 2384 Proet.,·
448 2301 492 2384 cf.
523 2302 687 2368 Thesaur.
711 2302 753 2368 P.
778 2304 806 2377 Ι,
832 2325 857 2370 c.
882 2303 942 2369 28.
968 2304 1016 2368 Cf.
1050 2303 1117 2372 Vol.
1143 2306 1171 2378 l,
1196 2325 1231 2368 a.
1256 2303 1340 2370 352.

376 2425 410 2512 3)
434 2427 566 2491 Demum
583 2428 615 2490 in
631 2429 829 2493 conscientia
851 2429 922 2513 quis
945 2434 1015 2495 luto
1031 2429 1062 2492 in
1079 2429 1129 2494 his
1146 2426 1380 2496 conditionibus
1396 2445 1469 2492 ver·

287 2551 353 2617 sari
376 2555 480 2636 potest
503 2551 628 2635 quando
661 2555 784 2617 crimen
808 2573 873 2618 non
905 2561 955 2619 est
985 2553 1147 2638 publicum
1171 2573 1231 2618 nec
1254 2553 1345 2618 adest
1372 2571 1468 2617 scan-

287 2676 411 2750 dalum,
437 2675 590 2760 siquidem
621 2695 720 2743 neruo
745 2681 876 2742 terretur
893 2678 1044 2760 prodere
1073 2679 1245 2760 seipsum
1268 2677 1327 2742 sibi
1357 2681 1468 2742 tamen

287 2803 357 2886 quis
388 2800 557 2867 consulere
588 2801 676 2865 valet
707 2801 908 2866 recurrendo
936 2803 981 2866 uti
1013 2803 1226 2886 exposuimus,
1258 2801 1298 2866 ad
1327 2801 1358 2867 S.
1389 2801 1470 2866 Poe·

287 2927 505 2992 nitentiariam
528 2926 582 2990 vel
605 2945 663 3010 pro
687 2924 901 3008 dispensanda
932 2925 1133 2992 inhabilitate
1155 2927 1209 2991 vel
1232 2947 1292 3012 pro
1323 2925 1471 2992 sanando

288 3051 390 3118 titulo.
415 3049 463 3116 Cf.
497 3050 564 3116 Vol.
589 3049 636 3124 Il,
660 3069 694 3113 a.
719 3049 804 3114 270.

437 3317 459 3400 ἓ
482 3316 512 3382 2.
538 3316 587 3382 De
610 3317 743 3383 ratione
765 3319 1015 3400 interpretandi
1039 3318 1127 3403 tapes
1149 3319 1317 3400 poenales.

290 3527 504 3583 summarium.
524 3557 558 3568 -
576 3529 618 3582 75.
640 3529 780 3598 Principia
798 3545 870 3600 quae
889 3529 1069 3583 moderantur
1089 3528 1182 3598 legum
1202 3528 1361 3598 poenalium
1381 3529 1472 3582 inter·

378 3634 563 3704 pretationem
582 3639 610 3688 at
629 3634 854 3703 applicationem.
872 3665 909 3676 -
926 3635 970 3687 76.
990 3633 1131 3694 Quaenam
1156 3633 1234 3704 leges
1256 3633 1390 3690 dicendae
1414 3634 1473 3688 sint

378 3741 553 3807 favorabiles,
573 3757 709 3812 quaenam
728 3741 848 3796 odiosae.
867 3772 904 3784 -
921 3743 963 3795 77.
977 3745 1021 3796 An
1042 3741 1098 3810 lagi
1113 3741 1223 3810 poenali
1242 3741 1393 3812 aliquando
1407 3758 1473 3795 con·

380 3850 474 3904 vernat
492 3850 534 3902 vis
557 3853 732 3904 retroactam.
752 3877 785 3890 -
804 3849 847 3903 78.
868 3849 1009 3910 Quomodo
1027 3849 1200 3904 admittenda
1219 3849 1255 3903 ait
1274 3849 1472 3918 interpretatio

381 3955 567 4022 declarativa,
588 3958 618 4008 et
634 3955 798 4009 restrictioa.
819 3983 853 3996 -
871 3955 913 4009 79.
935 3957 979 4009 Au
999 3957 1142 4010 extensive
1160 3954 1269 4009 admitti
1289 3955 1385 4024 possit.

380 4169 434 4234 75.
460 4167 564 4243 Quum
581 4169 678 4234 iudex
694 4171 898 4253 quaestiones
914 4169 1037 4234 dirimit
1052 4169 1246 4250 criminales,
1264 4189 1343 4255 prae
1370 4168 1473 4233 oculis

291 4295 374 4359 baec
398 4293 557 4379 principia
584 4294 703 4361 habeat
724 4300 860 4380 oportet⁴
891 4295 929 4359 ln
952 4295 1065 4378 primis
1090 4329 1107 4342 -
1126 4295 1369 4410 ffla-Wa
1398 4293 1473 4386 sine

292 4421 365 4508 tege
389 4453 407 4467 ·
424 4439 467 4484 ex
491 4421 511 4484 t.
537 4420 591 4495 19,
607 4423 642 4503 ff.
659 4420 709 4486 De
724 4419 813 4486 verb.
831 4419 910 4504 obl.;
926 4439 1026 4504 quare
1045 4421 1071 4484 si
1088 4422 1169 4506 legis
1192 4425 1300 4484 textus
1316 4437 1471 4503 expresse
