3296 5108
541 305 585 353 nu
609 306 763 354 nsnrorrs
786 307 828 356 ur
853 308 972 356 roonis
1278 290 1345 358 445

168 429 230 493 nisi
246 427 413 514 approbati
429 427 565 502 fuissent
579 429 621 494 ab
640 429 800 516 Episcopo
815 434 848 496 et
870 429 989 516 duplici
1013 431 1163 498 instructi
1186 435 1344 514 protestaa

167 551 256 616 tione
278 553 442 616 Auctoris.
466 552 646 624 Praeterea
672 553 822 639 Episcopi
847 553 1032 620 haedere
1056 555 1146 638 prius
1173 555 1344 620 consulere

168 675 328 742 debebant
343 676 374 744 S.
391 675 505 742 Sedem
522 677 605 761 quod
621 684 728 744 tamen
744 679 954 764 frequentare
970 678 1158 765 iampridem
1174 698 1241 744 non
1259 679 1344 745 soliti

168 801 311 870 fuerunt.
329 831 347 846 ·
360 799 457 864 Modo
481 801 648 884 quaeritur
669 802 757 867 inter
779 801 843 868 UD.
860 821 903 867 an
926 805 1088 868 Auctores
1110 808 1243 887 praeter
1265 803 1344 888 Epi-

168 929 257 1012 scopi
281 927 525 1011 permissionem
547 926 653 992 adhuc
675 927 708 992 in
731 925 815 992 libro
837 925 961 992 edendo
982 925 1120 992 debeant
1143 933 1176 994 et
1198 929 1289 992 inItio
1313 931 1345 991 et

168 1047 233 1114 fine
255 1069 377 1135 ponere
404 1051 668 1136 protestationem
696 1050 736 1119 ad
761 1052 994 1137 praescriptum
1017 1050 1139 1118 Urbani
1162 1052 1256 1136 VIII,
1281 1071 1344 1135 qua

169 1176 296 1242 scillcet
316 1176 410 1243 factis
433 1177 595 1241 enarratIs
617 1182 848 1260 protestantur,
873 1177 994 1242 nullam
1017 1176 1113 1241 aliam
1140 1175 1344 1244 tribuendam

169 1321 240 1368 esse
255 1303 481 1368 auctoritatem
498 1320 592 1384 quam
608 1301 696 1366 illam
712 1300 752 1367 ab
770 1303 914 1368 Auctore
929 1300 1147 1388 repetendam.
1163 1336 1181 1350 ·
1199 1302 1245 1367 CI.
1265 1303 1345 1368 Pan·

169 1427 287 1496 nacchi
309 1430 330 1494 t.
354 1447 381 1496 c.
401 1446 484 1514 pap.
510 1427 586 1500 104,
611 1426 773 1494 mordicus
797 1427 971 1508 contendit,
995 1427 1061 1493 tale
1084 1427 1133 1492 ius
1156 1426 1197 1491 ab
1213 1425 1345 1493 Urbano

169 1551 374 1617 constitutum
397 1549 572 1618 nullimode
594 1549 694 1616 foisse
717 1549 906 1636 derogatum
928 1569 989 1636 per
1011 1569 1127 1615 noram
1146 1551 1253 1616 const.
1272 1548 1345 1632 Offi-

169 1674 301 1741 moram
319 1708 336 1722 -
355 1675 428 1758 qula
451 1673 601 1748 advertIt,
626 1675 748 1741 Urbani
765 1675 849 1740 VIII
866 1677 1125 1742 constitutionem
1140 1682 1289 1761 spectare
1305 1675 1344 1740 ad

170 1817 284 1864 causas
314 1798 490 1864 Servorum
521 1799 578 1864 Dei
608 1799 671 1863 iam
702 1799 766 1862 rite
800 1796 1000 1865 introductas
1031 1817 1090 1884 pro
1121 1797 1295 1865 obtinendo
1326 1818 1347 1862 a

170 1923 201 1990 S.
227 1922 308 1990 Sede
336 1922 468 1988 decreto
499 1921 751 1992 Beatificationis
781 1928 837 1989 aut
867 1923 1134 1990 Canonizationis.
1160 1957 1178 1974 -
1207 1924 1345 1990 Contra*

170 2050 252 2117 rtam
276 2069 356 2114 vero
379 2054 488 2116 tuetur
510 2050 692 2135 opinionem
716 2049 754 2114 P.
772 2049 1003 2116 Vermeersoh.
1029 2051 1050 2116 t.
1068 2070 1095 2116 c.
1108 2069 1145 2134 p.
1164 2049 1211 2114 67
1234 2049 1346 2116 adver·

168 2175 250 2243 tens,
267 2170 534 2239 Constitutionem
556 2171 750 2257 Offictorum
766 2172 940 2258 abrogasse
957 2175 1064 2239 omnia
1079 2172 1212 2240 decreta
1227 2193 1247 2238 a
1264 2173 1347 2238 Pon-

168 2295 307 2364 tifichus
339 2298 424 2364 edita
453 2297 493 2363 de
524 2317 664 2364 censura
694 2298 851 2365 librorum
878 2304 911 2364 et
941 2298 1005 2366 huc
1035 2305 1183 2386 spectare
1214 2299 1346 2366 decreta

170 2424 294 2493 Urbani
310 2425 405 2492 VIII.
429 2426 513 2490 Acta
532 2430 638 2490 autem
655 2444 825 2490 causarum
842 2423 1018 2492 Servorum
1036 2426 1095 2492 Dei
1112 2404 1196 2510 quod
1212 2431 1344 2510 spectat,

170 2549 361 2616 Constitutio
391 2554 504 2614 nostra
534 2554 598 2615 ort.
622 2548 672 2614 32
703 2555 807 2622 cavet,
838 2551 898 2616 ista
926 2548 977 2618 edi
1005 2568 1071 2615 non
1101 2569 1196 2635 posse
1225 2549 1346 2634 absque

170 2671 401 2758 approbatione
432 2672 462 2737 S.
496 2673 613 2758 congr.
644 2673 784 2737 Rituom.
810 2671 923 2747 Quoad
949 2672 1053 2741 libros
1076 2673 1193 2754 autem,
1217 2673 1346 2756 scripta

169 2816 253 2881 quae
274 2816 360 2861 nova
382 2803 519 2862 narrant
538 2797 704 2878 muscula,
722 2798 939 2883 apparitiones
960 2797 1345 2881 etc.‚nihiIa1iudexpo·

170 2922 267 2986 stulat
293 2927 406 2987 nostra
428 2921 535 2988 Uonst.
560 2939 655 3004 quam
684 2919 947 3006 approbabonem
971 2921 1165 3005 SuperIoris.
1193 2921 1236 2986 Et
1264 2921 1346 2986 haec

171 3048 331 3114 sententias
352 3047 520 3114 admodum
544 3045 671 3122 videtur
687 3048 798 3112 vertor
814 3067 852 3112 eo
875 3047 978 3134 magis
1000 3045 1085 3130 quod
1101 3048 1140 3112 ol.
1157 3043 1345 3114 Pennacohi

171 3172 320 3256 supponit
336 3171 458 3238 Urbani
469 3172 553 3237 VIII
571 3172 697 3239 Statuta
712 3172 877 3257 respicere
891 3177 966 3238 acta
981 3187 1152 3238 causarum
1169 3171 1346 3238 Servorum

172 3294 248 3371 Dei;
272 3301 306 3361 et
327 3296 390 3361 hoc
413 3295 498 3361 haud
522 3299 571 3360 est
593 3296 760 3361 conforme
783 3297 923 3372 tentati,
947 3297 1053 3381 prouti
1070 3300 1166 3381 patet
1189 3316 1231 3362 ex
1254 3301 1347 3362 textu

171 3418 287 3484 horum
313 3419 511 3487 Statutorum
535 3440 617 3505 quae
641 3420 744 3486 refert
767 3419 886 3485 Bened.
903 3420 997 3486 XIV.
1017 3419 1068 3486 De
1091 3419 1174 3486 beot.
1192 3425 1223 3487 et
1245 3438 1346 3486 corto·-

171 3542 239 3608 nz‘z.
264 3545 313 3620 II,
331 3564 404 3629 copi
429 3546 477 3623 11,
494 3567 526 3612 n.
546 3545 569 3610 7
583 3565 632 3631 sq.
651 3581 669 3593 ·
686 3546 725 3611 In
748 3546 833 3610 hanc
850 3547 1042 3610 sententiam
1065 3544 1194 3612 ridetur
1217 3545 1347 3611 descen·

174 3665 251 3732 dere
267 3668 363 3733 etlam
379 3669 418 3733 cI.
437 3669 581 3736 Gennari
597 3670 618 3734 I.
636 3690 663 3735 o.
674 3689 712 3752 p.
729 3668 779 3732 41.
799 3703 818 3716 -
835 3669 873 3732 In
889 3687 1021 3744 summa,
1039 3671 1113 3754 quia
1127 3688 1219 3734 mens
1239 3669 1345 3750 Const,

176 3790 369 3876 officiorum
393 3793 462 3868 fuit,
479 3793 569 3879 leges
583 3794 781 3877 antiquiores
795 3827 811 3840 ·
826 3792 956 3876 efficere
973 3794 1152 3879 ,nonanto
1175 3790 1348 3859 molliores

172 3913 221 3978 ito
233 3916 338 3998 plone
353 3923 389 3982 ut
405 3917 447 3985 iis
462 3916 705 4001 obtemperare,
724 3917 910 3985 dummodo
926 3918 1003 4004 quir
1017 3917 1154 4004 inperata
1170 3919 1261 3984 moto
1277 3937 1348 3984 non

174 4040 226 4115 sit,
257 4060 364 4127 proce
394 4042 611 4126 arctoumque
644 4061 714 4108 esse
744 4023 815 4108 aon
839 4043 948 4124 possit
970 4079 985 4090 -
1008 4042 1094 4108 hanc
1124 4041 1347 4128 benIgniorem

135 4133 139 4145 Ι
174 4165 365 4230 sententiam
388 4170 456 4230 tute
480 4167 570 4250 sequi
593 4185 768 4251 possumus.

264 4289 333 4355 Lex
348 4290 498 4375 percellit
514 4289 616 4358 Itbros
632 4295 687 4358 aut
700 4289 830 4374 sarpta
846 4295 878 4356 et
894 4291 1062 4374 quaeritur
1077 4283 1119 4355 an
1136 4289 1349 4374 comprehen-

176 4409 294 4479 dantur
318 4415 412 4480 etiam
429 4415 659 4498 ephemerides
677 4450 694 4464 -
711 4413 807 4494 Certe
818 4415 1014 4483 ,vocabulum
1029 4417 1157 4500 serapte
1174 4450 1192 4464 ·
1210 4415 1349 4482 maxime
