3302 5100
624 325 830 374 1111111111
854 326 887 372 v.
1282 307 1345 372 581

259 446 309 502 111.
329 445 401 502 Reos
413 445 548 503 simoniae
561 447 766 504 confidentialis
783 447 813 502 in
833 447 980 504 Beneficiis
992 446 1173 518 quibuslibet,
1192 449 1350 503 cuiuscum-

168 568 224 625 que
242 554 300 608 sint
318 553 471 624 diguitatis.

260 661 295 714 X.
315 661 388 717 Reos
405 661 541 717 simoniae
560 661 645 717 realis
663 662 699 716 ob
718 661 874 733 ingressum
893 659 923 715 in
942 659 1128 731 Religionem.

258 766 306 822 Xl.
325 767 427 824 Omnes
445 769 493 840 qui
512 772 659 840 quaestum
683 769 820 824 iacientes
839 785 874 825 ex
896 767 1079 838 indulgentiis
1104 769 1223 840 aliisque
1248 768 1351 838 gratiis

164 873 362 943 spiritualibus
373 875 670 931 excommunicationis
682 890 800 930 censura
813 874 974 945 plectuntur
987 875 1197 930 Constitutione
1215 873 1242 928 S.
1257 875 1301 929 Pii
1315 873 1350 928 V.

168 981 259 1040 011111
274 983 394 1052 plenum
412 983 430 1036 2
447 981 569 1037 lanuarii
591 981 670 1037 1569.

258 1087 320 1143 Xll.
338 1086 513 1158 colligentes
538 1087 731 1158 eleemosynas
755 1087 855 1142 maiori
880 1089 964 1159 pretii
990 1104 1040 1158 pro
1063 1087 1172 1154 Missis,
1198 1090 1228 1143 et
1252 1103 1287 1142 ex
1313 1086 1350 1140 iia

170 1192 279 1250 lucrum
297 1199 452 1266 captantes,
469 1195 599 1251 iaciendo
618 1211 665 1251 eas
683 1194 821 1251 celebrari
840 1196 870 1250 in
888 1194 958 1251 locis
976 1196 1024 1250 ubi
1043 1195 1194 1252 missarum
1206 1192 1350 1264 stipendia

167 1302 284 1358 minoris
302 1303 385 1372 pretii
404 1319 464 1358 esse
483 1302 583 1358 solent.

256 1407 331 1463 11111.
349 1406 451 1462 Omnes
469 1409 516 1479 qui
536 1408 825 1464 excommunicatione
849 1407 1022 1463 mulctantur
1043 1409 1072 1463 in
1092 1406 1350 1462 Constitutionibua

167 1513 194 1567 S.
214 1513 260 1568 Pii
277 1513 310 1568 V.
324 1515 465 1569 Admonet
481 1529 531 1568 noa
549 1517 650 1583 qrrarto
663 1512 805 1568 Kalendas
817 1512 923 1583 Aprilis
939 1513 1015 1580 1567,
1035 1513 1191 1570 innocentii
1204 1513 1253 1569 lx.
1269 1515 1349 1574 Quae

165 1621 203 1675 ab
220 1621 273 1674 hoc
292 1620 364 1676 Sede
384 1620 472 1689 pridie
496 1635 583 1676 nonas
608 1618 773 1676 Novembris
795 1619 871 1688 1591,
898 1620 1050 1677 Clementis
1068 1620 1140 1676 Vlll.
1160 1622 1206 1676 Art
1227 1621 1349 1676 Ronmna'

168 1726 311 1798 Pontifices
335 1744 433 1782 curam
458 1727 493 1782 26
516 1726 588 1782 Iunii
619 1726 687 1782 1592
711 1731 741 1782 et
765 1726 919 1783 Alexandri
944 1727 1004 1782 Vll.
1030 1727 1111 1782 Inter
1135 1736 1243 1784 ceteras
1272 1741 1348 1782 nono

169 1833 310 1890 Kalendas
328 1834 494 1890 Novembris
521 1835 589 1888 1660
614 1832 814 1890 alienationem
839 1837 869 1891 et
894 1835 1111 1892 infeudationem
1137 1834 1290 1890 (licitatum
1316 1843 1349 1888 et

169 1939 305 1996 Locorum
324 1941 350 1994 S.
370 1941 403 1996 lt.
423 1941 454 1996 E.
473 1939 695 2012 respicientibus

256 2049 331 2103 XIV.
354 2048 510 2119 Religiosos
532 2054 740 2119 praesumentes
759 2047 869 2104 clericis
886 2052 937 2103 aut
954 2047 1034 2102 laicis
1047 2052 1128 2103 extra
1140 2063 1235 2103 omnm
1250 2065 1349 2104 neces-

164 2154 260 2210 sitatis
279 2153 490 2210 Sacramentum
509 2157 652 2209 extremae
677 2153 817 2208 unctionis
842 2158 892 2208 aut
915 2153 1110 2209 Eucharistiae
1134 2170 1185 2224 per
1206 2155 1343 2210 viaticum

167 2263 331 2317 ministrare
349 2263 455 2332 absque
474 2260 593 2316 Parochi
612 2261 736 2317 licentia.

254 2369 316 2425 XV.
337 2367 524 2424 Extrahentss
542 2369 646 2440 absque
659 2367 788 2437 legitima
806 2369 889 2423 venia
908 2367 1042 2440 reliquiae
1060 2383 1094 2423 ex
1113 2368 1206 2424 Sacris
1225 2368 1345 2424 coeme-

166 2477 322 2532 1111111111
341 2475 518 2530 (latacumbis
537 2474 623 2531 Urbis
642 2475 749 2530 Romae
767 2476 884 2547 eiusque
902 2475 1048 2542 territorii,
1067 2475 1182 2547 eiusque
1208 2475 1345 2530 auxilium

129 2565 134 2582 ⁸
165 2583 213 2639 rel
231 2585 354 2638 favorem
374 2583 548 2654 praebentes.

255 2688 330 2743 xvi.
354 2686 600 2743 communicantes
624 2705 689 2742 cum
713 2689 954 2744 excommunicato
978 2689 1145 2743 nominatim
1170 2705 1188 2743 a
1212 2689 1290 2758 Papa
1315 2691 1346 2744 in

162 2796 283 2851 crimine
302 2795 459 2863 criminoso,
478 2795 505 2851 ei
524 2793 634 2851 scilicet
651 2795 838 2866 impendendo
857 2795 993 2851 auxilium
1012 2794 1057 2850 rel
1075 2796 1210 2850 levorem.

255 2902 343 2958 XVll.
364 2901 488 2958 clericos
512 2903 635 2959 scienter
659 2906 689 2957 et
711 2906 810 2973 sponte
834 2902 1074 2958 communicantes
1098 2901 1129 2957 in
1153 2901 1256 2956 divinis
1280 2917 1346 2956 cum

165 3011 323 3082 personina
343 3011 468 3065 Romano
487 3011 624 3065 Pontifice
642 3010 807 3066 nominatim
826 3011 1075 3066 excommunicatis
1094 3015 1123 3067 et
1142 3010 1216 3082 ipsos
1234 3011 1264 3065 in
1286 3010 1345 3064 osti-

162 3119 218 3174 oiis
235 3119 411 3189 recipientes.

362 3291 674 3334 Exooatllurucnrlonns
694 3293 786 3332 taran
806 3292 986 3332 scansurus
1006 3293 1153 3335 episcopis

524 3398 587 3440 siv}
606 3399 771 3438 enutriamus
790 3398 990 3438 assentanea.

255 3543 542 3599 Eacommunicationi
562 3543 639 3600 latae
657 3543 814 3599 sententiae
833 3541 978 3614 Episcopis
996 3545 1055 3600 sive
1073 3542 1227 3602 Ordinariis
1252 3563 1347 3604 reser-

163 3650 249 3703 vatae
267 3647 412 3702 subiacere
430 3645 620 3701 declaramus:

254 3753 276 3808 l.
297 3751 421 3809 clericos
439 3753 468 3807 in
487 3751 580 3808 Sacris
601 3753 768 3808 constitutos
792 3752 837 3808 vel
862 3752 1018 3824 Regulares
1042 3759 1092 3809 aut
1117 3755 1256 3812 Moniales
1281 3763 1345 3827 post

164 3862 261 3916 votum
279 3859 404 3915 solemne
422 3859 563 3916 castitatis
581 3860 792 3915 matrimonium
806 3859 972 3916 contrahere
984 3866 1207 3932 praesumentem
1222 3880 1343 3920 necnon

160 3983 261 4024 omnes
279 3984 343 4022 cum
362 3966 457 4038 aliqua
475 3983 511 4022 ex
529 3967 679 4038 praedictis
697 3968 823 4038 personis
842 3968 1050 4023 matrimonium
1069 3967 1235 4027 contrahere
1258 3987 1344 4042 prae-

160 4074 313 4126 sumentes.

253 4176 284 4231 11,
306 4177 493 4234 Procurantes
511 4179 649 4241 abortum,
668 4179 771 4234 effectu
789 4182 919 4250 aequato.

254 4283 298 4340 lll.
318 4284 435 4341 Litteris
453 4285 615 4356 apostolicis
633 4286 712 4341 taleis
729 4287 853 4342 scienter
871 4289 990 4355 utentes,
1009 4286 1055 4344 rel
1074 4288 1184 4342 crimini
1204 4306 1238 4344 ea
1256 4289 1286 4344 in
1314 4307 1345 4345 ro

162 4391 355 4459 cooperantes.
