3302 5100
608 319 814 370 eunaesruu
839 321 888 369 rv.
1273 301 1339 368 575

158 458 223 498 cere
241 443 317 496 visus
334 442 379 509 sit,
399 441 446 496 sed
465 457 560 496 omnes
579 439 700 496 officiose
714 457 747 494 ac
760 439 970 511 perhumaniter
985 440 1137 502 demereri;
1158 456 1222 492 nam
1236 439 1258 492 si
1273 439 1338 510 quid

157 549 261 615 durius,
275 550 445 620 ambiguum,
458 551 641 604 obscurumne
656 565 751 604 eorum
764 548 846 604 dictis
859 550 992 615 subesset,
1008 548 1035 602 id
1049 547 1152 604 leniter
1163 549 1339 618 benigneque
1369 623 1371 630 Ι

159 655 376 724 interpretando,
395 653 557 710 emolliebat
580 659 666 726 atque
691 653 858 724 explicabat.
878 653 906 708 Si
926 658 1020 708 autem
1046 651 1199 723 religionis,
1219 667 1252 706 ac
1273 651 1337 708 fidei

159 779 243 816 causa
266 763 434 833 postulabat,
454 767 486 818 ut
504 779 599 818 eorum
626 764 794 818 seutentiam
818 761 981 834 explodet-et
999 779 1032 816 ae
1049 763 1194 827 refutaret,
1212 763 1293 815 tanta
1311 760 1339 815 id

160 871 321 940 praestabat
339 869 484 936 modestia,
497 875 528 924 ut
547 885 602 924 non
620 871 754 924 minorem
768 871 803 924 ab
816 870 850 924 iis
862 868 1058 935 dissentiendo,
1071 885 1155 940 quam
1168 862 1338 922 'catholicam

162 979 309 1032 veritatem
334 979 491 1044 asserendo,
516 978 627 1034 laudem
652 982 814 1034 mereretur.
840 977 891 1039 Qui
918 981 975 1032 tam
999 976 1102 1034 eximio
1121 979 1163 1032 uti
1182 976 1281 1042 solent,
1305 993 1338 1030 ac

162 1085 279 1156 gloriari
301 1087 435 1156 magistro
454 1085 534 1157 (quoe
558 1102 661 1158 magno
685 1102 801 1141 numero
825 1103 891 1150 esse,
919 1102 968 1156 pro
991 1085 1126 1156 singulari
1152 1089 1246 1139 nostro
1271 1100 1339 1154 erga

162 1193 253 1261 ipsum
271 1191 350 1245 cultu
369 1191 524 1262 studioque,
545 1191 707 1262 gaudemus)
727 1192 747 1246 ii
765 1191 818 1245 sibi
837 1190 873 1245 ad
890 1189 1086 1246 aemulandum
1100 1195 1255 1260 proponant
1267 1190 1338 1243 tanti

163 1297 284 1353 doctoris
308 1300 337 1352 in
362 1299 508 1354 scribendo
532 1297 759 1364 moderationem,
784 1298 1061 1370 honestissimamque
1086 1313 1148 1352 cum
1175 1297 1339 1352 adversariis

164 1404 264 1473 agendi
282 1404 494 1475 disputandique
517 1404 662 1460 rationem.
681 1404 723 1459 Ad
743 1403 814 1458 hauc
839 1405 926 1459 ceteri
951 1419 1060 1474 quoque
1078 1421 1107 1457 se
1126 1419 1155 1457 se
1175 1417 1339 1471 componere

163 1511 302 1576 studeant,
316 1510 363 1582 qui
377 1513 411 1564 ab
425 1511 485 1565 eius
497 1509 593 1565 schola
606 1511 787 1581 doctrinaque
802 1509 943 1564 recedunt.
957 1508 1121 1563 Sanctorum
1135 1509 1209 1563 euim
1222 1509 1340 1563 virtutes

163 1617 292 1670 omnibus
316 1616 345 1670 in
369 1613 526 1685 exemplum
551 1616 585 1669 ab
612 1615 737 1670 Ecclesia
763 1616 919 1684 propositae
944 1619 1017 1668 sunt.
1037 1615 1160 1685 Cumque
1187 1613 1340 1683 Angelicus

163 1721 261 1789 doctor
285 1728 445 1776 sanctorum
470 1720 534 1775 albo
559 1721 714 1792 adscriptus
739 1723 784 1786 sit,
809 1737 975 1792 quamquam
1001 1719 1111 1775 diversa
1129 1720 1164 1774 ab
1184 1735 1216 1774 eo
1235 1721 1339 1774 sentire

164 1827 259 1894 liceat,
288 1828 314 1882 ei
342 1832 435 1882 tamen
463 1826 633 1884 contrariam
660 1828 689 1881 in
717 1827 824 1896 agendo
851 1844 884 1882 ac
911 1827 1077 1896 disputando
1104 1827 1240 1880 rationem
1269 1827 1339 1882 inire
1412 1849 1414 1855 ·

162 1936 277 1990 omnino
296 1951 350 1989 non
369 1935 445 1990 licet.
464 1934 587 1989 Nimium
612 1936 729 1990 interest
755 1934 882 2005 publicae
907 1934 1129 2006 tranquillitatis,
1151 1935 1339 2004 proximorum

164 2039 366 2095 aedificationis
385 2045 413 2094 et
432 2039 587 2108 charitatis,
601 2046 659 2095 ute
674 2040 875 2096 catholicorum
893 2041 1005 2110 scriptis
1023 2041 1096 2094 absit
1110 2039 1189 2105 livor,
1202 2039 1340 2093 acerbitas

164 2151 248 2218 atque
267 2145 431 2206 scurrilitas,
450 2163 467 2200 a
485 2145 638 2201 christiana
656 2147 832 2201 institutione
852 2163 884 2200 ac
902 2144 1057 2216 disciplina,
1071 2151 1099 2199 et
1113 2145 1148 2198 ab
1162 2144 1236 2198 omni
1250 2143 1338 2198 bone-

163 2259 238 2308 state
257 2271 368 2324 prorsus
387 2255 487 2310 aliena·
508 2254 692 2316 Quamobrem
711 2255 740 2308 iu
759 2253 915 2308 huiusmodi
933 2254 1099 2322 scriptorum
1119 2252 1260 2306 licentiam
1278 2269 1339 2322 gra·

164 2358 237 2410 viter
256 2373 305 2426 pro
323 2374 438 2414 munere
451 2373 501 2412 suu
515 2374 660 2413 censuram
673 2359 820 2413 intendant
833 2358 971 2412 revisurae
985 2357 1128 2420 librorum,
1142 2373 1258 2424 eamque
1271 2357 1341 2410 Con·

163 2463 337 2530 gregationie
354 2463 550 2518 Cardinalibus
569 2464 787 2534 cognoscendam
807 2464 965 2528 subiiciunt,
987 2469 1017 2517 ut
1036 2480 1097 2518 eam
1114 2479 1163 2532 pro
1176 2463 1235 2518 zelo
1248 2479 1298 2517 suo
1312 2473 1340 2518 et

164 2572 303 2637 potestate
322 2576 477 2626 coerceant.

254 2681 272 2741 ἓ
291 2678 334 2732 25.
353 2678 429 2738 Quae
448 2677 583 2734 haetenus
596 2697 612 2734 a
627 2681 705 2734 nobis
718 2681 860 2750 proposita
873 2695 905 2733 ac
918 2679 1071 2734 constituta
1090 2683 1163 2744 sunt,
1180 2677 1339 2748 praedeces·

162 2798 256 2836 sorum
267 2791 424 2839 nostrorum
433 2786 553 2842 decretis
563 2786 645 2858 plane
658 2805 787 2854 consona,
797 2789 1051 2858 congregationum
1063 2801 1172 2857 quoque
1183 2789 1339 2839 nostrarum

164 2887 275 2958 legibus
295 2897 323 2946 et
342 2893 587 2949 consuetudinibus
612 2897 800 2964 comprobata,
818 2896 848 2949 in
868 2895 1003 2949 librorum
1027 2894 1155 2948 examine
1180 2908 1213 2945 ac
1237 2891 1339 2946 iudicio

165 2995 346 3064 instituendo,
358 3000 520 3068 apostolica
532 3002 701 3056 auctoritate
714 3001 844 3071 deinceps
860 3001 965 3056 servari
978 2999 1163 3055 decernimus:
1178 2997 1340 3052 mandantes

165 3099 301 3155 universis
314 3107 343 3156 et
356 3103 480 3174 siugulis,
494 3104 541 3175 qui
555 3104 583 3157 in
597 3106 731 3175 praetatis
750 3103 1021 3175 Congregationibus
1034 3105 1126 3159 locum
1140 3104 1277 3168 obtinent,
1290 3120 1339 3158 seu

165 3206 222 3262 illis
245 3210 452 3281 quomodolibet
477 3227 589 3282 operam
614 3231 693 3267 suam
718 3217 869 3282 praestant,
889 3219 919 3267 ut
939 3212 1070 3268 adversus
1095 3213 1246 3284 praemissa
1265 3213 1340 3265 sica

165 3315 245 3369 nobis
264 3323 370 3372 statuta
389 3317 460 3373 nihil
479 3319 597 3386 edicere,
610 3319 751 3386 innovare,
765 3320 913 3375 decernere
932 3324 982 3373 aut
1000 3321 1140 3374 intentare
1153 3303 1340 3389 praesumant,

163 3424 268 3494 absque
281 3430 386 3491 nostra,
404 3426 449 3481 vel
468 3442 656 3482 successorum
671 3433 828 3482 nostrorum
841 3443 891 3497 pro
904 3431 1029 3496 tempore
1042 3426 1222 3482 existentium
1236 3425 1338 3480 Roma-

164 3547 263 3584 norum
283 3532 448 3588 Pontificum
468 3551 598 3604 expressa
616 3535 758 3589 facultate.

253 3641 271 3701 5
290 3638 332 3690 26.
353 3637 415 3692 Non
427 3639 603 3694 obstantibus
622 3641 770 3694 contrariis
783 3640 934 3711 quibusvis,
949 3641 1034 3696 etiam
1048 3639 1216 3709 apostolicis
1230 3638 1338 3693 Consti-

166 3743 328 3810 tutionibus,
347 3749 376 3799 et
394 3745 623 3810 ordinationibus,
650 3761 758 3801 necnon
783 3748 941 3802 earumdem
966 3747 1230 3817 Congregatiouum‚
1255 3747 1339 3801 etiam

165 3847 326 3917 Apostolica
345 3853 522 3920 auctoritate,
541 3868 590 3907 seu
609 3853 707 3923 quavis
726 3853 859 3908 firmitate
872 3854 928 3908 alia
941 3855 1080 3908 roboratis
1095 3854 1222 3920 decretis,
1237 3853 1338 3921 usibus,

164 3955 247 4026 stylis
265 3961 294 4012 et
313 3960 566 4029 consuetudinibus,
586 3961 671 4016 etiam
693 3961 969 4028 immemorabilibus,
988 3963 1161 4032 eaeterisque
1180 3961 1209 4016 in
1228 3965 1338 4015 contra·

164 4063 236 4118 rium
254 4067 421 4121 facientibus
439 4069 666 4141 quibuscumque.

252 4175 270 4236 ἓ
290 4173 332 4226 27.
354 4172 431 4228 Nulli
455 4189 523 4244 ergo
547 4175 660 4230 omniuo
679 4173 822 4230 hominum
841 4175 926 4230 liceat
944 4177 1076 4246 paginam
1093 4175 1165 4230 hauc
1183 4181 1340 4231 nostrorum

162 4277 346 4348 decretorum,
365 4282 567 4352 mandatorum,
587 4287 765 4351 statutorum,
783 4285 961 4340 voluntatum
975 4301 1007 4339 ac
1020 4285 1229 4356 derogationum
1243 4286 1341 4341 infrin-

163 4399 238 4453 gere,
259 4385 303 4440 vel
323 4387 348 4442 ei
367 4404 437 4442 ausu
456 4390 606 4445 temerario
625 4391 773 4444 contraire.
793 4390 821 4444 Si
841 4391 902 4461 quis
921 4395 1016 4447 autem
1035 4390 1088 4446 hoc
1105 4395 1246 4446 attentare
1259 4409 1339 4462 prae·
