3266 5102
333 327 397 392 166
850 345 934 392 reus
958 345 981 391 1.

419 471 452 555 2)
477 472 763 580 Qfld·
796 471 883 538 Sese.
907 471 966 536 24.
991 490 1065 554 cap.
1092 471 1124 544 6,
1149 471 1198 535 De
1225 468 1288 551 res.
1320 467 1404 533 haec
1431 485 1506 531 con-

332 600 441 664 cessit:
461 620 479 662 ‹
497 600 608 666 Liceat
624 601 791 686 Episcopis
806 601 839 664 in
854 598 1148 685 irregularitatibus
1171 596 1364 692 mitellis&
1378 615 1508 682 suspen·

329 721 472 787 sionibus
496 743 538 787 ex
561 721 677 789 delicto
701 707 1123 808 dctultri'prdienientibuS‚
1157 725 1295 806 excepta
1317 720 1507 808 irregulari-

327 841 394 913 tate
418 843 555 911 ortacia
579 845 750 911 homicidio
773 845 956 912 voluntario
981 851 1013 910 et
1037 847 1182 932 exceptis
1206 846 1277 909 aliis
1301 843 1446 910 deductis
1468 843 1508 908 ad

317 954 436 1034 ‘forum
449 968 693 1040 contentiosum,
708 967 896 1054 dispensare
911 990 941 1032 a.
958 969 1050 1033 Haec
1065 967 1203 1032 facultas
1218 964 1424 1050 dispensandi
1440 985 1507 1049 per·

328 1095 410 1160 tinet
432 1094 471 1159 ad
496 1115 615 1179 poenas
632 1116 689 1161 seu
712 1094 752 1160 ad
776 1096 1038 1182 irregularitates
1062 1100 1095 1158 et
1117 1093 1157 1158 ad
1174 1093 1401 1178 suspensiones
1416 1091 1507 1154 modo

328 1240 506 1306 poenarum
530 1218 668 1284 inflictas
691 1238 735 1285 ex
751 1221 819 1305 ipso
842 1219 924 1305 legis
948 1219 1138 1300 ministerio,
1163 1216 1202 1282 ob
1227 1217 1364 1282 crimina
1379 1217 1507 1282 occulta

329 1346 398 1410 sive
421 1345 634 1412 materialiter
657 1347 725 1410 sive
748 1345 930 1410 formaliter
953 1345 1008 1431 (l),
1034 1364 1116 1429 quae
1139 1343 1275 1429 proinde
1302 1340 1507 1426 comprobata

329 1489 393 1534 non
417 1477 492 1537 sunt
510 1491 571 1554 per
587 1471 777 1535 sententiam
796 1469 985 1542 iudicialem,
1004 1489 1065 1535 nec
1081 1470 1121 1534 ad
1147 1469 1255 1554 populi
1278 1467 1422 1531 notitiam
1439 1485 1508 1550 per·

328 1602 488 1662 venerunt
510 1615 569 1680 per
600 1593 815 1658 introductam
851 1595 1032 1660 instantiam
1067 1593 1268 1666 iudicialem;
1293 1597 1349 1657 aut
1379 1589 1506 1654 aliunde

327 1741 387 1808 per
409 1722 635 1786 notorietatem
652 1719 938 1785 estraindicialem.
956 1755 971 1768 -
987 1719 1050 1786 Sed
1064 1719 1212 1784 deductio
1229 1718 1276 1782 ad
1296 1717 1416 1800 forum
1433 1735 1507 1781 cou-

275 1849 283 1860 '
329 1847 506 1913 teutiosuru
528 1845 660 1931 impedit
684 1846 875 1911 exercitium
899 1845 994 1910 huius
1018 1845 1245 1918 concessionis,
1275 1843 1333 1907 etsi
1359 1840 1507 1906 instantia

329 1971 486 2037 iudicialis
509 1973 550 2036 sit
573 1971 717 2045 occulta;
742 1973 816 2054 quia
838 1970 947 2038 iudex.
975 1971 1046 2034 iure
1069 1968 1319 2054 praeventionis,
1345 1967 1505 2052 negotium

329 2097 587 2184 praeoccupavit.
613 2095 692 2158 Dein
716 2095 921 2180 prosequitur
938 2095 1033 2160 Conc.
1051 2092 1139 2156 Trid.
1157 2095 1177 2158 t.
1194 2113 1221 2158 c.
1242 2097 1304 2157 <et
1317 2092 1356 2156 iu
1371 2089 1506 2175 quibus·

329 2240 474 2306 cumque
505 2239 639 2287 caereus
669 2239 827 2286 occtths
858 2221 960 2285 etiam
988 2218 1070 2285 Secti
1092 2217 1306 2300 Apostoticae
1327 2216 1507 2282 resecatis

329 2344 560 2428 delinquentes
590 2363 820 2428 quoscumque
842 2343 905 2410 sibi
928 2322 1095 2416 subditos,
1121 2342 1158 2406 ia
1174 2341 1318 2408 dioecesi
1340 2359 1423 2415 sua,
1443 2358 1507 2422 per

328 2469 456 2551 seipsos
479 2474 538 2532 aut
553 2468 720 2534 vicarium
736 2467 783 2533 ad
804 2467 841 2532 id
863 2467 1057 2550 specialiter
1080 2466 1326 2548 deputandum,
1354 2481 1392 2526 1u
1416 2481 1506 2529 nouo

331 2611 581 2666 couscmurmn,
598 2591 705 2677 pratis
728 2590 901 2658 absoluere
920 2613 948 2654 a.
971 2591 1009 2654 In
1026 2591 1089 2654 hac
1111 2588 1252 2655 secunda
1267 2593 1360 2674 parte
1376 2607 1507 2652 conces-

419 2875 458 2946 (l)
479 2874 549 2928 Huic
567 2873 696 2927 facultati
716 2873 893 2942 dispensandi
918 2873 1046 2942 apposita
1069 2877 1112 2927 est
1135 2871 1258 2926 conditio
1277 2901 1290 2912 -
1310 2871 1435 2940 exceptis
1460 2873 1507 2924 de·

330 2987 421 3040 ductis
446 2985 484 3039 ad
507 2987 603 3055 sorum
632 2983 831 3036 contentiosum
850 2997 953 3051 -qnae
983 2980 1105 3034 conditio
1133 2997 1167 3036 eo
1192 2983 1301 3048 spectat
1319 2995 1355 3032 ue
1380 2977 1448 3032 ordo
1469 2977 1508 3030 iu·

330 3095 465 3148 diciorum
492 3097 521 3147 et
540 3090 745 3144 iurisdictiones
770 3091 969 3159 perturbentur·
988 3089 1067 3141 iuxta
1087 3105 1120 3142 ea
1139 3107 1223 3157 supra
1242 3086 1385 3157 explicata
1408 3103 1435 3138 a.
1456 3086 1507 3138 111.

330 3199 423 3254 -Alia
441 3197 564 3253 conditio
577 3225 591 3238 ·
609 3196 719 3250 scilicet
737 3195 809 3250 hanc
827 3194 990 3250 facultatem
1011 3195 1115 3249 versari
1136 3195 1210 3247 circa
1223 3193 1325 3248 delicta
1342 3193 1454 3248 occulta
1465 3191 1507 3245 uel

330 3326 410 3362 casus
429 3307 552 3361 occultos
570 3303 674 3374 (prouti
688 3303 781 3372 infra),
801 3319 834 3358 eo
852 3307 962 3372 spectat
976 3307 1007 3355 ut
1019 3303 1143 3356 vitentur
1156 3301 1295 3354 scandala.
1314 3300 1384 3354 Nam
1400 3299 1507 3372 quando

330 3433 374 3471 res
393 3419 435 3470 est
451 3414 567 3485 publica
586 3429 634 3466 seu
653 3413 763 3465 notoria
787 3410 816 3464 in
836 3409 1041 3480 dispensatione
1067 3408 1112 3462 vel
1137 3407 1314 3461 absolutione
1343 3407 1422 3476 plura
1446 3412 1507 3460 sulit

331 3520 507 3576 attendenda.
527 3519 673 3573 Occultum
698 3517 800 3571 dicitur
824 3517 1013 3571 materialiter
1032 3514 1142 3586 quando
1166 3515 1271 3567 factum
1292 3513 1379 3578 latet3
1405 3517 1434 3567 st
1452 3517 1508 3584 far·

329 3629 444 3682 matites·
471 3625 580 3697 quaudo
607 3627 711 3680 factum
738 3629 835 3678 notum
855 3629 906 3690 est,
925 3623 973 3678 sed
996 3623 1145 3693 ignoratur
1169 3625 1218 3674 aut
1238 3620 1323 3691 culpa
1351 3625 1400 3674 aut
1419 3637 1507 3690 poeria

330 3736 405 3788 sacto
424 3731 584 3788 cohaerens.
604 3761 618 3774 -
638 3729 718 3784 Acris
738 3735 781 3785 est
799 3731 990 3784 controversia
1017 3729 1090 3783 inter
1111 3728 1164 3780 DD.
1184 3745 1219 3781 an
1242 3726 1383 3782 occultum
1405 3729 1508 3798 soma·

331 3842 396 3897 liter
414 3859 448 3897 ex
468 3841 628 3911 ignorantia
647 3839 717 3893 iuris
736 3838 856 3892 sufficiat
868 3836 902 3891 ad
915 3836 1077 3906 legitimum
1093 3851 1171 3888 risum
1185 3833 1344 3888 huiusmodi
1357 3833 1506 3886 facultatis

336 3951 499 4004 Thesaurus
518 3947 548 4001 P.
574 3947 605 4012 l,
625 3967 647 4001 c.
667 3947 718 4012 21‚·
745 3948 774 3999 et
799 3943 966 3998 Benedictus
987 3942 1061 4008 lllV,
1087 3941 1155 3996 laist.
1176 3942 1256 3996 Ecct.
1276 3941 1321 3994 87
1345 3958 1372 3993 n.
1393 3941 1440 3993 42
1460 3937 1507 3992 118.

331 4060 479 4110 autumant
497 4073 532 4109 ex
545 4054 704 4123 ignorantia
722 4053 794 4106 iuris
812 4052 917 4126 facturn
931 4065 985 4103 non
998 4049 1097 4103 haberi
1110 4048 1251 4102 occultum
1272 4047 1339 4118 quia
1352 4046 1508 4117 ignorantia

332 4163 401 4215 iuris
425 4160 563 4214 nominem
588 4163 710 4213 excusat.
730 4187 744 4200 -
764 4158 803 4213 De
829 4157 920 4222 Iustis,
942 4159 983 4212 De
1009 4157 1079 4226 disp.
1098 4165 1167 4210 mat.
1188 4155 1213 4209 I.
1235 4155 1263 4207 8.
1284 4154 1344 4208 169
1362 4159 1392 4208 et
1410 4152 1460 4208 alii
1475 4152 1507 4204 ab

332 4285 365 4324 eo
385 4266 473 4332 citati,
492 4267 580 4320 ueluti
605 4267 755 4332 Navarrus,
781 4269 878 4319 contra
897 4269 997 4334 putant
1016 4291 1028 4303 ·
1051 4263 1105 4315 Pro
1129 4263 1217 4331 praxi,
1241 4265 1334 4316 stante
1359 4261 1453 4326 dnbio,
1470 4259 1508 4314 vi-

332 4374 413 4430 detur
432 4373 613 4427 invocandum
634 4373 808 4442 principium,
824 4387 922 4440 nempe
934 4369 1169 4439 dispensationem
1184 4373 1281 4438 utpote
1295 4373 1394 4422 contra
1411 4367 1507 4436 legem,

333 4482 459 4537 strictam
477 4479 580 4534 habere
598 4480 870 4549 interpretationem
889 4477 1102 4544 absolutionem,
1122 4475 1225 4546 quippe
1244 4474 1396 4530 secundum
1410 4473 1508 4543 legem,
