3266 5102
520 325 564 370 na
589 324 741 372 naurorrs
770 323 812 370 er
837 323 956 372 eonius
1266 305 1332 369 149

239 447 273 532 4)
298 446 366 510 Non
383 451 508 511 tantum
525 445 713 530 delinquens
729 445 824 511 iudici
840 445 984 512 subditus
1000 465 1071 514 esse
1093 447 1187 516 dehet
1202 446 1331 531 quando

303 517 597 546 W*

143 573 181 635 in
206 571 297 635 illum
321 573 431 655 poenis
454 570 691 644 animadvertit,
715 571 771 636 sed
793 573 898 656 ipsum
925 569 1076 661 delictum
1100 573 1162 640 nisi
1185 577 1333 656 patretur

137 658 182 758 i⁷n
207 695 320 760 iudicis
342 697 518 776 territorio,
544 697 612 760 eius
636 691 749 781 effugit
772 697 1029 782 competentiam.
1055 695 1166 762 Veluti
1191 696 1331 760 clericus

142 821 174 884 si
198 825 296 885 extra
318 821 491 885 dioecesim
513 820 620 903 legem
643 821 743 886 violet
766 822 818 886 eui
841 820 969 886 adnexa
992 825 1041 886 est
1056 837 1195 886 censura
1217 820 1331 884 tumin

143 964 207 1009 sua
230 949 298 1009 tum
322 943 356 1008 in
379 944 516 1010 dioecesi
539 944 575 1008 in
598 964 662 1028 qua
685 945 850 1029 delinquit,
872 965 1044 1010 censuram
1069 965 1133 1008 non
1153 943 1330 1016 committit,

144 1089 245 1154 quam
269 1090 334 1134 non
357 1075 460 1154 potest
475 1089 597 1155 urgere
616 1069 715 1134 iudex
730 1071 890 1154 proprius,
907 1071 981 1152 quia
997 1076 1097 1134 entra
1121 1069 1332 1136 territorium

145 1195 203 1260 ius
227 1194 352 1260 dicenti
373 1214 444 1260 non
462 1199 610 1277 paretur
631 1195 792 1278 impane;
815 1213 880 1258 non
900 1193 997 1258 iudex
1017 1194 1150 1260 alterius
1166 1192 1333 1274 dioecesis,

146 1325 226 1408 quia
242 1323 272 1388 ei
287 1342 352 1386 nou
369 1328 418 1388 est
432 1322 586 1388 subditus.
603 1359 621 1370 -
639 1323 769 1388 Crimen
785 1341 865 1388 vero
886 1321 1071 1388 inchoatum
1088 1321 1172 1406 quod
1188 1341 1334 1386 consum·

146 1451 259 1513 matur
281 1446 407 1529 quando
430 1450 655 1532 transgressor
682 1447 744 1510 iem
767 1445 908 1510 excessit
929 1445 1096 1511 territorio
1127 1465 1176 1510 sur
1200 1443 1331 1518 iudicis;

146 1572 204 1637 vel
228 1571 354 1636 crimen
377 1570 417 1636 ab
439 1568 573 1635 absente
603 1570 818 1653 quamtumvis
847 1569 1023 1654 longinquo
1054 1576 1215 1654 patratum
1247 1566 1333 1651 quod

147 1699 260 1758 tamen
283 1698 380 1756 nocet
402 1693 434 1756 in
457 1694 591 1778 propria
614 1692 772 1774 dioecesi,
797 1691 906 1758 subest
929 1691 1027 1756 iudici
1050 1691 1214 1756 ordinario
1236 1690 1332 1756 huius

145 1817 225 1882 loci.
242 1818 295 1881 Ex
317 1817 381 1882 hoc
404 1819 518 1904 capite,
539 1816 656 1883 absens
672 1837 691 1882 a
709 1818 781 1883 loco
804 1819 854 1884 sui
877 1814 1026 1884 beneficit
1049 1817 1190 1881 incurrit
1212 1835 1334 1901 poenas

145 1942 308 2028 speciales
330 1941 413 2008 latas
429 1943 461 2006 in
476 1962 536 2006 sua
551 1941 690 2007 dioecesi
713 1942 870 2008 adversus
894 1961 959 2008 non
980 1939 1167 2016 residentes,
1186 1941 1332 2024 quamvis

146 2068 281 2132 interim
303 2071 450 2132 moretur
470 2069 504 2131 in
528 2066 667 2132 dioecesi
691 2065 809 2132 aliena.

239 2191 275 2276 5)
299 2191 382 2266 Quia
396 2198 470 2257 sunt
490 2193 708 2260 medicinales
731 2212 900 2266 censurae,
925 2211 991 2256 nou
1014 2195 1146 2278 possunt
1173 2189 1274 2276 infligi
1298 2191 1332 2254 in

146 2338 270 2402 eorpus
294 2318 426 2392 morale,
443 2319 517 2402 quia
537 2319 675 2384 crimina
698 2324 869 2403 patrantur
891 2338 911 2382 e
935 2319 1081 2403 personis
1104 2317 1247 2404 physicis
1267 2336 1332 2382 nou

146 2462 170 2506 a
185 2441 372 2514 moralibus,
390 2423 535 2508 iuridiee
550 2441 773 2515 existentibus,
790 2462 866 2528 erp.
884 2462 910 2508 e.
928 2462 954 2508 c.
969 2441 1026 2515 49,
1042 2441 1093 2507 De
1115 2446 1196 2506 sent.
1219 2460 1272 2506 em.
1289 2439 1332 2512 X,

147 2567 207 2651 (V,
224 2566 281 2652 29)
298 2573 331 2632 et
352 2567 386 2642 5,
403 2566 556 2632 metesa
577 2567 624 2633 tit.
640 2566 677 2632 in
694 2567 718 2632 6
736 2565 790 2650 (V,
810 2567 875 2647 ll).
900 2567 1026 2632 Verum
1043 2585 1181 2650 corpora
1198 2564 1334 2629 moralia

146 2696 378 2776 supponuntur
407 2690 684 2776 suspensionibus,
718 2690 915 2765 interdictis;
946 2695 1024 2756 tunc
1055 2690 1140 2754 enim
1171 2688 1334 2754 habentur

146 2835 253 2882 verae
270 2817 467 2900 privationes
492 2817 652 2901 poenales,
673 2835 738 2880 non
762 2835 921 2882 censurae
944 2817 1076 2901 proprio
1099 2835 1196 2881 sensu
1220 2813 1335 2899 quibus

145 2943 288 3027 amplius
310 2962 378 3006 non
400 2917 532 3008 tenetur
554 2944 608 3026 qui
632 2941 756 3010 desinat
779 2963 850 3008 esse
878 2944 963 3008 illius
979 2945 1125 3028 corporis
1142 2942 1333 3009 membrum.

147 3069 198 3133 nt
218 3065 343 3132 nullum
365 3066 495 3132 dubium
519 3066 605 3150 quod
628 3087 739 3133 omnes
762 3073 817 3132 aut
840 3068 996 3141 nonnulli,
1022 3087 1084 3152 qua
1107 3069 1235 3154 singuli,
1260 3087 1335 3132 cen-

148 3190 237 3255 suris
271 3187 385 3254 subiici
420 3193 560 3274 possunt.
598 3189 645 3256 Of.
682 3190 728 3254 De
765 3189 874 3262 Luca,
906 3191 1065 3256 Adnotnl.
1101 3191 1199 3257 Coae.
1237 3189 1333 3256 Trio.

148 3313 234 3379 dise.
260 3311 317 3386 43,
340 3333 375 3378 a.
399 3313 450 3379 21.
1338 3319 1340 3322 ’

243 3434 276 3519 6)
299 3435 658 3528 llxcommunicationes
680 3437 733 3502 vel
756 3437 961 3502 anathemata
986 3436 1099 3521 quibus
1123 3439 1157 3502 iu
1172 3437 1333 3523 publicam

147 3559 397 3624 detestationem
427 3563 524 3626 etiam
553 3562 681 3628 mortui
703 3561 876 3646 aliquando
907 3561 1132 3647 percelluntur
1163 3583 1228 3628 non
1259 3569 1335 3630 sunt
1408 3539 1410 3545 λ

150 3702 322 3757 censurae,
346 3703 408 3750 nec
437 3705 537 3750 verae
567 3705 699 3772 poenae,
732 3706 813 3770 quae
843 3707 908 3750 non
939 3689 1164 3772 concipiuntur
1191 3687 1334 3754 subiecto

151 3809 218 3874 iam
241 3809 395 3883 extincto,
416 3809 471 3876 sed
495 3811 747 3876 restaurationes
771 3808 894 3876 ordinis
917 3811 996 3876 laesi
1017 3813 1050 3876 in
1066 3811 1227 3898 publicum
1251 3812 1335 3878 salu:

149 3938 226 3998 tare
249 3933 443 4020 exemplum.

243 4055 297 4123 99.
323 4057 446 4160 Qpe
477 4079 600 4145 poenae
629 4061 859 4146 gravissimae,
890 4081 1049 4126 censurae
1080 4081 1102 4126 a
1133 4061 1210 4128 inre
1231 4063 1332 4136 latae,

150 4180 262 4264 sines.
279 4182 350 4248 sive
364 4183 384 4247 l.
402 4203 439 4266 s,
457 4183 650 4266 impuberes
666 4204 732 4250 non
747 4185 974 4270 intelliguntur
988 4187 1171 4271 percellere
1194 4208 1252 4252 seu
1271 4188 1334 4252 nisi

152 4324 310 4392 expresse
341 4307 393 4372 isti
416 4279 756 4394 comprehendentem
780 4279 826 4374 em
848 4329 876 4374 o.
901 4329 928 4390 e.
953 4311 971 4372 1
994 4317 1026 4376 et
1047 4311 1082 4376 2.
1110 4311 1198 4378 -De
1225 4277 1334 4378 delict.

147 4449 250 4514 puer.
266 4431 309 4505 X,
327 4429 382 4517 (V,
398 4432 454 4518 23)
470 4437 501 4500 et
516 4433 577 4508 60,
596 4433 645 4500 De
667 4443 752 4500 sem.
776 4452 906 4501 eneam.
931 4435 971 4510 X,
997 4434 1052 4522 (V,
1068 4436 1135 4524 29).
1155 4438 1208 4502 Ex
1228 4438 1333 4522 eapite
