3266 5102
325 263 390 329 112
855 282 940 330 raas
964 281 986 330 1.

321 409 355 471 in
378 405 450 471 toro
473 406 689 471 conscientiae
714 411 746 469 et
772 405 957 508 executioni
981 404 1169 470 demandari
1200 404 1338 470 debeant
1360 426 1380 470 a
1403 405 1507 471 delin-

321 535 439 615 quente
462 535 537 596 aute
562 529 673 594 iudicis
697 530 890 596 sententiam
914 530 1157 603 declarantem,
1184 531 1305 595 crimen
1330 529 1430 595 tuisse
1453 550 1507 615 pa·

320 662 440 722 tratum
464 660 497 721 et
519 656 596 720 hino
612 656 680 740 ipso
700 655 796 728 teoto,
813 675 950 740 poenam
965 657 1066 721 fuisse
1082 657 1293 729 commissam,
1311 675 1354 722 ex
1370 659 1506 742 imperio

319 781 410 866 legis.
437 781 564 846 -Haec
588 781 732 864 quaestio
756 785 807 846 est
830 782 971 847 maxime
994 782 1141 867 practica
1164 783 1238 865 quia
1261 783 1310 847 ius
1332 783 1506 867 positivum

319 925 381 989 quo
404 906 551 986 vivimus,
576 904 759 970 huiusmodi
782 925 903 991 poenas
927 926 993 970 non
1016 925 1095 971 raro
1118 906 1229 973 infert.
1255 906 1335 970 Nam
1359 909 1393 970 in
1422 904 1505 974 Con·

321 1029 376 1096 cil.
409 1029 504 1095 Tria
530 1027 617 1096 Sese.
647 1029 706 1106 24,
732 1049 806 1114 cap.
834 1029 885 1104 18,
914 1029 945 1094 in
978 1031 1218 1096 examinatores
1249 1029 1430 1117 SynodaIee
1462 1031 1506 1096 ita

319 1153 526 1219 decernitur:
546 1173 564 1217 ‹
582 1153 788 1238 Caveantque
810 1173 852 1218 ne
876 1152 1046 1239 quidquam
1068 1174 1201 1241 prorsus
1216 1156 1386 1220 occasione
1409 1155 1506 1220 buius

319 1277 477 1342 examinis
493 1296 554 1342 nec
569 1283 644 1342 ante
668 1298 730 1342 nec
753 1283 825 1363 post
844 1279 1021 1362 accipiant;
1044 1279 1186 1363 alioquin
1210 1279 1365 1344 simoniae
1389 1279 1502 1344 vitium

317 1405 384 1468 tam
415 1401 475 1485 ipsi
506 1419 600 1484 quam
624 1401 678 1464 alii
703 1399 818 1466 dautes
848 1401 1027 1474 incurrant,
1051 1421 1071 1466 a
1095 1421 1157 1486 quo
1188 1401 1312 1466 absolui
1342 1407 1504 1486 nequeant

319 1526 380 1590 nisi
404 1524 540 1590 dimissis
563 1525 728 1590 benefieiis
751 1544 832 1610 quae
856 1525 1155 1610 quomodocumque
1179 1527 1274 1590 etiam
1301 1531 1400 1590 antea
1427 1526 1502 1590 obti-

317 1647 447 1722 nebant,
464 1650 552 1717 etad
575 1649 647 1722 alia,
665 1651 697 1712 in
714 1656 888 1734 posterum,
906 1649 1065 1714 inhabiles
1081 1650 1260 1718 reddantur
1276 1671 1307 1714 a.
1333 1652 1373 1716 In
1390 1651 1502 1716 eodem

319 1775 462 1840 Concilio
476 1774 562 1840 Sese.
579 1775 641 1856 22,
658 1796 685 1840 e.
703 1776 747 1848 11,
766 1779 881 1840 eontra
904 1779 1056 1860 patronos
1073 1775 1296 1842 Ecclesiarum
1313 1775 1397 1840 bona
1412 1797 1501 1842 usur·

317 1906 431 1986 pantes
453 1901 615 1965 statuitur.
643 1899 819 1975 «Quodsi
843 1901 988 1966 eiusdem
1012 1901 1182 1966 Ecclesiae
1206 1907 1361 1986 patronus
1391 1901 1499 1972 fuerit,

318 2027 414 2090 etiam
431 2026 501 2089 iure
517 2030 715 2110 patronatus,
735 2024 819 2088 ultra
842 2024 1023 2110 praedictas
1047 2045 1178 2111 poenas,
1195 2045 1233 2092 eo
1257 2025 1331 2108 ipso
1354 2028 1501 2110 privatus

319 2151 437 2214 existat
453 2171 481 2212 a.
508 2150 544 2212 In
570 2148 692 2214 celebri
712 2155 794 2212 'vero
818 2149 961 2215 Ecetrae.
990 2149 1231 2216 ‹Ambitiosae
1246 2170 1277 2213 s.
1303 2150 1401 2215 latet·
1428 2151 1501 2216 Em-

317 2279 403 2338 trao.
420 2292 503 2339 com.
523 2309 540 2320 -
565 2273 615 2337 De
638 2271 739 2338 rebus
761 2273 851 2338 Eccl.
867 2292 938 2339 aaa
961 2273 1155 2338 alienandis
1179 2308 1197 2322 ·
1222 2272 1379 2338 advorsus
1401 2270 1501 2338 bene·

317 2396 458 2464 boiarios
481 2399 640 2483 Episcopo
664 2397 847 2480 inferiores,
871 2397 1052 2464 alienantes
1075 2399 1123 2463 sui
1147 2397 1294 2464 beneficii
1322 2397 1407 2462 bona
1438 2403 1500 2462 sta-

317 2524 427 2601 tuitur,
452 2527 487 2586 ut
511 2522 575 2585 suis
599 2519 763 2586 beneficiis
786 2557 802 2570 -
823 2523 929 2605 ‹ipso
951 2521 1043 2604 facto
1067 2524 1188 2608 privati
1212 2525 1362 2596 existant,
1381 2520 1500 2607 illaque

316 2645 443 2731 absque
472 2645 702 2711 declaratione
732 2646 850 2730 aliqua
881 2665 1000 2710 uacare
1031 2651 1226 2712 censeantur
1258 2652 1319 2712 etc.
1342 2667 1372 2710 a.
1407 2647 1500 2714 Haeo

314 2772 419 2837 relata
442 2771 506 2836 sint
528 2770 668 2854 exempli
692 2791 799 2846 cauea,
817 2791 878 2836 nec
902 2791 968 2836 non
985 2791 1046 2854 quo
1063 2772 1176 2837 melius
1199 2776 1308 2858 pateat
1331 2773 1415 2836 ratio
1439 2772 1499 2838 bas

315 2896 406 2981 leges
430 2895 678 2980 interpretandi.

406 3023 445 3084 ln
474 3019 586 3104 primis
616 3019 815 3102 advertatur,
839 3039 918 3084 saue
950 3021 1013 3084 iuri
1044 3020 1199 3085 canonico
1228 3021 1392 3106 integrum
1426 3040 1498 3086 esse

316 3143 496 3209 huiusmodi
520 3143 643 3206 inferre
667 3163 787 3226 poenas
816 3145 875 3208 elsi
899 3143 1155 3210 secuinserentes
1178 3143 1316 3228 aliquem
1347 3140 1497 3209 effectum

310 3269 497 3350 positivam
504 3288 518 3350 ;
541 3268 697 3350 siquidem
721 3268 847 3352 poenali
870 3267 944 3353 lege
971 3267 1021 3332 fas
1044 3273 1102 3340 est,
1127 3267 1269 3332 adimere
1292 3266 1421 3332 titulum
1444 3266 1497 3331 vet

315 3394 365 3458 ius
388 3393 439 3456 cui
470 3392 686 3457 adnectuntur
717 3391 801 3456 bona
831 3392 1022 3477 temporalia
1052 3391 1105 3456 uel
1136 3391 1327 3456 exercitium
1358 3391 1497 3455 aliorum

316 3517 444 3581 iunium.
466 3517 527 3590 Qui
550 3518 635 3581 enim
659 3515 752 3583 titulo
776 3516 958 3582 destituitur
978 3515 1031 3580 vel
1049 3517 1128 3590 iure,
1146 3517 1209 3580 iam
1233 3514 1429 3600 obligatione
1445 3515 1498 3581 ad·

316 3641 486 3725 stringitur
509 3647 544 3706 ut
566 3639 605 3704 ab
629 3643 668 3705 iis
690 3640 850 3706 abstineat
864 3641 916 3705 vel
940 3639 980 3705 ab
1005 3641 1042 3705 iis
1063 3661 1097 3706 se
1114 3639 1242 3705 abdicet
1264 3639 1310 3704 illi
1335 3639 1428 3704 tituto
1444 3639 1497 3704 vel

315 3766 386 3830 iure
410 3763 563 3839 adnexis;
588 3769 620 3828 et
643 3764 773 3850 planum
798 3768 855 3829 est.

405 3885 517 3950 Veluti
540 3888 592 3951 cui
615 3885 766 3953 adimitur
789 3887 900 3951 titulus
922 3883 1079 3958 beneficii,
1104 3885 1243 3950 facultas
1266 3883 1420 3950 adimitur
1442 3903 1498 3970 pe·

316 4009 450 4096 regendi
480 4009 585 4076 officia
614 4007 763 4076 beneficii
794 4015 826 4076 et
853 4010 976 4076 reditus
998 4009 1207 4096 percipiendi.
1234 4009 1281 4075 Ol.
1312 4009 1433 4075 Suarez
1465 4013 1499 4073 et

315 4135 390 4201 Soto
414 4137 435 4200 l.
459 4137 479 4200 l.
498 4154 525 4201 c.
550 4156 576 4201 c.
601 4141 634 4200 et
656 4136 689 4200 in
713 4135 776 4199 boc
799 4135 999 4201 concordant
1022 4136 1087 4199 DD.
1105 4171 1116 4182 ·
1135 4135 1215 4200 Nam
1239 4135 1345 4202 statim
1368 4153 1409 4198 ac
1433 4133 1498 4198 cri-

314 4279 389 4326 men
420 4260 481 4324 etsi
508 4260 668 4324 occultum
699 4265 862 4345 patratum
893 4265 953 4341 est,
975 4279 1112 4346 poenam
1136 4265 1290 4325 meretur.
1317 4259 1499 4323 Praeterea

313 4385 376 4451 hoo
401 4385 553 4452 convenit
575 4386 638 4450 iuri
663 4405 734 4450 can.
759 4385 875 4470 quippe
898 4405 958 4470 per
980 4405 1109 4470 poenas,
1128 4385 1160 4449 in
1183 4385 1305 4470 primis.
1330 4380 1499 4448 contendit
