3266 5102
317 285 381 350 170
840 303 925 350 raas
949 302 972 349 1.

314 431 436 492 vantur
453 427 507 492 vel
531 447 651 508 omnes,
671 427 723 491 νο]
747 427 922 492 nonnullae
938 427 991 492 vel
1010 426 1127 512 partim
1144 426 1196 494 νο]
1212 429 1399 493 universim.
1418 428 1497 493 Pec-

314 558 461 617 catorum
484 554 569 617 enim
593 552 754 618 absolutio
774 572 833 617 nos
848 553 1039 617 reconciliat
1055 553 1130 634 Deo,
1148 554 1199 618 cui
1215 553 1309 618 amici
1327 559 1359 618 et
1374 553 1496 618 inimici

315 675 425 742 eodem
449 681 594 761 tempore
618 695 689 741 esse
715 669 779 739 non'
803 695 987 761 possumus:
1012 681 1046 740 at
1068 675 1185 742 ablatio
1204 675 1326 742 vinculi
1350 675 1498 761 poenalis

314 799 421 866 aufert
445 796 578 864 effectus
602 798 754 864 iuridicos
777 818 843 863 non
866 819 886 863 a
909 804 1021 864 nostra
1036 798 1201 865 voluntate
1224 801 1422 872 constitutos.
1440 799 1497 864 sed

313 925 353 990 ab
377 926 570 991 auctoritate
594 924 769 1008 superioris
790 925 843 1008 qui
861 924 956 1004 valet,
974 924 1116 989 resoluto
1132 945 1195 989 uno
1216 945 1338 1010 poenae
1353 925 1495 996 vinculo.

312 1051 410 1115 alium
443 1051 629 1133 relinquere
652 1051 826 1125 intactdm;
858 1068 910 1114 ex.
935 1070 984 1135 gr.
1011 1051 1082 1135 quis
1114 1049 1326 1135 expluribus
1356 1052 1497 1116 incursis

314 1177 460 1241 censuris
483 1175 522 1240 ab
547 1195 611 1240 una
639 1179 766 1240 tantum
794 1173 915 1240 absolvi
943 1179 1048 1261 potest
1075 1176 1127 1239 vel
1153 1195 1173 1240 a
1199 1175 1345 1261 pluribus
1371 1177 1423 1241 vel
1456 1176 1497 1240 ab

313 1301 469 1368 omnibus.
487 1337 501 1348 -
520 1300 662 1367 Proinde
682 1301 751 1384 qais
767 1301 889 1366 invitus
905 1305 938 1365 at
952 1301 1115 1368 reluctans
1136 1300 1337 1366 absolutione
1361 1304 1413 1367 νο]
1438 1302 1498 1367 dis·

313 1427 499 1514 pensatione
522 1425 634 1490 donari
658 1430 773 1511 potest.

403 1552 477 1617 114.
502 1549 874 1660 tfflsque—actu
882 1551 1033 1635 positivo
1057 1550 1388 1633 dispensationis-vel
1402 1550 1496 1626 abso-

312 1677 450 1744 lutionis
473 1676 650 1766 resolvitur
671 1676 836 1764 vinculum
859 1676 1005 1761 poenale,
1031 1673 1114 1760 quod
1129 1675 1182 1740 vel
1205 1674 1246 1740 ad
1269 1681 1396 1741 certum
1417 1679 1496 1740 tem·

292 1794 371 1887 “pus
393 1799 445 1867 vel
469 1785 528 1866 snb
552 1800 735 1866 conditione
758 1801 942 1867 resolution
967 1802 1147 1884 impositum
1170 1800 1240 1865 fuit.
1266 1797 1432 1866 Censurae
1456 1799 1495 1864 ad

312 1934 435 1994 certum
453 1933 578 2012 tempus
595 1926 679 1991 haud
697 1925 814 1990 inferri
829 1932 972 2010 possunt,
986 1927 1033 1992 uti
1049 1927 1110 1990 iam
1127 1926 1376 2011 explicavimus;
1395 1947 1496 2010 quare

312 2055 338 2119 si
355 2074 430 2119 usus
453 2053 588 2117 alicuius
611 2053 690 2116 iuris
716 2048 893 2136 spiritualis
916 2049 1129 2116 interdicatur
1144 2051 1191 2116 ad
1207 2055 1336 2116 certam
1351 2056 1495 2134 tempas,

311 2197 377 2242 non
409 2195 553 2244 censura
582 2175 721 2240 habetur
751 2173 807 2239 sed
839 2194 962 2258 poena.
989 2175 1134 2240 Censura
1164 2180 1271 2240 autem
1303 2175 1384 2239 ferri
1409 2175 1497 2240 valet

312 2302 370 2367 sub
394 2301 577 2366 conditione
603 2300 797 2376 resolutiva;
823 2299 949 2384 quando
973 2301 1018 2364 ita
1041 2299 1203 2375 edicatur;
1228 2301 1294 2365 eris
1313 2320 1496 2364 excommu-

312 2426 436 2490 nicatus
460 2424 511 2488 vel
538 2443 712 2509 suspensus
735 2441 897 2507 quousque
920 2423 1007 2486 illam
1039 2443 1108 2488 rem
1133 2424 1314 2489 restitueris
1337 2430 1394 2488 aut
1415 2424 1496 2488 illud

310 2550 521 2636 praestiteris.

403 2671 476 2738 115.
501 2669 681 2762 &patarea
704 2669 867 2737 absolutio
892 2675 926 2737 et
948 2671 1154 2754 dispensatio
1175 2670 1293 2736 dantur
1315 2673 1412 2736 etiam
1437 2671 1497 2736 sub

311 2796 493 2862 conditione
509 2798 714 2880 suspensivo;
738 2816 796 2860 seu
820 2815 913 2862 aare
929 2795 1151 2862 conceduntur
1166 2795 1222 2860 sed
1238 2815 1298 2880 pro
1314 2801 1395 2863 tuac
1410 2797 1497 2862 vale·

309 2918 405 2992 bunt:
423 2939 480 2986 seu
503 2917 629 3002 quando
654 2918 795 2982 conditio
818 2917 992 3004 adimpleta
1006 2918 1113 2983 fuerit.
1133 2953 1151 2966 -
1169 2919 1313 3014 Denique
1328 2918 1496 2988 absolutio

309 3044 454 3110 sednon
478 3043 684 3126 dispensatio
709 3043 901 3108 conceditur
932 3042 992 3107 sub
1024 3042 1206 3108 conditione
1228 3044 1413 3110 resolutiaa
1436 3066 1496 3110 seu

309 3168 349 3233 ad
372 3169 654 3250 reincideatiam5
678 3166 757 3232 adeo
782 3173 817 3232 ut
840 3168 958 3232 iterum
974 3168 1044 3251 quis
1060 3167 1180 3232 incidat
1203 3169 1236 3232 in
1261 3187 1433 3234 censuram
1455 3169 1496 3234 ob

310 3314 374 3358 non
391 3294 554 3379 impletam
571 3292 796 3358 conditionem.
810 3292 921 3357 Veluti
939 3293 1041 3358 Titius
1052 3291 1237 3368 absolvitur,
1255 3293 1313 3359 sub
1330 3315 1370 3359 ea
1384 3301 1496 3360 tamen

309 3415 493 3480 conditione
516 3419 552 3479 ut
575 3415 753 3480 satisfaciat
769 3416 854 3500 parti
868 3415 986 3488 laesae,
1004 3415 1087 3499 quod
1110 3417 1136 3480 si
1152 3436 1216 3480 non
1232 3418 1442 3501 praestiterit,
1462 3419 1495 3480 in

308 3539 454 3605 eamdem
478 3538 636 3606 reincidat
659 3559 840 3604 censuram.
866 3539 958 3605 Haeo
982 3539 1121 3604 conditio
1147 3539 1392 3606 reincideatiae
1418 3541 1494 3606 addi

308 3668 412 3748 potest
435 3663 487 3727 vel
510 3682 532 3727 a
556 3662 641 3736 iare,
668 3681 783 3747 nempe
806 3681 826 3726 a
848 3663 921 3748 lege
946 3664 1026 3749 ipsa,
1050 3662 1103 3728 νο]
1128 3662 1343 3738 adhortatae,
1369 3664 1495 3730 scilicet

307 3787 347 3852 ab
371 3785 476 3853 officio
500 3786 622 3852 iudicis.
649 3788 698 3852 lta
722 3807 744 3851 a
766 3785 851 3861 iure,
878 3788 978 3853 veluti
995 3807 1070 3874 ary.
1088 3807 1163 3871 cap.
1180 3787 1241 3862 22,
1259 3787 1310 3856 De
1332 3794 1416 3855 sent.
1436 3809 1492 3856 aa.

305 3997 442 4052 sibilitate
461 3997 609 4051 confitendi
624 4001 673 4050 avit
687 4014 759 4067 quae
772 3996 813 4050 illi
828 3999 981 4052 confitetur
993 4001 1088 4056 eadem
1102 3999 1263 4055 absolvendi
1283 4003 1425 4069 potestate
1437 4017 1494 4056 nou

306 4103 432 4172 pollenti.
454 4103 532 4156 Tanc
558 4104 580 4155 si
602 4104 624 4156 is
647 4103 703 4156 alia
727 4108 841 4172 peccata
866 4104 918 4158 rita
938 4106 1079 4160 confessus
1103 4106 1140 4160 sit
1165 4112 1194 4160 et
1212 4105 1282 4160 haec
1302 4107 1493 4172 remittantur,

308 4209 416 4279 reliqua
441 4213 576 4264 indirecte
597 4209 777 4264 remittantur
802 4215 920 4278 oportet.
941 4209 993 4265 Sed
1013 4228 1146 4267 censuras
1165 4215 1302 4267 indirecte
1322 4211 1377 4266 non
1400 4212 1494 4266 absol·

306 4320 425 4384 vuntar3
443 4315 509 4386 quis
533 4315 655 4370 resolata
675 4331 730 4369 uno
748 4315 870 4382 vincola,
892 4313 966 4371 aliae
988 4333 1122 4373 censurae
1144 4318 1297 4372 incolumes
1326 4334 1493 4387 parmanere

306 4421 411 4477 velent.
