3266 5102
517 352 560 400 nn
585 351 739 400 naurcrrs
763 353 805 398 nr
829 349 948 398 rouurs
1257 327 1317 393 131

134 474 361 562 spiritualibus
394 475 451 540 sed
488 473 685 540 solummodo
719 471 831 538 fideles
866 491 977 537 eorum
1013 470 1236 536 communione
1267 472 1322 535 vel

133 619 240 688 opera
264 600 320 672 uti,
343 599 397 663 vel
419 599 496 684 ipsis
519 599 681 664 inservire
704 602 856 683 possunt;
881 617 933 661 en.
950 616 1000 682 gr.
1018 616 1037 661 a
1053 597 1234 661 consumtis
1248 615 1322 681 pos·

133 732 216 790 sunt
238 726 304 810 peti
328 727 540 796 sacramenta,
566 723 663 789 etiam
695 721 784 788 nulla
807 741 850 786 ex
873 721 1068 787 necessitate
1090 720 1142 784 vel
1173 720 1322 786 utilitate.

134 851 266 916 Verum
291 851 366 934 quia
389 867 554 915 caesurae
577 855 652 914 sunt
676 867 800 934 poenae
824 847 1053 919 medicinales,
1079 847 1174 910 etiam
1198 865 1325 911 excom·

136 975 312 1038 municatis
327 971 464 1036 vitandis
489 990 553 1036 non
576 970 768 1056 prohibetur
784 991 861 1037 usus
877 969 1072 1036 sacramenti
1084 969 1322 1051 poenitentiae,

137 1101 172 1162 et
194 1097 282 1162 sacri
306 1096 428 1161 Viatici
451 1097 485 1160 in
507 1095 644 1160 articulo
669 1069 790 1160 mortis,

232 1223 286 1287 85.
312 1221 396 1296 Quia
417 1220 567 1286 vitandis
590 1221 768 1285 censuratis
791 1220 921 1284 omnino
946 1218 1137 1305 prohibetur
1152 1239 1228 1284 usus
1243 1237 1324 1302 quo·

138 1345 289 1410 rumdam
306 1347 423 1410 iurium
440 1365 521 1430 quae
536 1365 703 1417 exercere,
719 1345 909 1428 respective,
925 1344 975 1408 isti
988 1363 1052 1408 non
1064 1349 1197 1428 possunt
1213 1343 1323 1408 necin

136 1471 280 1536 aliorum
299 1469 439 1534 fidelium
456 1469 638 1544 utilitatem,
652 1469 780 1554 dempto
793 1487 870 1534 casu
886 1469 1097 1554 gravissimae
1113 1469 1322 1541 necessitatis,

137 1616 214 1660 cum
236 1594 279 1659 ab
303 1596 341 1660 iis
357 1593 504 1658 omnibus
518 1593 752 1680 prohibeantur
775 1613 857 1677 quae
880 1592 1014 1658 subsunt
1036 1599 1200 1659 emtermae
1222 1592 1322 1658 adrni-

139 1723 326 1788 nistrationi
349 1722 525 1796 Ecclesiae,
550 1722 707 1803 sequitur:

232 1849 264 1933 l)
290 1849 381 1932 Ipsos
410 1853 518 1914 tamen
548 1846 654 1912 valide
686 1823 744 1912 ea.
755 1866 878 1933 ponere
908 1865 990 1930 quae
1021 1865 1064 1911 ex
1095 1844 1322 1912 sacramentali

136 1971 338 2036 charactere
355 1971 542 2050 consistunt,
559 1989 617 2033 seu
632 1968 741 2034 valide
757 1970 906 2055 recipere
922 1973 954 2033 et
970 1967 1197 2032 administrare
1216 1986 1324 2032 sacra-

137 2099 260 2158 menta.

229 2218 265 2302 2)
282 2215 429 2282 Invalide
444 2221 550 2282 autem
563 2237 685 2302 ponera
701 2221 797 2283 actus
811 2215 1055 2282 iurisdictionis
1071 2215 1321 2298 ecclesiasticae,

136 2363 221 2427 quos
244 2342 352 2407 valide
377 2343 511 2407 tolerati
534 2347 701 2406 exercent.

233 2467 267 2552 3)
292 2467 341 2531 Ea
372 2484 453 2550 quae
485 2470 560 2530 sunt
589 2465 746 2530 naturalis
777 2466 855 2530 iuris
887 2469 978 2530 certe
1001 2465 1193 2532 evitandis
1215 2465 1322 2532 valide

138 2585 229 2654 liunt.
254 2589 304 2652 Ea
327 2609 409 2672 quae
426 2588 533 2654 cicilie
556 2588 655 2662 iuris,
679 2587 775 2652 hodie
799 2589 895 2654 etiam
924 2587 1031 2652 valide
1056 2587 1154 2664 fiunt;
1179 2587 1322 2673 quando-

137 2712 268 2798 quidem
293 2713 398 2778 civilis
421 2714 597 2808 auctoritas
621 2712 801 2778 censuratis
821 2711 918 2776 hodie
941 2732 1007 2776 non
1029 2713 1140 2779 aufert
1154 2712 1321 2778 iuridicam

136 2839 351 2923 capacitatem
380 2841 509 2901 actuum
537 2842 570 2903 et
600 2856 770 2901 munerum
800 2836 962 2913 civilium;
987 2837 1069 2921 quod
1101 2837 1177 2902 olim
1206 2836 1321 2914 fiebat;

137 2961 347 3047 quamobrem
372 2963 642 3026 excommunicati
665 2966 892 3026 testamentum
913 2962 1055 3028 condere
1078 2983 1143 3027 non
1170 2963 1322 3028 valebant

138 3092 172 3150 et
195 3087 261 3150 alia
282 3083 315 3149 id
338 3105 440 3171 genus
463 3084 585 3150 civibus
608 3086 833 3170 competentia.

231 3210 284 3275 86.
310 3211 362 3274 Ex
390 3208 482 3274 dictis
509 3213 605 3295 patet,
631 3229 787 3274 censuras
811 3229 881 3274 esse
905 3229 1025 3293 poenas
1048 3211 1100 3276 vel
1117 3231 1198 3296 pure
1221 3231 1322 3298 nepa·

138 3335 228 3400 tices
251 3335 305 3399 vel
329 3335 506 3420 nepotibus
521 3333 660 3407 uniatur,
678 3340 712 3400 at
727 3353 857 3420 semper
873 3333 997 3398 incurri
1012 3335 1085 3419 ipso
1105 3335 1207 3419 sacto,
1225 3339 1321 3404 etiam

138 3463 215 3524 ante
243 3459 357 3524 iudicis
379 3461 573 3525 sententiam
597 3459 874 3534 declarator-ium,
899 3459 1025 3544 quando
1048 3463 1112 3527 sint
1134 3463 1225 3528 tutae
1247 3481 1320 3529 sea·

139 3585 275 3650 tentiae.

232 3707 397 3781 Quatenus
421 3725 560 3772 censura
584 3713 634 3776 est
660 3727 775 3792 poena
804 3707 1017 3774 medicinalis
1047 3709 1202 3774 nonnulla
1224 3709 1321 3775 habet

138 3831 290 3916 propria,
323 3831 414 3896 iuxta
443 3830 607 3896 decretum
641 3834 775 3915 eup.1,
803 3832 854 3898 De
882 3833 1047 3898 sententie
1077 3851 1208 3901 aecem.
1239 3832 1274 3898 iu
1298 3835 1321 3898 6

139 3953 198 4038 (ll,
225 3953 290 4039 ll),
315 3973 430 4040 nempe
456 3955 580 4022 ‹Cum
603 3955 815 4022 medicinalis
837 3956 881 4022 sit
903 3957 1226 4030 excommunicatio,
1250 3977 1320 4024 aea

139 4077 306 4152 mortalis,
323 4077 556 4161 disciplinans,
572 4097 642 4144 nea
658 4078 850 4161 eradicans,
869 4079 952 4144 dam
973 4085 1086 4146 tamea
1108 4081 1137 4146 is
1159 4080 1197 4146 ia
1219 4101 1320 4166 quem

138 4206 210 4270 tute
233 4202 361 4286 suerat,
385 4222 455 4270 noa
478 4209 679 4285 contemnat,
703 4209 800 4270 caute
819 4205 1004 4288 provideat
1032 4205 1140 4272 iudea
1170 4209 1320 4275 ecetesia-

139 4327 259 4404 stieus,
288 4333 326 4394 ut
352 4327 391 4393 ia
420 4345 462 4393 ea
490 4328 634 4412 serenda
661 4329 816 4396 ostendat
840 4349 877 4396 se
898 4331 1065 4415 prosequi
1095 4332 1188 4417 quod
1215 4334 1320 4399 cerri·

139 4450 250 4536 pentir
263 4449 372 4534 suerit
387 4455 419 4517 et
433 4451 596 4518 medentis
609 4473 638 4517 a.
656 4451 842 4518 Bonilacius
857 4455 941 4520 Vlll
960 4456 993 4519 in
1008 4474 1083 4538 cap.
1097 4453 1151 4530 13,
1170 4456 1320 4523 eiusdem
