3290 5100
561 331 604 376 ou
620 330 783 394 ,uunroms
806 331 849 376 ar
872 329 991 378 sonnis
1299 311 1364 378 469

184 450 236 516 edi
253 470 317 516 non
333 455 492 538 poterant,
506 451 562 518 sed
575 457 665 518 certa
681 453 736 518 lex
752 473 816 518 non
832 454 954 519 aderat.
969 453 1055 520 Scite
1071 452 1211 519 advertit
1227 455 1268 519 cl.
1284 455 1366 518 Pen-

185 577 303 641 nacchi
315 596 352 660 p.
369 576 453 650 204,
471 577 557 642 hanc
580 577 830 662 prohibitionem
855 580 1019 664 respicere
1044 598 1157 644 causas
1169 580 1364 661 pendentes,

184 722 250 767 non
278 723 392 770 causas
416 705 479 768 iam
507 703 669 770 absolutas
700 705 833 770 solemni
864 704 996 771 decreto
1028 703 1280 772 Beatiiicationis
1309 708 1367 770 aut

187 824 454 892 Canonizationis.
471 827 597 891 Verum
622 832 794 911 praeterea
817 833 916 909 notat,
933 828 1108 892 maximum
1133 829 1230 893 etiam
1253 827 1366 894 adesse

185 955 361 1019 discrimen
385 953 567 1019 medendis
590 954 744 1020 eiusmodi
768 957 848 1020 actis
864 959 936 1040 post
954 953 1134 1018 absolutum
1157 953 1309 1017 iudicium
1325 953 1366 1019 ob

185 1078 372 1144 scandalum
396 1078 479 1162 quod
496 1081 643 1164 ignarum
661 1080 792 1164 vulgum
815 1081 881 1164 pati
905 1083 1018 1163 potest,
1035 1079 1066 1142 iu
1084 1077 1289 1164 perlegendis
1305 1077 1365 1142 dif-

176 1200 390 1273 tlcultatibus,
410 1207 523 1287 suapte
547 1203 581 1268 vi
606 1203 729 1267 exortis
751 1207 809 1268 aut
831 1221 874 1267 ex
897 1203 1055 1267 industria
1078 1200 1211 1266 obiectis
1235 1219 1255 1264 a
1277 1201 1367 1268 Pro·

186 1329 316 1390 motore
339 1325 438 1390 Fidei
460 1325 493 1388 in
517 1325 693 1410 agitatione
716 1343 843 1388 causae.

276 1448 370 1515 Alter
385 1449 541 1515 articulus
553 1449 621 1534 (33)
633 1449 805 1536 specialem
818 1448 1067 1534 prohibitionem
1083 1449 1286 1514 constitutam
1305 1449 1367 1512 iam

186 1571 227 1636 ab
252 1571 383 1637 Urbano
400 1572 484 1638 Vlll
508 1572 612 1655 quoad
629 1572 861 1638 collectionem
884 1571 1096 1636 Decretorum
1114 1569 1146 1636 S.
1165 1571 1264 1657 (long.
1282 1572 1367 1636 Gon·

187 1696 253 1762 cilii
281 1695 341 1781 (cf.
367 1697 434 1764 Vol.
460 1697 508 1771 11,
531 1718 565 1762 a.
590 1697 669 1783 159)
698 1696 843 1762 extendit
873 1695 913 1760 ad
940 1715 1051 1761 omnes
1080 1696 1365 1781 congregationes.

188 1806 251 1886 Sed
275 1820 465 1906 prohibetur
489 1841 553 1886 non
570 1820 665 1886 editio
688 1821 888 1906 singulorum
908 1821 1130 1901 Decretorum,
1148 1821 1255 1904 prouti
1271 1823 1367 1884 nacta

187 1947 359 2011 occasione
381 1965 444 2029 qua
458 1946 542 2011 haec
556 1947 589 2010 in
609 1945 715 2010 lucem
732 1943 881 2018 eduntur,
899 1945 959 2010 ista
977 1942 1075 2010 edere
1091 1946 1123 2008 in
1141 1964 1231 2009 more
1246 1941 1368 2008 habent

188 2070 298 2155 plures
311 2069 412 2134 libelli
428 2069 583 2156 periodioi
599 2070 761 2150 catholici,
779 2069 836 2134 sed
854 2067 1046 2154 prohibetur
1062 2069 1210 2134 collectio
1226 2087 1271 2134 eac
1281 2085 1367 2150 pro·

186 2194 276 2278 fesso
300 2195 458 2260 destinata
483 2193 522 2259 ad
550 2193 735 2260 exhibenda
760 2195 912 2272 universa
940 2193 1097 2274 Decreta,
1125 2193 1238 2258 saltem
1269 2211 1368 2276 super

188 2321 296 2404 aliqua
312 2320 456 2384 materia.
478 2319 549 2383 Hae
573 2319 780 2385 collectiones
802 2319 886 2384 euim
903 2307 942 2382 a'd
958 2315 1090 2382 fraudes
1113 2324 1147 2383 et
1169 2318 1367 2403 potissimum

187 2445 301 2512 faciles
323 2465 454 2510 errores
481 2445 657 2519 evitandos,
681 2443 760 2512 fiant
783 2449 909 2532 oportet
933 2465 1007 2511 cum
1029 2445 1126 2509 venia
1149 2444 1205 2510 SS.
1229 2443 1290 2510 CO.
1317 2441 1365 2508 Gi.

188 2572 343 2646 Germani,
365 2591 401 2655 p.
427 2571 483 2635 74.

278 2696 354 2762 395.
380 2699 464 2763 Aur.
489 2697 549 2762 34:
571 2718 589 2760 s
614 2697 739 2763 Vicarii
755 2703 786 2763 et
801 2696 1014 2764 Missiouarii
1030 2693 1217 2778 Apostolici
1232 2697 1368 2764 decreta

191 2821 226 2886 S.
247 2821 349 2905 Conp.
365 2819 622 2906 Propapuedue
637 2819 736 2885 Fidei
746 2821 946 2903 propositae
961 2819 1004 2884 de
1020 2818 1115 2885 libeas
1129 2819 1269 2884 edendis
1290 2819 1369 2904 fide·

189 2945 268 3012 liter
289 2949 424 3010 seruent
440 2963 470 3007 u.

278 3069 354 3134 396.
379 3070 518 3135 Decreta
541 3089 623 3152 quae
647 3069 723 3134 inibi
747 3069 940 3134 recoluntur
964 3070 1049 3135 edita
1072 3071 1195 3135 suntin
1213 3070 1369 3136 Collecta-

189 3213 252 3258 nea
268 3193 299 3259 S.
313 3194 347 3260 C.
363 3195 399 3259 P.
414 3195 449 3258 F.
466 3195 543 3260 edit.
562 3193 654 3260 1893
668 3193 740 3260 sub.
756 3215 815 3260 un.
832 3195 934 3276 1866,
952 3194 1052 3276 1869,
1068 3194 1169 3268 1870,
1185 3194 1277 3260 1872
1288 3214 1337 3280 sq.
1348 3231 1367 3244 -

191 3319 282 3385 Haec
306 3320 483 3404 respiciunt
504 3319 656 3384 Vicarios
673 3325 706 3385 et
723 3320 946 3384 Missionarios
970 3319 1162 3404 apostolicos
1178 3321 1230 3403 qui
1248 3319 1369 3406 depen-

189 3442 267 3508 dent
289 3445 322 3508 in
345 3464 403 3508 suo
426 3445 605 3508 ministerio
627 3442 668 3509 ab
694 3443 734 3508 Η.
760 3444 792 3509 S.
810 3445 865 3520 0.;
890 3444 974 3509 unde
997 3445 1044 3508 illi
1068 3463 1132 3508 non
1156 3445 1368 3530 comprehen-

191 3567 312 3634 duntur
335 3569 388 3651 qui
416 3569 578 3654 privilegii
603 3574 636 3634 et
658 3568 792 3635 honoris
821 3588 918 3634 causa
947 3569 1010 3634 hoc
1037 3569 1130 3634 titulo
1161 3569 1367 3636 decorantur.

193 3693 302 3776 Neque
325 3692 645 3778 comprehenduntur
673 3693 823 3778 Episcopi
848 3694 901 3776 qui
925 3692 965 3758 ab
990 3693 1031 3757 Η.
1057 3693 1087 3759 S.
1113 3694 1147 3759 Ο.
1172 3693 1314 3779 pendent
1336 3697 1369 3760 in

190 3815 271 3880 locis
293 3815 346 3880 ubi
371 3815 402 3881 S.
420 3815 618 3880 Hierarchia
641 3815 816 3880 constituta
838 3821 896 3890 est,
921 3816 1021 3881 veluti
1036 3814 1069 3878 in
1086 3815 1215 3900 Anglia,
1233 3816 1369 3881 Hollan-

191 3936 254 4012 dia,
279 3937 370 4001 ludia
393 3943 473 4014 etc.;
498 3941 560 4003 nisi
583 3939 617 4003 bi
640 3938 823 4021 specialem
846 3937 1021 4004 habuerint
1043 3935 1301 4022 prohibitionem.
1320 3941 1371 4005 Ita

191 4063 448 4148 interpretantur
471 4064 559 4129 hunc
582 4064 754 4129 articulum
778 4063 818 4128 cl.
840 4064 1002 4137 Genuam·
1020 4061 1208 4129 Pennacchi
1225 4063 1258 4128 11.
1274 4083 1320 4129 cc.
1337 4067 1371 4129 et

191 4189 440 4263 Vermeerschs
461 4209 497 4272 p.
524 4190 579 4256 95.

283 4311 462 4380 Prohibitto
490 4319 596 4378 autem
625 4314 688 4379 hoc
711 4319 808 4394 vetat,
836 4315 944 4399 prouti
962 4312 1068 4384 ⁴edicit
1091 4314 1283 4399 rescriptum
1307 4312 1370 4379 diei

194 4433 375 4501 6Decemb.
391 4435 476 4502 1655
491 4435 618 4503 «Nulli
630 4436 850 4504 Misstouurio
862 4435 1056 4520 Apostolico
1068 4435 1216 4504 cuiusuis
1227 4436 1370 4524 proclus,
