3202 5104
286 294 353 360 288
805 313 889 360 rans
915 313 936 358 ι.

286 457 441 502 censuras
455 436 497 501 ad
511 443 636 504 ceruum
651 458 822 502 numerum
839 437 1008 503 reduxerit
1022 435 1218 505 Omulitulio
1233 441 1351 522 Aposl.
1366 437 1471 505 Sonus

284 562 412 628 easdem
433 563 582 630 tumulive
605 561 799 648 significans,
817 571 851 629 at
867 564 1128 648 irregularitates
1152 564 1326 630 nullimode
1348 567 1468 650 tangit

282 687 391 761 Quare
406 691 550 773 praestat
565 707 613 794 ex.
624 687 692 771 ipso
708 688 960 773 irregularitatis
973 693 1132 773 conceptu
1149 709 1209 772 per
1224 709 1349 754 summa
1363 690 1470 753 linea-

282 817 390 878 menta
404 815 591 898 exprimere
606 815 773 878 criterium
798 833 863 898 quo
886 815 968 880 istae
983 819 1201 880 secernuntur
1216 813 1256 878 ab
1273 814 1345 879 aliis
1361 834 1469 879 reme

282 940 344 1005 diis
367 939 500 1004 huiusoe
523 939 663 1024 generis.

374 1063 604 1150 irregularitas
619 1063 693 1147 ipso
711 1063 815 1147 sacto,
832 1083 961 1149 semper
976 1065 1157 1130 incurritur
1172 1067 1289 1150 quippe
1304 1071 1354 1132 est
1368 1085 1469 1149 quae

285 1189 357 1256 dam
381 1191 537 1258 maculae
562 1195 652 1262 nolo.
677 1191 746 1256 sive
777 1212 819 1256 ex
847 1191 943 1276 culpa
970 1197 1139 1257 contracta
1168 1195 1223 1274 sit,
1247 1193 1315 1258 sive
1341 1191 1468 1277 absque

285 1313 388 1398 culpa,
413 1331 530 1378 arcens
553 1332 573 1376 a
599 1313 701 1378 sacris
724 1312 890 1378 ordinibus
904 1313 1130 1396 accipiendis
1145 1314 1344 1400 proindeque
1366 1335 1468 1380 ecer-

284 1438 408 1512 eendis,
433 1457 535 1522 quare
558 1444 608 1504 est
633 1439 794 1504 directius
823 1443 857 1506 et
875 1439 1041 1522 proprius
1067 1439 1326 1524 impedimentum
1351 1459 1468 1525 perpe

284 1569 372 1629 tuum
395 1563 479 1648 quod
502 1563 542 1628 ad
565 1562 695 1628 ordines
719 1583 830 1628 sacros
853 1562 1082 1648 suscipiendos,
1104 1583 1276 1630 removens
1298 1565 1468 1630 induecte

283 1708 303 1754 a
324 1687 545 1754 iurisdictione
575 1692 630 1752 aut
660 1687 731 1752 aliis
755 1685 868 1753 officiis
899 1693 954 1752 aut
985 1684 1159 1760 beneflciis.
1184 1693 1217 1754 et
1239 1709 1305 1752 non
1327 1689 1361 1752 in
1385 1709 1466 1774 poe

283 1833 374 1886 nam,
398 1813 455 1878 sed
485 1811 526 1877 ob
558 1813 775 1877 reverentiam
799 1813 898 1878 divini
922 1814 1093 1878 ministerii
1117 1813 1173 1899 (l).
1201 1815 1313 1898 ltaque
1332 1814 1466 1898 quando

281 1941 388 2025 agitur
404 1941 436 2005 in
456 1957 581 2004 canone
603 1937 643 2003 de
668 1938 809 2003 remedio
832 1899 966 2023 poenali
977 1937 1044 2022 ser.
1059 1945 1143 2004 seni.
1159 1939 1206 2026 (2)
1222 1945 1277 2003 aut
1296 1939 1336 2004 de
1357 1959 1466 2024 poena

282 2066 414 2152 proprie
444 2063 530 2130 dicta
552 2069 609 2130 aut
631 2064 671 2129 de
695 2083 834 2130 censura
864 2083 947 2148 quas
976 2063 1100 2129 directe
1123 2070 1157 2130 et
1179 2067 1283 2150 primo
1311 2065 1465 2150 prohibet

282 2209 346 2255 non
368 2189 614 2272 susceptionem
629 2189 685 2255 sed
709 2211 735 2254 s.
755 2189 904 2255 ordinum
920 2189 1121 2256 ommatium
1136 2195 1192 2255 aut
1207 2189 1462 2256 iurisdictionem

282 2319 337 2380 aut
359 2310 507 2380 beneficii
539 2313 847 2381 administrationem
878 2320 933 2379 aut
966 2314 1101 2386 fructus.
1130 2321 1186 2380 ant
1217 2312 1374 2380 beneficio
1405 2323 1463 2380 aut

282 2433 386 2502 officio
416 2437 522 2521 privat
552 2440 608 2502 aut
638 2437 705 2522 ipso
730 2442 814 2502 statu
838 2436 993 2510 clericali,
1019 2438 1082 2503 erit
1108 2438 1284 2523 suspensio,
1309 2439 1460 2522 privatio.

280 2562 433 2648 depositio
457 2560 644 2648 degradatio
668 2567 723 2626 aut
746 2581 966 2646 quaecumque
990 2563 1055 2627 alia
1078 2582 1216 2630 censura
1233 2567 1265 2628 et
1280 2583 1386 2648 poena
1403 2563 1462 2628 sed

280 2705 342 2750 non
374 2687 609 2772 irregularitas.
641 2688 721 2752 ilem
750 2689 858 2753 omnia
887 2687 1114 2774 impedimenta
1139 2693 1351 2775 temporanea
1376 2709 1462 2774 quae

279 2833 453 2899 progressu
477 2815 630 2899 temporis
654 2819 855 2880 evacuantur
878 2821 934 2880 aut
957 2817 1152 2900 poenitentia
1178 2815 1382 2890 auferuntur,
1407 2835 1461 2881 ve

366 3061 407 3132 (l)
428 3059 531 3120 Veluti.
549 3061 597 3133 qui
617 3077 736 3116 uxorem·
749 3061 863 3128 habens,
883 3079 916 3116 ee
935 3065 1053 3129 mortua,
1071 3063 1218 3118 ordinatur
1242 3064 1271 3117 in
1297 3064 1399 3133 sacris,
1420 3065 1459 3129 is,

277 3169 318 3234 (oi
336 3168 451 3222 aaran.
478 3168 527 3222 lin.
548 3169 589 3224 De
608 3171 681 3236 voto)
700 3173 877 3224 matrimonio
892 3171 994 3236 soluto,
1019 3179 1129 3224 uelatur
1153 3171 1182 3223 in
1204 3181 1331 3241 suscepto
1358 3173 1459 3226 ordine

277 3277 438 3330 ministrare
458 3286 484 3330 et
502 3277 539 3330 ccl
556 3279 719 3347 superiores
727 3279 862 3348 provehi3
880 3279 910 3333 'et
929 3279 963 3332 ad
975 3279 1091 3350 quodvis
1107 3279 1272 3348 beneficium
1290 3289 1316 3333 et
1336 3278 1460 3350 officium

277 3387 495 3442 ecclesiasticum
512 3389 682 3456 promoueri.
702 3417 718 3426 -
737 3389 776 3441 At
794 3387 947 3442 communis
966 3393 995 3442 et
1008 3388 1100 3442 verior
1119 3392 1162 3442 est
1180 3387 1329 3453 sententia,
1342 3387 1389 3442 hic
1402 3404 1458 3442 non

277 3499 323 3568 agi
335 3498 369 3552 de
382 3495 592 3566 irregularitate
611 3495 658 3552 sed
676 3495 709 3552 de
728 3512 794 3552 vern
810 3514 902 3568 poena
922 3529 937 3540 -
957 3498 997 3550 cf.
1011 3496 1181 3552 D'Annibaie
1199 3495 1234 3566 (I.
1248 3497 1314 3551 412.
1325 3509 1381 3552 not.
1394 3499 1457 3568 ³8).

277 3603 345 3661 item
364 3604 411 3676 qui
430 3623 453 3660 s.
473 3603 583 3660 ordines
602 3604 732 3674 suscipit,
752 3621 807 3659 non
826 3605 944 3661 servatis
970 3610 1019 3660 aut
1043 3606 1145 3676 spretis
1171 3605 1277 3674 regulis
1299 3607 1459 3674 canonicis,

275 3713 377 3785 quippe
396 3711 519 3769 ordinem
540 3713 640 3783 recipit
658 3714 692 3768 ab
712 3713 848 3784 Episcopo
867 3714 1032 3769 nominatim
1051 3715 1300 3780 excommunicato,
1313 3731 1456 3784 suspenso,

275 3822 437 3888 interdicto,
456 3821 500 3877 vei
520 3824 554 3876 ab
576 3821 710 3891 Episcopo
729 3837 784 3876 non
802 3838 865 3889 suo,
891 3821 935 3876 vel
955 3824 990 3876 ab
1010 3823 1146 3892 Episcopo
1172 3840 1222 3877 suo
1248 3823 1295 3878 sed
1315 3823 1343 3877 in
1363 3822 1457 3878 aliena

275 3929 402 3998 dioecesi,
414 3928 461 3984 vei
479 3929 589 3996 furtiva,
603 3932 652 3983 stit
672 3945 720 3999 per
738 3929 841 3983 saltum
861 3933 910 3984 aut
928 3929 988 3984 sine
1008 3929 1092 3984 titulo
1111 3934 1141 3985 et
1159 3930 1200 3985 ita
1220 3946 1309 4000 porro,
1328 3930 1458 4002 prohibe·

277 4040 321 4090 tur
340 4049 470 4089 exercere
488 4032 598 4088 ordines
616 4036 759 4102 svrsceptos
778 4036 807 4086 et
825 4033 981 4102 superiores
1002 4035 1126 4104 recipere
1154 4034 1200 4088 sed
1220 4049 1275 4088 non
1294 4035 1321 4088 vi
1341 4037 1457 4105 irrepu-

277 4141 396 4196 loritolis
415 4139 461 4194 sed
480 4141 676 4209 suspensionis.
697 4136 736 4190 Gi.
757 4135 896 4206 Gasparri,
920 4138 968 4208 Op.
989 4141 1033 4192 cit.
1052 4157 1078 4191 a.
1100 4139 1160 4192 153
1178 4155 1216 4209 sq.

366 4243 405 4314 (2)
426 4244 535 4298 Revera
554 4241 777 4312 irregularitates
796 4243 825 4297 in
843 4242 903 4297 iura
922 4259 1070 4314 expressae
1089 4247 1149 4314 ipso
1171 4249 1245 4316 sacto
1265 4244 1457 4310 incurrantur,

277 4357 306 4408 at
325 4352 395 4407 nihil
419 4351 547 4423 prohibet
571 4352 718 4424 quominus
737 4351 764 4405 S.
784 4352 913 4406 Pontifex
938 4352 1079 4408 sententie
1097 4355 1132 4408 ab
1150 4355 1262 4408 homine
1285 4352 1331 4408 vel
1356 4371 1374 4407 a
1392 4355 1457 4410 iure

278 4461 379 4515 inferre
398 4461 529 4516 decernat
547 4459 793 4530 irregularitatem.
