3306 5102
325 257 407 377 '292
860 324 944 373 esus
968 324 989 369 1.

341 451 546 537 delinquendi
569 451 625 516 sed
649 471 694 517 eae
717 449 896 517 omissione
911 447 1042 514 debitae
1057 446 1258 533 detiqeutiae
1274 467 1332 512 seu
1355 467 1397 510 ex
1422 445 1516 531 culpa

339 583 479 644 eceterae
502 578 593 663 gravi
618 578 677 641 etsi
707 575 889 660 theologice
913 573 977 639 tevi
999 579 1056 638 aut
1078 572 1190 638 forsan
1217 573 1324 638 nullu.
1355 573 1405 636 En
1430 576 1516 638 notio

339 702 578 788 quasi-delicti.
599 739 614 750 -
633 702 729 785 Atqui
746 720 810 765 non
834 705 883 764 est
906 699 1047 763 alienum
1069 697 1110 762 ab
1132 696 1241 762 indole
1264 697 1517 784 irregularitatis

341 833 375 892 ut
397 827 493 891 alicui
517 827 603 891 laeto
626 827 763 909 celposo
778 825 862 890 haee
876 824 1069 890 adnectatur
1084 843 1104 888 a
1118 823 1190 888 iure
1207 823 1317 908 posit.;
1342 842 1416 887 nam
1439 823 1519 888 irre·

341 952 539 1037 gularitates,
557 957 669 1035 suapte
686 955 812 1031 natura,
830 952 993 1036 pertinent
1008 950 1055 1014 ad
1076 947 1194 1031 soram
1209 953 1400 1014 aeternam.
1419 983 1438 996 -
1456 947 1518 1014 Sed

341 1097 423 1142 unus
445 1080 568 1140 tantum
592 1081 782 1140 recensetur
806 1095 909 1155 casus,
934 1073 1085 1138 videlicet
1108 1071 1313 1138 homicidium
1341 1073 1517 1157 culpcsum,

340 1203 601 1286 quotiescumque
617 1221 659 1265 ex
675 1199 834 1266 adiunctis
847 1199 998 1266 aeternis
1014 1200 1193 1272 coniicitur,
1208 1197 1400 1264 homicidam
1418 1198 1517 1264 fuisse

340 1327 373 1390 in
397 1325 491 1410 culpa
516 1324 555 1390 ob
579 1326 782 1390 omissionem
807 1324 933 1390 debitae
957 1322 1151 1409 diligentiae.

432 1449 504 1515 198.
531 1449 580 1512 Re
598 1468 676 1513 sane
691 1467 780 1528 vere,
798 1448 842 1512 uti
859 1447 1065 1519 advertimus,
1083 1446 1344 1531 irregularitates
1359 1452 1515 1531 spectant,

341 1579 453 1658 suapte
469 1579 595 1656 natura,
615 1573 657 1639 ad
681 1574 786 1639 forum
804 1578 993 1648 externum;
1017 1571 1102 1638 unde
1117 1573 1215 1638 index
1231 1574 1470 1640 ecclesiasticus
1484 1575 1515 1638 in

341 1705 514 1784 conspectu
530 1701 609 1765 tanti
626 1699 780 1764 facinoris
796 1700 914 1783 patrati
930 1719 993 1762 non
1011 1719 1053 1764 ex
1069 1699 1233 1784 proposito
1249 1697 1457 1782 delinquendi
1468 1699 1515 1764 de·

342 1824 477 1889 liberato
493 1823 548 1889 sed
565 1824 714 1910 exculpe
728 1843 785 1888 seu
802 1843 844 1888 ex
861 1823 1031 1888 omissione
1046 1821 1176 1889 debitae
1192 1822 1387 1907 diligentiae,
1404 1829 1515 1890 censet

340 1955 507 2014 auctorem
530 1948 691 2014 homicidii
716 1949 893 2013 incurrisse
915 1948 1205 2032 irregularitatem
1229 1949 1357 2034 quippe,
1373 1949 1437 2014 nisi
1453 1950 1513 2014 evi·

341 2075 456 2139 denter
491 2072 645 2158 probetur
679 2073 895 2147 contrarium,
920 2073 1097 2157 praesumit
1131 2074 1223 2158 gravi
1256 2073 1387 2158 culpae,
1412 2078 1449 2138 ut
1471 2075 1513 2137 iia

341 2193 455 2275 dicam,
479 2199 642 2260 eateraae
665 2193 928 2280 correspondisse
950 2215 1085 2279 gravem
1109 2194 1236 2278 culpam
1260 2193 1442 2260 tarasiam.
1469 2197 1515 2260 lta

340 2316 567 2403 intelligendus
591 2323 639 2384 est
663 2305 914 2384 textus‘concil.
939 2318 1025 2384 Trid.
1050 2337 1128 2384 sess.
1153 2317 1206 2400 14,
1232 2337 1306 2401 cup.
1326 2317 1357 2390 7.
1384 2318 1433 2382 De
1451 2317 1514 2398 ref.

341 2445 386 2511 ita
417 2449 608 2529 conceptus:
635 2445 713 2510 <Si
739 2463 817 2511 uere
840 2445 1060 2511 homicidium
1091 2463 1162 2511 aaa
1188 2463 1233 2510 ea
1255 2443 1434 2527 proposito
1458 2443 1515 2508 sed

342 2587 424 2634 casu
453 2569 505 2634 vet
535 2569 605 2634 uim
636 2569 669 2634 oi
699 2569 893 2651 repellendo
917 2574 954 2633 ut
977 2568 1111 2653 quisse
1134 2587 1158 2634 a
1179 2573 1288 2634 morte
1318 2567 1515 2651 defenderet

340 2693 446 2776 fuisse
475 2701 748 2761 consummatum
774 2697 946 2762 narretur.
972 2711 1077 2778 quaen
1100 2692 1141 2759 ob
1164 2711 1305 2759 cuasam
1336 2692 1439 2758 edum
1468 2693 1514 2758 ad

341 2837 520 2885 sacrorum
543 2819 704 2886 ordinem
728 2826 758 2883 et
781 2817 901 2883 attaris
923 2817 1148 2884 ministeriam
1172 2823 1202 2883 et
1227 2817 1388 2901 beneficia
1411 2837 1514 2902 quae-

341 2961 485 3027 cumque
518 2961 560 3008 ae
594 2943 773 3028 dignitates
809 2961 888 3009 ruse
919 2959 1174 3015 ouonnsuuono
1207 2959 1428 3008 msenusnmo
1458 2943 1516 3007 de-

340 3068 472 3141 beatur,
498 3068 726 3134 committatur
749 3067 814 3133 loci
845 3067 1023 3133 ordinario
1054 3071 1182 3132 autea
1213 3085 1319 3132 eausa
1345 3071 1517 3148 metropo-

341 3194 445 3258 litano
469 3196 528 3257 eut
558 3191 714 3258 viciniori
738 3191 904 3273 Episcopo
928 3191 987 3275 qai
1010 3209 1081 3256 noa
1103 3191 1171 3257 atsi
1194 3210 1298 3257 eausa
1326 3189 1464 3276 cognitu
1487 3196 1517 3256 et
1633 3209 1634 3220 ¹

336 3314 491 3397 probatis
508 3313 667 3398 precibus
691 3334 733 3380 ue
755 3315 908 3380 pereatis
930 3335 992 3381 aee
1015 3315 1114 3380 aliter
1137 3315 1336 3397 dispensare
1356 3317 1466 3397 possit
1486 3337 1515 3380 s.

341 3440 422 3514 Quia
445 3444 553 3507 textus
575 3441 716 3524 loquitur
737 3440 776 3503 de
793 3441 1016 3506 controversia
1039 3439 1217 3504 dirimenda
1241 3459 1345 3505 eausa
1368 3441 1516 3527 cognito,

340 3584 420 3650 ergo
444 3564 587 3631 excludit
610 3563 730 3630 factum
746 3565 919 3632 notorium
933 3565 1096 3631 homicidii
1120 3567 1280 3631 commissi
1305 3566 1425 3650 absque
1452 3567 1517 3632 ulla

340 3690 448 3774 culpa,
472 3691 528 3755 sed
552 3710 594 3756 ex
617 3693 649 3755 vi
672 3693 785 3756 maiori
808 3709 865 3756 sen
889 3711 965 3757 casu
988 3697 1044 3756 ant
1068 3712 1110 3758 ex
1133 3693 1327 3757 necessitate
1350 3693 1516 3778 legitimae

339 3813 545 3878 defensionis.
577 3815 615 3880 ln
639 3814 751 3886 dubio,
777 3815 872 3880 iudex
895 3819 1004 3880 tuetur
1027 3815 1132 3900 legem
1156 3814 1325 3881 Ecclesiae
1348 3821 1517 3882 arcentem

339 3939 514 4004 homicidas
529 3939 570 4004 ab
593 3939 698 4012 altari,
724 3943 757 4004 et
772 3940 945 4023 dispensat
961 3937 1007 4028 (l)
1032 3960 1087 4006 seu
1111 3940 1256 4006 declarat
1279 3940 1517 4026 irregularitati
1631 3916 1632 3929 ἵ

420 4131 458 4202 (l)
477 4131 632 4186 Concilium
652 4149 706 4186 nou
720 4148 803 4201 agere
816 4133 849 4186 de
862 4133 1067 4202 dispensatione
1077 4135 1195 4204 proprie
1211 4133 1284 4190 diota
1303 4133 1349 4189 sed
1369 4133 1403 4189 de
1422 4136 1519 4190 deote-

339 4239 449 4293 rationa
471 4243 548 4308 patet
572 4255 606 4293 es
633 4239 692 4308 ipsa
711 4240 819 4295 ratione
844 4240 990 4311 loquendi3
1009 4241 1110 4311 quippe
1130 4241 1171 4295 ait
1190 4241 1205 4280 ὲ
1225 4243 1287 4296 iure
1312 4242 1518 4312 quodammodo

339 4345 507 4414 dispensatio
526 4347 660 4400 debeatur
685 4377 704 4410 .,
722 4348 768 4402 scd
788 4349 899 4416 propria
917 4347 1086 4418 dispensatio
1105 4363 1160 4402 non
1179 4345 1242 4402 iare
1257 4347 1304 4404 ssd
1318 4365 1352 4403 ex
1365 4349 1518 4404 clementia

340 4451 476 4520 Principis
494 4451 696 4522 expostulatur,
714 4454 754 4508 uti
775 4454 973 4524 explicavimus
993 4473 1018 4508 u.
1042 4454 1099 4510 103.
