3302 5100
607 335 715 382 mons
738 333 941 382 sraorrrous
1298 311 1366 379 605

185 456 252 516 157.
273 457 437 535 Suspensio
458 459 497 516 ab
519 458 618 532 officio
641 474 701 516 non
723 474 827 516 seeum
840 459 938 516 trahil
953 457 1181 534 suspensionem
1202 473 1223 514 a

314 564 470 640 beneflcio,
491 580 587 641 nequo
609 564 766 641 suspensio
787 582 808 622 a
829 565 976 640 beneficio
995 563 1223 640 suspensionem

313 671 352 730 ab
372 670 487 749 officim
509 671 667 748 suspensio
688 687 764 728 vero
786 669 965 748 simpliciter
981 670 1115 746 decreta,
1131 668 1225 729 afficit

314 777 447 852 officiam
469 779 501 836 61
524 779 707 855 beneficiam
709 819 1168 840 ..........
1203 793 1280 853 pap.
1302 775 1363 834 233

186 882 253 944 158.
274 883 352 950 Quid
373 883 560 945 seeumierat
580 886 738 962 suspensio
759 887 797 944 ad
819 885 931 944 ordine
950 901 1004 944 seu
1025 902 1046 943 a
1067 885 1187 943 diuinis
1216 928 1223 942 .
1263 901 1281 944 ›
1322 881 1364 941 ibi

186 988 253 1050 159.
274 991 351 1057 Quid
373 992 530 1069 suspensio
551 1010 572 1050 a
586 992 815 1052 iurisdictione.
829 994 878 1051 An
893 1007 1057 1068 suspensus
1073 993 1223 1050 toleratas

315 1095 430 1172 valeat,
452 1097 566 1175 absque
586 1098 676 1175 gravi
705 1115 809 1175 cansa,
838 1097 944 1175 rogari
971 1100 1006 1156 nt
1033 1097 1225 1156 administret

317 1204 444 1262 vetitam
466 1205 660 1281 potestatem.
685 1205 794 1264 Utrum
822 1203 898 1264 haee
926 1207 1083 1281 suspensio
1111 1201 1225 1262 afficiat

314 1312 433 1370 tantum
449 1313 536 1370 aetus
550 1312 601 1388 qui
615 1329 703 1370 suam
717 1312 778 1370 rim
792 1312 953 1371 desumunt
962 1328 983 1369 a
994 1310 1222 1370 iurisdictione·
1263 1327 1281 1372 a
1303 1309 1366 1369 235

187 1414 256 1476 160.
276 1415 320 1476 06
341 1417 539 1494 suspensione
559 1418 597 1476 ab
619 1417 732 1477 ordine
747 1419 939 1494 pontificali,
968 1417 1007 1477 ab
1036 1433 1091 1476 usu
1116 1418 1223 1492 ponti·

300 1526 468 1602 ficaliam,
491 1527 545 1584 aut
564 1523 743 1601 simpliciter
762 1543 783 1583 a
798 1525 1070 1601 pontificalibus.
1113 1569 1121 1584 .
1165 1567 1171 1582 .
1216 1568 1223 1583 .
1263 1522 1365 1584 »237

187 1627 255 1689 161.
276 1629 322 1688 Ex
343 1633 432 1690 modo
453 1649 512 1709 quo
527 1629 624 1690 fertur
638 1631 833 1708 distinguitur
846 1631 1004 1708 suspensio
1017 1631 1056 1690 ad
1071 1633 1224 1690 cautelam

316 1739 348 1795 et
367 1738 525 1815 suspensio
546 1756 585 1798 ea
605 1739 779 1816 informata
798 1739 984 1797 conscientia
1014 1781 1222 1799 .....
1263 1753 1281 1798 s
1303 1735 1364 1796 238

188 1841 256 1904 162.
277 1844 327 1903 Au
347 1845 506 1922 suspensio
526 1847 565 1903 al>
586 1845 686 1920 officia
707 1845 769 1902 vim
791 1844 905 1904 habeat
925 1845 1019 1904 etiam
1034 1847 1124 1904 extra
1139 1845 1223 1903 dioe-

318 1952 410 2012 cesim
431 1951 496 2011 sive
517 1953 708 2012 censurantis
729 1951 795 2011 sive
817 1952 971 2012 censurati
974 1995 1222 2013 ......
1264 1967 1282 2012 a
1304 1950 1365 2011 203

188 2056 256 2117 163.
277 2059 326 2118 An
347 2058 470 2118 collatio
493 2057 581 2118 officii
602 2058 802 2118 ecelesiastici
823 2057 907 2118 laeta
927 2075 1074 2136 suspenso
1103 2059 1143 2118 sit
1166 2057 1225 2118 illi·

318 2165 380 2224 cita
400 2167 529 2242 tantum,
551 2168 606 2224 aut
626 2165 719 2224 etiam
740 2163 878 2225 invalida
913 2209 1223 2227 .......
1265 2182 1283 2226 a
1304 2165 1365 2226 240

189 2270 256 2330 164.
277 2271 322 2332 De
342 2271 539 2349 suspensione
560 2290 581 2331 a
601 2273 760 2349 beneficia.
778 2303 795 2316 -
815 2273 863 2331 An
885 2271 963 2332 haee
977 2289 1010 2331 se
1024 2271 1170 2332 extendat
1184 2273 1224 2332 ad

317 2377 597 2455 omuiabenelicia‚
620 2380 782 2439 adomnia
810 2378 888 2455 loca,
911 2381 942 2437 et
970 2395 1010 2440 an
1038 2380 1079 2438 sit
1102 2381 1224 2457 proprie

319 2504 449 2548 censura
460 2530 1223 2550 ................
1265 2487 1366 2548 »242

189 2589 257 2652 165.
279 2593 489 2653 Recensentur
515 2593 626 2671 singuli
653 2593 778 2653 effeetus
804 2594 1011 2672 suspensionis
1038 2613 1059 2653 a
1085 2595 1227 2671 beneficii

317 2702 472 2778 fructibus
474 2745 1223 2763 ................
1263 2700 1367 2763 »245

191 2805 257 2868 166.
279 2807 414 2867 Clericus
435 2825 600 2886 suspensus
621 2828 642 2868 a
662 2809 804 2886 beneficii
815 2809 970 2888 fructibus
985 2809 1022 2867 ob
1037 2809 1150 2867 crimen
1165 2826 1225 2867 non

321 2913 406 2974 valet
426 2915 483 2974 sibi
503 2915 649 2974 invocare
666 2918 868 2992 pricilepiam
889 2917 1123 2991 competentiae.
1165 2938 1177 2976 .’
1217 2956 1224 2970 .
1265 2913 1367 2976 »246

191 3019 257 3080 167.
279 3022 437 3088 Quaenam
459 3021 679 3099 prohibeantur
699 3039 755 3098 per
781 3025 1008 3099 suspensionem
1029 3023 1067 3082 ab
1088 3022 1226 3083 admini-

320 3131 473 3188 stratione
475 3171 1223 3196 ................
1265 3130 1366 3191 >247

190 3232 258 3294 168.
279 3233 323 3292 De
345 3237 541 3313 suspensione
561 3235 628 3296 lata
648 3236 679 3294 11
700 3253 847 3313 personas
869 3234 1001 3295 morales
1015 3277 1223 3298 .....
1264 3253 1283 3298 a
1305 3236 1366 3296 247

190 3337 257 3400 160.
279 3339 415 3402 Clericus
436 3341 557 3402 violans
578 3342 806 3419 suspensionem
826 3341 863 3400 fit
882 3341 1069 3420 irregularis.
1086 3345 1134 3402 An
1151 3343 1228 3402 irre·

319 3449 517 3526 gulositatem
538 3449 642 3527 pariat
661 3449 788 3509 violatio
810 3451 1015 3528 suspensionis
1030 3469 1051 3509 a
1068 3451 1225 3526 beneficio.
1266 3469 1284 3510 s
1306 3448 1368 3509 249

644 3655 819 3715 TITULUS
844 3655 913 3715 VII.

549 3831 587 3872 DE
609 3832 720 3874 Posnls
742 3831 878 3874 suoram
899 3831 1008 3876 uraris·

192 3980 259 4042 170.
287 3983 465 4042 Traduntur
502 3999 669 4061 poenarum
707 3983 830 4061 proprie
865 3983 1013 4043 dictarum
1049 3986 1162 4042 natura
1197 3985 1229 4040 et

320 4090 437 4166 speeies
460 4133 1170 4152 ...............
1209 4107 1286 4166 pap.
1306 4087 1368 4148 250

192 4193 259 4254 171.
281 4195 326 4254 De
346 4195 539 4256 inhabilitate
559 4214 619 4255 non
634 4195 769 4256 naturali
783 4196 848 4255 iure
862 4197 915 4256 sed
930 4197 1054 4256 inducta
1067 4197 1133 4255 iure
1146 4197 1227 4274 posi·

319 4303 383 4359 tivo
404 4302 435 4360 in
456 4317 585 4379 poenam
612 4341 1224 4370 .............
1266 4320 1284 4363 >
1306 4299 1366 4361 251

75 4471 78 4478 ,
193 4406 260 4469 172.
281 4407 326 4469 De
347 4409 638 4486 privationeoffioii,
659 4408 798 4469 beneficii
819 4407 1017 4468 ecelesiastici
1019 4453 1226 4469 .....
1267 4427 1285 4470 >
1307 4407 1369 4468 252
