3302 5100
654 307 860 357 sunnenrun
882 308 917 355 v.
1306 287 1373 353 587

194 429 324 502 Episcopi
344 429 449 486 litteris
466 429 709 498 dimissorialibus,
728 429 774 486 rel
792 430 879 486 etiam
898 429 1038 484 subditum
1059 428 1212 501 proprium,
1230 429 1277 500 qui
1303 427 1372 482 elibi

194 540 274 594 tento
292 540 418 607 tempore
436 541 561 592 moratus
579 536 625 601 sit,
645 541 675 592 nt
694 535 858 591 canonicum
883 535 1114 606 impedimentum
1138 534 1305 590 contrahere
1330 535 1371 590 ibi

193 643 326 712 potuerit,
344 645 449 716 absque
468 643 607 700 Ordinarii
626 643 686 700 eine
704 643 760 698 loci
778 643 883 699 litteris
901 643 1149 699 testimonialibus.

281 748 328 804 lv.
347 749 562 821 Suspensionem
580 766 630 820 per
648 767 752 805 aunum
771 765 789 804 a
807 748 960 806 collatione
972 749 1106 806 Ordinum
1117 750 1179 818 ipso
1196 749 1259 805 iure
1276 749 1372 802 incor-

192 856 239 924 rit,
257 858 305 929 qui
325 863 441 930 excepto
454 874 519 914 casu
533 857 653 927 legitimi
666 858 819 928 privilegii,
833 856 964 913 Ordinem
977 874 1088 914 sacrum
1101 857 1255 914 contulerit
1266 857 1371 927 absque

190 960 276 1018 titulo
295 963 429 1018 Beneficii
447 963 491 1018 vel
512 963 671 1034 patrimonii
694 963 803 1018 Olonico
827 963 856 1018 in
881 962 979 1034 aliqua
1004 961 1232 1034 Congregstione
1256 960 1372 1027 viventi,

191 1068 221 1124 in
231 1085 286 1140 qua
295 1069 427 1125 solemnis
436 1071 571 1139 professio
580 1086 635 1125 non
646 1070 794 1137 emittitur,
805 1069 849 1126 vel
860 1070 945 1125 etiam
956 1069 1089 1140 religioso
1102 1069 1225 1125 noudum
1237 1069 1369 1140 professo.

282 1177 315 1231 V.
335 1178 550 1248 Suspensionem
568 1182 732 1248 perpetuam
752 1179 787 1233 ab
806 1177 941 1234 exercitio
960 1177 1093 1234 Ordinem
1113 1178 1173 1249 ipso
1192 1177 1253 1232 inre
1274 1177 1369 1232 iucur-

191 1290 257 1342 runt
276 1285 413 1355 Religiosi
431 1287 523 1354 eiecti,
541 1281 623 1342 extre
642 1286 820 1356 Religionem
838 1285 982 1356 degentes.

280 1389 326 1445 Vl.
345 1389 561 1462 Suspensiouem
579 1393 614 1445 ab
633 1391 736 1446 Ordine
754 1393 884 1460 suscepto
902 1390 962 1460 ipso
980 1391 1042 1446 iure
1060 1390 1217 1458 incurrunt,
1236 1390 1282 1461 qui
1303 1406 1370 1444 eun·

189 1497 252 1554 dem
271 1498 402 1554 Ordinem
420 1500 547 1569 recipere
572 1503 817 1570 praesumpserunt
834 1500 869 1553 ab
888 1498 1130 1554 excommunicato
1155 1497 1200 1552 vel
1226 1512 1370 1567 suspenso,

189 1604 405 1661 relinterdicto
425 1605 591 1660 nominatim
614 1605 867 1670 renunciassent
891 1607 926 1660 ab
951 1604 1096 1660 haeretico
1121 1602 1165 1659 vel
1190 1603 1368 1658 schismatico

188 1713 313 1766 notorio:
333 1728 396 1766 enm
415 1728 490 1778 vero,
511 1715 559 1784 qui
576 1713 651 1768 bona
670 1712 724 1767 tide
742 1728 760 1766 a
778 1712 909 1784 quopiam
928 1728 1024 1767 eorum
1047 1716 1091 1766 est
1114 1710 1268 1777 ordinetur,
1287 1727 1368 1766 exer·

181 1819 287 1891 ¹citium
304 1836 361 1874 non
380 1818 484 1876 habere
502 1819 609 1876 ordinis
628 1819 669 1875 sic
687 1821 818 1890 suscepti,
837 1819 925 1874 donec
943 1818 1128 1889 dispensetur,
1147 1817 1330 1874 declaramus.

280 1924 338 1979 Vll.
356 1924 459 1980 Olerici
478 1924 638 1980 saeculares
656 1925 745 1981 exteri
766 1923 841 1980 ultra
866 1930 987 1996 quatuor
1014 1941 1122 1980 menses
1143 1924 1172 1978 in
1193 1923 1270 1980 Urbe
1294 1939 1368 1978 com·

187 2035 329 2087 morantes
348 2031 470 2087 ordinati
489 2033 524 2086 ab
543 2031 600 2086 alio
622 2049 704 2103 quam
728 2032 764 2086 ab
789 2032 849 2100 ipso
874 2047 925 2084 suo
950 2029 1096 2086 Ordinano
1121 2031 1225 2101 absque
1250 2029 1367 2084 licentia

187 2135 267 2190 Oard.
289 2135 374 2191 Urbis
393 2137 508 2204 Vicarii,
528 2137 574 2193 vel
592 2138 698 2208 absque
716 2137 831 2206 praevio
850 2137 978 2192 examine
1003 2151 1097 2190 coram
1122 2135 1219 2190 eodem
1245 2138 1368 2205 peracto,

188 2241 337 2298 ueletiam
357 2259 374 2298 s
391 2245 505 2316 proprio
524 2243 669 2299 Ordinario
695 2247 876 2316 posteaquam
894 2244 924 2296 in
944 2241 1090 2322 praedicto
1113 2242 1242 2298 examine
1267 2241 1366 2297 reiecti

185 2350 304 2415 fueriut;
316 2366 369 2406 nec
382 2367 437 2405 non
451 2349 555 2406 Clerici
567 2351 742 2420 pertinentes
754 2349 788 2404 ad
803 2349 926 2421 aliquem
940 2367 955 2406 s
968 2365 1018 2406 sex
1033 2349 1248 2420 Episcopatibus
1267 2351 1367 2404 subur·

185 2455 307 2524 bisatiis,
326 2455 350 2510 si
371 2455 536 2510 ordinentur
554 2459 634 2510 extra
652 2471 732 2510 suam
753 2455 913 2517 dioecesim,
932 2441 1164 2510 dimissorialibus
1183 2454 1226 2509 sui
1245 2453 1365 2508 Ordina-

187 2561 236 2615 riis
255 2561 288 2615 ad
307 2560 394 2616 alium
413 2561 529 2616 directis
548 2577 631 2632 quam
650 2561 684 2616 sd
703 2559 782 2616 Card.
805 2561 889 2616 Urbis
909 2559 1119 2628 Vicarium5vel
1138 2576 1193 2615 non
1206 2559 1366 2630 praemissis

185 2671 251 2722 ante
270 2667 402 2722 Ordinem
423 2685 533 2722 sacrum
545 2667 751 2738 suscipiendum
763 2668 905 2722 exercitiis
918 2667 1115 2738 spiritualibus
1128 2666 1285 2737 perdecem
1306 2666 1365 2720 dies

186 2773 214 2827 iu
233 2772 315 2828 domo
334 2774 441 2828 urbana
460 2772 641 2829 Sacer-dotum
660 2791 677 2830 a
695 2775 829 2830 Missione
848 2779 1080 2845 nuncupatorum,
1099 2763 1307 2844 suspensionem
1327 2775 1362 2826 ab

174 2878 336 2934 Ordinibus
354 2879 395 2935 sic
420 2881 555 2950 susceptis
580 2880 616 2934 ad
640 2880 849 2952 beneplacitum
878 2880 904 2934 S.
931 2881 1010 2938 Sedis
1035 2882 1096 2952 ipso
1120 2880 1181 2936 iure
1205 2880 1365 2934 incurrunt:

170 2985 315 3058 *Episcopi
335 3003 401 3043 vero
420 2987 582 3043 ordinantes
601 2989 637 3042 sb
655 3005 706 3043 usu
726 2988 934 3043 pontificalium
954 3005 1003 3059 per
1021 3005 1135 3043 annum.

437 3233 609 3284 tntnsotossrr
629 3232 721 3273 Lm}
741 3233 922 3274 sentiamus
941 3233 1120 3276 RESERVATA.

274 3411 292 3465 l.
312 3411 494 3468 Interdictum
514 3413 640 3469 Romano
659 3413 789 3468 Pontifici
802 3414 916 3484 speciali
930 3415 1012 3469 modo
1031 3419 1204 3472 reservatum
1223 3416 1284 3486 ipso
1302 3414 1363 3469 iure

184 3519 332 3574 incurrunt
351 3519 566 3588 Universitatcs,
586 3519 713 3590 collegia
731 3525 761 3577 et
779 3520 921 3593 capitula,
940 3538 1114 3594 quocumque
1133 3523 1245 3578 nomine
1258 3541 1363 3577 nuncu·
1459 3585 1462 3590 .

183 3625 295 3692 pentur,
313 3626 349 3678 ab
368 3625 593 3680 ordinationibus
612 3643 660 3680 seu
685 3626 826 3681 mandatis
850 3626 975 3683 eiusdem
1000 3627 1120 3682 Romani
1145 3629 1290 3683 Pontificis
1315 3643 1365 3698 pro

183 3733 308 3800 tempore
327 3731 490 3787 exsistentis
508 3732 542 3785 ad
562 3731 718 3787 universale
736 3733 861 3788 futurum
879 3733 1035 3788 Concilium
1054 3733 1237 3804 appellantis.

272 3838 305 3893 ll.
325 3837 452 3894 Scienter
475 3839 649 3896 celebrantes
671 3838 715 3896 vel
741 3839 878 3896 celebrari
902 3841 1039 3896 facientes
1062 3841 1156 3896 divina
1179 3841 1210 3896 in
1234 3841 1304 3897 locis
1327 3845 1363 3896 eb

182 3942 339 4010 Ordinario,
351 3944 397 3999 rel
410 3943 542 4016 delegato
554 3944 656 4010 Iudice,
668 3942 713 3999 vel
724 3961 741 3999 a
753 3945 815 4000 iure
827 3945 994 4013 interdictis,
1006 3951 1056 4008 aut
1068 3946 1233 4002 nominatim
1247 3963 1361 4002 excom·

181 4049 337 4130 municatos
355 4049 391 4102 ad
409 4050 503 4105 divine
521 4051 620 4117 officia,
639 4067 688 4106 seu
707 4050 897 4106 ecclesiastica
916 4056 1100 4120 sacramenta,
1120 4051 1168 4108 rel
1187 4053 1360 4109 ecclesiasti-

181 4170 243 4208 cam
262 4153 435 4225 sepulturam
455 4156 643 4224 admittentes,
662 4156 899 4222 interdictumab
917 4158 1044 4228 ingressu
1065 4159 1208 4216 Ecclesiae
1225 4161 1288 4231 ipso
1300 4161 1361 4216 iure

182 4260 337 4331 incurrunt,
357 4262 444 4318 donec
463 4263 496 4317 ad
516 4264 661 4318 erbItrium
676 4249 745 4331 eins,
757 4264 836 4319 cuius
849 4266 1018 4320 sententiam
1031 4269 1268 4337 contempserunt,
1288 4284 1361 4322 com·

181 4371 312 4437 potenter
331 4370 527 4426 satisfecerint
