3306 5102
530 324 574 371 nn
601 323 756 372 nemoris
779 325 822 371 nr
846 323 964 372 roaros
1271 305 1339 372 339

156 446 343 512 habuerunt
365 445 566 519 beneficium.
585 447 718 528 nullum,
735 447 948 532 quamtumvis
968 447 1130 515 dissimile.
1147 444 1339 514 beneficium

156 571 307 638 obtinere
330 591 440 657 posse;

295 696 326 784 b)
350 698 413 761 imo
429 717 494 762 non
510 717 603 782 posse
623 698 656 762 in
673 697 783 764 iisdem
800 697 955 764 Ecclesiis
970 698 1156 762 ministrare
1179 716 1284 781 neque
1308 699 1342 761 in

154 822 231 887 aliis
254 821 506 908 dependentibus
530 823 569 889 ab
593 823 750 896 Ecclesia,
774 825 809 886 in
835 842 899 906 qua
930 827 1023 908 pater
1048 822 1169 888 Rector
1192 821 1253 889 fuit
1277 821 1341 908 (1);

296 947 325 1030 c)
348 965 409 1011 nec
433 948 582 1032 recipere
605 947 680 1012 olim
704 967 723 1010 a
746 952 837 1033 patre
860 944 1051 1012 beneficium
1075 965 1255 1031 possessum
1279 965 1342 1011 nec

156 1091 261 1156 super
283 1068 395 1165 iisdem
418 1071 558 1154 aliquam
582 1073 768 1157 pensionem
793 1071 950 1136 obtinere.

296 1193 332 1279 d)
356 1193 439 1268 Quia
462 1194 573 1260 cleriei
598 1213 723 1278 quoque
747 1214 813 1259 non
836 1195 938 1259 sacris
965 1192 1130 1258 ordinibus
1153 1193 1266 1259 initiati
1293 1192 1344 1256 be-

160 1317 280 1384 neficia
303 1319 467 1406 possidere
490 1326 632 1407 possunt,
657 1319 735 1386 hinc
758 1321 790 1386 S.
815 1321 847 1386 O.
865 1321 901 1386 O.
918 1319 1098 1386 declaravit
1120 1319 1238 1386 horum
1262 1317 1344 1384 filios'

162 1444 356 1530 illegitimos
379 1444 469 1510 hisce
485 1443 752 1530 prohibitionibus
773 1447 888 1517 teneri,
905 1464 969 1508 non
987 1464 1081 1510 secus
1095 1463 1135 1510 ac
1151 1441 1233 1510 lilios
1253 1463 1345 1529 pres·

160 1567 354 1654 byterorum
370 1567 571 1655 illegitimos.
588 1569 679 1636 Oonf.
697 1569 826 1652 Garcia‚
844 1569 893 1635 De
909 1568 1027 1651 benef„
1048 1588 1084 1652 p.
1103 1569 1134 1642 7,
1156 1588 1184 1635 c.
1202 1567 1235 1642 3,
1251 1589 1285 1632 a.
1303 1568 1345 1634 15

160 1699 197 1758 et
213 1694 413 1780 Fagnanum,
429 1693 467 1760 ia
482 1713 602 1760 comm.
620 1695 667 1759 cd
683 1714 757 1778 cap.
774 1695 826 1760 cit.
846 1695 876 1758 h.
894 1699 914 1759 t.
931 1714 965 1759 a.
983 1691 1041 1774 34,
1057 1699 1089 1759 el
1114 1692 1233 1759 Bened.
1251 1693 1345 1764 XlV.

164 1818 215 1884 De
230 1816 323 1904 Sym,
349 1819 404 1884 tib.
421 1819 521 1894 XIII,
538 1839 572 1884 a.
588 1817 648 1883 24.
674 1814 765 1894 Quae
787 1817 924 1903 proinde
939 1816 1097 1884 beneficia
1113 1819 1172 1882 etsi
1188 1817 1347 1902 simplicia

160 1942 313 2007 oblinere
337 1944 388 2008 isti
413 1963 477 2006 non
501 1948 634 2028 possunt
658 1944 718 2008 nisi
743 1943 908 2027 dispenset
931 1943 1079 2008 Summus
1103 1941 1267 2007 Pontifex.

256 2069 331 2134 247.
356 2068 525 2143 Quaerunt
548 2069 612 2134 DI).
636 2087 678 2132 an
702 2071 728 2133 si
752 2069 878 2132 occulta
902 2069 943 2134 sit
966 2068 1174 2154 illegitimitas
1190 2068 1344 2134 natalium

164 2194 266 2277 possit
288 2195 468 2278 Episcopus
495 2191 681 2278 dispensare
705 2193 736 2255 vi
760 2191 924 2256 facultatis
947 2191 1045 2258 Conc.
1071 2190 1158 2256 Trid.
1183 2211 1262 2258 sess.
1286 2189 1346 2262 24,

163 2335 241 2398 cap.
268 2315 301 2394 6,
324 2317 374 2380 De
396 2315 460 2399 ref.
485 2317 575 2399 quasi
605 2319 645 2379 sit
668 2315 893 2400 irregularitas
919 2315 1115 2398 proveniens
1142 2333 1188 2380 eac
1215 2313 1346 2394 delicte,

164 2459 283 2524 nempe
306 2445 487 2524 parentum.
503 2441 547 2504 At
570 2459 689 2504 revera
705 2438 789 2503 haud
807 2438 981 2523 probabilis
997 2438 1125 2504 videtur
1144 2440 1227 2504 haec
1251 2440 1347 2503 inter·

163 2568 314 2652 prelatio,
331 2569 405 2650 quia
425 2587 523 2632 causa
538 2568 688 2652 proxima
703 2568 953 2653 irregularitatis
976 2573 1026 2633 est
1049 2567 1199 2633 delictum
1220 2564 1347 2652 quando
1427 2565 1429 2570 '

165 2691 235 2774 ipse
259 2689 450 2774 irregularis
473 2695 522 2755 est
545 2688 653 2754 delicti
677 2693 841 2774 patrator;
865 2709 962 2754 causa
986 2689 1071 2756 enim
1096 2690 1245 2774 proxima
1268 2689 1348 2752 irre·

164 2811 349 2897 gularitatis
365 2812 505 2876 inveniri
521 2811 617 2877 debet
631 2813 664 2876 in
682 2813 748 2896 ipso
764 2811 906 2878 subiecto
923 2812 1184 2897 irregularitatis
1200 2831 1218 2876 e
1234 2816 1350 2876 contra

165 2939 201 3002 in
224 2934 290 3001 filio
313 2937 481 3022 illegitimo
496 2957 593 3002 causa
608 2939 757 3023 proxima
773 2937 1024 3023 irregularitatis
1044 2943 1093 3002 est
1117 2935 1263 3001 defectus
1279 2938 1349 3002 sive

165 3060 354 3124 inhonestas
369 3061 533 3126 natalium.
551 3059 600 3126 cf.
615 3059 748 3132 Giraldi,
766 3061 894 3142 Empos.
911 3060 999 3125 iuris
1008 3063 1105 3142 pont.
1125 3059 1153 3139 1,
1173 3055 1256 3125 Sect.
1271 3059 1349 3126 128.

167 3183 385 3250 Nihilominus
408 3187 477 3271 ipse
500 3185 709 3261 D'Annibale
735 3187 755 3252 t.
781 3207 808 3251 c.
833 3185 900 3250 412
913 3185 971 3257 bis,
995 3189 1062 3252 not.
1080 3185 1112 3258 7,
1138 3191 1272 3271 propter
1296 3207 1351 3251 au·

165 3310 351 3375 cleritatem
370 3311 542 3375 Doctorum
558 3312 758 3376 contrarium
774 3311 986 3395 opinantium,
1004 3310 1086 3375 haec
1101 3310 1212 3376 habet:
1231 3331 1249 3373 ‹
1265 3312 1353 3377 Nihi-

169 3431 308 3497 lominus
331 3451 467 3517 aequum
491 3438 567 3518 puto
595 3454 666 3498 cum
687 3433 798 3518 Laym.
825 3435 1017 3519 Episcopum
1043 3432 1230 3518 dispensare
1258 3453 1352 3519 posse

261 3693 300 3764 (1)
320 3693 508 3749 Nihilominus
527 3697 668 3766 proposito
686 3696 848 3750 dubiouan
867 3713 951 3765 quum
972 3699 1052 3764 peter
1067 3695 1165 3750 fuisset
1184 3696 1213 3749 in
1232 3695 1351 3767 quadam

171 3798 277 3854 Eccles.
297 3799 459 3870 capellanus
478 3801 511 3854 ad
531 3807 628 3855 nutum
647 3800 815 3865 amoribilis‚
835 3801 921 3870 possit
939 3799 1014 3854 filius
1037 3798 1114 3854 illius
1139 3800 1306 3870 illegitimus
1324 3802 1353 3855 in

169 3906 268 3962 eadem
287 3905 393 3960 Eccles.
413 3907 596 3976 capellaniam
617 3909 768 3962 adnutum
787 3906 964 3961 amoribilem
983 3907 1110 3961 obtinere
1124 3925 1141 3962 u
1153 3907 1179 3959 S.
1194 3907 1223 3960 C.
1237 3908 1353 3976 censuit,

168 4020 313 4069 oratorem
338 4030 393 4068 non
418 4014 560 4083 prohiberi
586 4033 634 4084 per
660 4016 800 4069 decretum
827 4015 910 4068 Cone.
930 4015 1002 4068 Sess.
1022 4016 1075 4081 25,
1097 4031 1157 4084 cap.
1177 4016 1216 4067 15
1235 4016 1353 4086 Dares.

170 4121 321 4192 quominus
340 4126 471 4192 tanquam
490 4121 652 4191 capellanus
671 4121 820 4175 adnutum
841 4121 999 4174 amovibilis
1012 4121 1098 4190 possit
1112 4121 1246 4175 inservire
1264 4121 1353 4176 eidem

173 4227 326 4282 Ecclesiae.
340 4258 357 4268 -
369 4227 532 4298 calagurit,
553 4229 629 4283 1585.
650 4257 663 4270 ·
683 4228 752 4282 Item
772 4228 798 4280 S.
818 4227 847 4282 C.
868 4227 977 4282 censuit
995 4238 1123 4298 nepotem
1144 4229 1299 4298 legitimum
1319 4247 1355 4284 ex

170 4334 234 4403 filio
253 4333 403 4405 illegitimo
422 4349 478 4388 non
496 4333 692 4404 comprehendi
711 4334 823 4389 decreto
842 4351 867 4388 c.
888 4335 934 4401 15,
954 4349 1021 4388 sess.
1040 4335 1093 4388 25.
1113 4362 1127 4375 ·
1147 4332 1263 4389 Richter
1282 4335 1355 4390 Edit.

177 4439 258 4494 Cone.
284 4441 371 4507 Tria,
391 4457 416 4510 p.
436 4441 496 4495 465.
