3290 5100
551 337 595 384 DE
618 336 771 400 Dnclorls
795 335 838 382 ET
865 335 984 384 POENIS

671 729 784 796 Curua
805 729 866 795 IV.

352 955 397 1010 DE
416 955 612 1011 PROHlBlTA
631 955 869 1012 TOLERANTIA
889 953 1182 1010 HAERETICORUM

178 1081 225 1135 ET
241 1079 287 1135 DE
303 1079 534 1136 INFIDELIBUS
552 1079 769 1136 DEVlTANDlS
785 1081 831 1135 OB
849 1079 1067 1136 PERlCULUM
1086 1077 1357 1134 PERVERSlONlS.

178 1329 394 1386 Summerinm.
413 1359 447 1372 -
466 1331 526 1384 423.
547 1329 673 1386 Ecclesia
692 1335 754 1400 post
772 1327 870 1384 const.
889 1359 903 1372 ·
922 1331 968 1384 Ad
991 1331 1120 1384 evitanda
1139 1357 1153 1372 ·
1172 1327 1276 1383 tolerat
1293 1326 1360 1383 hae·

268 1437 369 1492 reticos
397 1436 549 1492 tolerantia
576 1437 735 1506 camariana,
764 1436 809 1492 vel
836 1437 953 1508 politice
979 1436 1026 1491 sed
1055 1452 1111 1491 non
1134 1439 1300 1506 dopmatica.
1325 1464 1360 1476 -

267 1545 327 1598 424.
347 1545 387 1599 De
404 1544 508 1599 scholis
526 1545 571 1599 rel
598 1544 727 1616 collegiis
749 1548 853 1609 mixtis,
879 1561 978 1615 nempe
997 1560 1031 1599 ex
1050 1543 1197 1598 catholicis
1215 1548 1245 1598 et
1262 1542 1362 1598 haere-

268 1651 339 1707 ticis.
349 1680 383 1694 -
393 1652 453 1707 425.
464 1652 503 1708 De
513 1652 765 1708 communicatione
776 1654 806 1706 in
816 1653 918 1706 diuinis
929 1669 990 1706 cum
1001 1650 1203 1706 haereticis-
1212 1651 1274 1706 526.
1284 1649 1361 1705 Non·

267 1758 362 1814 nullae
381 1759 587 1829 prohibitiones
605 1777 643 1814 ec
661 1761 726 1816 iure
744 1761 872 1831 spectati.
885 1789 927 1810 .-
946 1759 1006 1813 427.
1028 1759 1067 1813 De
1085 1758 1274 1828 disputatione
1296 1775 1360 1814 cum

267 1865 425 1934 haereticis,
435 1869 494 1922 sive
506 1865 619 1936 publica
631 1867 689 1922 sive
704 1867 830 1937 privata‚·
841 1867 978 1939 quomodo
989 1867 1078 1922 vetita
1090 1866 1170 1920 laicis
1184 1871 1213 1921 et
1226 1866 1361 1936 permissa

267 1972 385 2041 clericis,
398 1974 459 2030 iure
477 1975 617 2029 communi
635 1975 748 2046 scripte.
763 2002 798 2016 -
810 1975 871 2029 428.
891 1975 930 2030 De
943 1975 1153 2030 conversatione
1167 1991 1229 2028 cum
1244 1973 1359 2028 ludaeis.

268 2105 305 2119 -
324 2078 386 2132 429.
406 2079 446 2134 De
463 2077 619 2133 Saracenis.

268 2328 343 2394 423.
361 2329 528 2395 Ecclesiae
544 2330 680 2396 intentio
696 2329 729 2394 in
744 2329 835 2396 hisce
850 2332 962 2416 poenis
978 2326 1190 2394 decernendis
1203 2327 1360 2396 adversus

178 2453 360 2520 haereticos
391 2460 487 2540 etque
516 2457 550 2521 in
581 2475 692 2521 eorum
725 2455 817 2521 libris
850 2474 1047 2542 magnopere
1078 2454 1289 2541 reprobandis
1320 2473 1360 2521 eo

178 2582 302 2663 spectat
316 2583 351 2645 ut
367 2579 451 2644 devii
471 2581 680 2666 corrigantur
705 2585 738 2645 et
761 2585 799 2646 nt
820 2577 932 2646 fideles
955 2579 1177 2646 custodiantur
1201 2580 1361 2646 immunes

178 2723 198 2768 a
220 2703 273 2769 lue
289 2708 322 2771 et
345 2705 494 2790 contagio
517 2705 768 2771 haereticorum.
787 2706 838 2770 Ita
854 2707 924 2770 Div.
942 2705 1161 2791 Hieronymus
1178 2705 1211 2769 in
1231 2705 1368 2787 comm..

177 2829 215 2894 ia
229 2829 294 2912 Ep.
310 2831 357 2896 ad
376 2829 526 2904 Galatas,
551 2851 578 2898 c.
595 2831 629 2898 5.
648 2865 669 2881 -
684 2831 796 2906 Quare
811 2849 916 2916 poena
934 2831 1041 2916 potior
1056 2835 1089 2898 et
1104 2831 1242 2896 aliarum
1259 2831 1360 2895 veluti

178 2950 420 3026 fundamentum
440 2959 489 3019 est
511 2955 816 3022 excommunicatio
824 2974 839 3038 3
862 2955 947 3021 unde
971 2954 1130 3021 haeretiei
1153 2956 1186 3018 in
1209 2953 1360 3018 humanis

179 3081 212 3142 et
234 3075 349 3142 divinis
372 3077 547 3145 deuitandi
569 3082 673 3143 erant.
692 3078 905 3144 Nihilominus
921 3077 1083 3143 Martinus
1107 3075 1148 3148 V.
1173 3077 1213 3143 ob
1237 3081 1360 3144 mutata

178 3207 358 3290 temporum
387 3205 548 3287 adiuncta,
572 3205 677 3291 legem
705 3203 804 3270 edidit
827 3203 1036 3271 tolerantiae.
1061 3203 1152 3268 Haec
1175 3211 1287 3268 autem
1310 3209 1361 3268 est

178 3328 351 3394 tolerantia
374 3328 560 3395 cleristiaac
582 3349 665 3414 quae
688 3329 812 3394 nullam
832 3328 976 3414 implicat
990 3327 1198 3394 tolerantiam
1213 3328 1359 3412 doymo·

179 3452 280 3519 ticam
302 3453 342 3518 ab
364 3454 514 3520 Ecclesia
537 3454 704 3520 Catholica
733 3473 834 3538 usque
865 3454 1079 3539 proscriptam
1104 3457 1136 3518 et
1159 3451 1354 3536 damnatam,

178 3594 292 3660 neque,
316 3596 376 3662 per
398 3596 443 3659 se,
467 3577 644 3644 secumfert
657 3577 864 3643 tolerantiam
877 3573 1054 3660 politicam
1068 3595 1125 3641 seu
1141 3575 1273 3642 ciuilem
1296 3595 1360 3661 qua

178 3697 353 3766 haereticis
375 3704 408 3765 et
431 3701 599 3766 catholicis
621 3699 734 3766 eadem
762 3700 835 3765 iura
853 3697 996 3783 politica
1020 3699 1053 3762 in
1077 3699 1244 3785 republica
1266 3699 1361 3764 attri-

177 3820 330 3888 buuntur.
346 3823 471 3888 Verum
493 3823 577 3888 haec
600 3823 774 3888 tolerantia
791 3821 937 3905 politica
959 3821 1131 3906 aliquando
1154 3842 1219 3888 non
1243 3841 1360 3909 repro·

178 3941 274 4010 batur
288 3943 329 4009 ah
346 3945 492 4010 Ecclesia
507 3944 547 4010 ob
564 3943 893 4030 rerumpublicarum
915 3941 1141 4009 conditionem.
1161 3977 1179 3991 ·
1197 3943 1309 4027 ltaque
1326 3943 1361 4008 in

178 4067 227 4133 ius
239 4067 407 4134 Ecclesiae
418 4068 596 4153 privatum
611 4067 742 4133 inducta
758 4071 884 4134 tantum
900 4065 961 4130 fuit
977 4065 1157 4133 tolerantia
1173 4065 1361 4132 chrtstiaaa

179 4210 357 4276 quaecum
387 4193 576 4260 acatholicis
605 4193 753 4278 practice
777 4191 823 4256 ita
846 4191 916 4277 regi
940 4188 1036 4255 debet
1058 4194 1094 4255 ut
1116 4187 1303 4254 scandalum
1328 4195 1362 4256 et

177 4313 397 4399 perversioris
412 4315 591 4401 periculum
606 4319 785 4382 avertatur.
806 4349 824 4362 ·
843 4313 890 4378 Ol.
909 4311 1064 4396 Aichner‚
1081 4331 1135 4398 op.
1153 4313 1217 4388 cit,
1234 4313 1310 4379 edit.
1327 4313 1359 4390 7,

173 4454 212 4518 p.
237 4434 309 4502 153
330 4455 380 4522 eq.
