3202 5104
471 315 516 363 ns
543 316 697 365 nsnrcrrs
721 316 906 364 erroneus
1214 296 1280 362 217

100 442 127 522 1,
153 441 176 505 7
198 461 260 526 sq„
282 459 398 526 nempe
420 461 472 516 an,
497 440 537 506 ob
561 441 848 508 insordescentiam
871 441 1031 522 annalem,
1056 441 1195 506 clericus
1217 439 1280 525 pri·

99 565 224 632 vandus
254 568 297 632 sit
327 563 439 632 officiis
470 571 503 634 ct
531 565 698 632 beneficiis
727 566 843 633 eccles.
869 601 886 616 -
915 567 1068 633 Nonnulli
1099 563 1279 639 affirmant,

35 735 42 746 -
99 710 143 758 ccc
156 691 424 758 insorderccntio
440 692 595 757 clericum
612 693 687 774 ipso
703 691 779 757 inre
793 689 916 764 officiis,
932 689 1098 756 beneflciis
1116 691 1279 777 privatum

99 835 184 892 esse;
208 819 257 882 ita
289 817 509 884 Goveruvvias
540 819 574 882 in
609 837 685 902 cap.
714 818 752 892 8,
780 819 867 885 Cum
899 817 1016 884 bonae.
1043 853 1060 866 -
1085 817 1135 883 De
1160 822 1225 882 act.
1249 823 1281 883 et

100 951 215 1036 qualit.
229 951 358 1036 praefi.
382 951 418 1018 X
437 950 477 1036 (l,
495 949 559 1038 14).
576 951 639 1018 Sed
661 951 744 1018 haec
766 953 927 1017 sententia
953 949 1118 1017 reicienda
1141 955 1190 1017 est
1204 949 1279 1035 quia

98 1073 150 1139 cit.
174 1079 281 1158 caput
295 1074 349 1140 vel
372 1075 514 1158 loquitur
529 1073 569 1140 de
586 1073 747 1140 triennali
763 1075 1028 1148 insordescentia,
1045 1073 1098 1140 vel
1114 1079 1205 1140 certe
1218 1080 1281 1140 sta·

101 1198 158 1262 tuit
179 1215 320 1282 poenam
341 1197 406 1280 fer.
422 1204 505 1264 sent.
524 1233 541 1246 -
560 1199 646 1264 Hinc
669 1198 734 1280 alii,
758 1203 794 1263 ut
817 1197 932 1263 Glossa
947 1198 980 1262 in
998 1199 1049 1264 cit.
1067 1217 1142 1283 cup.
1163 1196 1281 1264 docent

102 1323 250 1384 statutam
274 1321 374 1386 fuisse
390 1320 476 1387 hauc
490 1340 627 1408 poenam
641 1320 707 1405 ser.
724 1325 829 1404 scnt.;
853 1325 885 1384 et
906 1324 1033 1406 tempus
1048 1339 1141 1406 posse
1156 1321 1281 1408 requiri

101 1443 194 1509 etiem
216 1445 348 1530 longius
370 1465 466 1520 anno,
482 1467 542 1532 pro
564 1443 723 1512 adiunctis
747 1465 888 1511 casuum.
907 1444 970 1510 Sed
986 1463 1091 1530 neque
1107 1445 1189 1511 haec
1204 1467 1280 1513 sen·

103 1569 198 1632 tentia
227 1573 279 1635 est
309 1569 491 1656 probanda;
515 1590 655 1656 namque
687 1569 738 1637 cit.
766 1587 840 1653 cap.
865 1568 1012 1634 decernit
1036 1568 1075 1634 de
1098 1572 1281 1655 privatione

103 1693 330 1761 beneficiorum
362 1713 422 1779 pro
451 1697 549 1759 tanta
574 1695 768 1776 pertinacia
797 1702 830 1760 et
861 1699 1053 1777 contemptu
1076 1695 1279 1778 Apostolico.

102 1819 206 1894 Quare
230 1821 265 1884 in
289 1819 398 1905 specie
411 1817 572 1905 agebatur
587 1818 627 1883 de
643 1819 835 1904 gravissima
850 1824 883 1883 et
898 1819 997 1884 veluti
1019 1818 1281 1887 extraordinaria

103 1943 312 2016 contumacia,
343 1941 424 2007 adeo
446 1948 482 2008 ut
505 1961 570 2006 non
593 1941 691 2008 liceat
714 1943 801 2008 inde·
818 1942 978 2007 deducere
1012 1941 1158 2028 regulam
1186 1963 1282 2029 gene·

104 2063 210 2129 ralem.
226 2099 244 2114 -
263 2065 425 2140 Quocirca
440 2083 520 2130 vera
536 2069 585 2131 est
600 2066 761 2132 sententia
777 2065 911 2133 Abbatis
927 2065 962 2130 in
978 2083 1052 2148 cap.
1069 2066 1096 2147 1,
1110 2065 1160 2132 De
1175 2065 1245 2132 iud.
1261 2101 1280 2114 -

103 2191 285 2272 asserentis,
302 2189 584 2258 insordcsccntem
608 2211 668 2276 per
690 2209 810 2256 annum
828 2181 947 2256 ‘haberi
966 2189 1023 2276 (l),
1048 2211 1091 2256 ex
1113 2209 1282 2274 praesum-

104 2315 206 2396 ptione
217 2317 310 2390 iuris,
323 2317 506 2385 convictum
519 2317 558 2382 de
570 2319 707 2383 crimine
720 2315 759 2383 de
775 2337 837 2401 quo
850 2317 1031 2403 incoeptum
1046 2317 1106 2382 fuit
1118 2316 1280 2394 iudicium;

105 2443 136 2502 et
154 2438 228 2505 iude
251 2442 287 2504 in
310 2439 584 2506 insordescentem
606 2441 687 2506 ferri
710 2459 832 2526 poenas
855 2459 934 2523 quas
958 2441 1135 2506 secumfert
1157 2441 1282 2507 crimen

106 2561 142 2627 de
163 2583 223 2648 quo
246 2565 367 2651 agitur.
386 2602 403 2615 -
428 2567 574 2632 Privatio
602 2585 681 2652 ergo
705 2563 883 2632 officiorum
908 2571 941 2630 et
963 2563 1194 2631 beneficiorum
1218 2567 1282 2632 erit

104 2685 308 2766 decernenda
330 2691 357 2756 si
379 2689 443 2756 hoc
466 2691 649 2776 expostulet
673 2691 797 2756 crimen
822 2689 905 2774 quod
929 2689 1026 2776 plene
1048 2689 1187 2756 habetur
1209 2711 1281 2777 pro·

107 2807 206 2876 batum
230 2833 291 2900 per
313 2813 615 2882 ieesordcsccntiam
637 2816 671 2880 in
695 2817 853 2882 censuris.

189 3149 229 3220 (l)
249 3149 469 3208 insordesceatia
492 3151 526 3206 de
551 3169 607 3224 qua
630 3151 756 3208 decernit
780 3150 885 3206 Concil.
907 3151 980 3205 Trid.
1003 3154 1022 3206 t.
1043 3154 1085 3206 cit.
1110 3165 1166 3204 non
1190 3153 1283 3220 potest

108 3255 212 3310 extendi
225 3257 260 3311 ed
273 3275 405 3313 censuras
416 3259 605 3329 suspensionis
618 3263 647 3314 et
659 3259 817 3324 interdicti3
837 3259 973 3330 siquidem
987 3259 1141 3314 Concilium
1158 3257 1284 3330 loquitur

108 3355 138 3413 de
155 3363 409 3419 excommunicatis.
428 3361 525 3436 Neque
544 3383 579 3420 ex
598 3365 702 3421 celebri
722 3385 783 3437 cap.
799 3366 820 3419 8
839 3367 892 3433 cit,
912 3367 954 3422 Dc
972 3378 1025 3420 act.
1040 3377 1067 3420 et
1085 3366 1161 3437 quel.
1173 3369 1283 3437 prcef.;

108 3463 254 3526 desumitur
272 3467 342 3527 haec
361 3473 502 3539 extensi03
520 3489 640 3545 namque
658 3473 697 3527 ibi
717 3473 811 3542 agitur
833 3472 867 3528 de
895 3473 1009 3544 speciali
1033 3475 1132 3528 rcitotc
1160 3477 1189 3528 et
1210 3475 1284 3528 indi·

108 3575 204 3640 patene
222 3591 295 3648 qnae
314 3577 439 3632 nascitur
459 3593 493 3634 ex
512 3577 693 3649 persistentia
715 3577 744 3632 in
764 3595 882 3634 censura
906 3579 1094 3648 suspensionis
1119 3595 1181 3632 cum
1206 3585 1283 3632 tanta

106 3685 254 3749 pertinacia
267 3697 293 3740 et
308 3697 467 3758 contemptu
480 3690 575 3759 Apost.
590 3718 606 3768 '.
620 3688 805 3749 Quamobrem
819 3687 964 3741 dumtaxat
974 3705 1007 3741 ex
1020 3689 1240 3742 insordssccntia
1252 3690 1283 3740 in

108 3794 387 3848 caecommnnicatione
405 3793 524 3848 deducte
537 3799 579 3850 est
594 3798 790 3866 praesumptio
808 3796 924 3860 tuereris,
944 3811 1026 3865 quam
1046 3793 1255 3864 explicavimus.
1266 3823 1281 3834 -

111 3891 252 3954 Praeterea
271 3899 299 3953 in
320 3899 436 3970 Regalis
449 3899 648 3970 Cancelleriae,
670 3901 702 3956 R.
719 3902 770 3956 66ι
784 3901 946 3955 inscribitur
964 3904 1000 3955 dc
1018 3901 1281 3967 insordesccntibns,

111 4003 138 4054 et
147 4000 213 4059 baec
225 4006 336 4062 videtur
347 4006 581 4077 comprehendere
593 4025 689 4064 omnes
702 4025 842 4076 censuras,
855 4008 1016 4076 decernens,
1029 4007 1190 4078 generalem
1205 4009 1284 4062 abso·

111 4103 238 4166 lationem
256 4129 273 4166 a
292 4115 418 4169 censuris
436 4113 465 4168 in
487 4115 538 4168 litt.
552 4117 647 4186 Apost.
661 4115 763 4187 epponi
782 4113 894 4170 solitam
914 4115 948 4170 ad
966 4133 1063 4170 earum
1076 4116 1214 4182 effectum,
1227 4129 1283 4168 non

113 4213 248 4288 suffragari
267 4217 443 4290 gravioribus
460 4219 700 4293 delinquentibus,
719 4227 751 4278 ut
768 4221 961 4288 incendiariis,
980 4221 1164 4275 violatoribus
1183 4219 1282 4276 Eccle-

112 4317 216 4390 siarum,
228 4341 280 4380 nec
298 4341 354 4382 non
366 4323 547 4383 vehementer
559 4323 770 4382 contumacibus
788 4329 818 4382 in
837 4328 1035 4384 auctoritatem
1054 4325 1284 4394 ecclesiasticam,

115 4426 152 4481 uti
169 4431 287 4502 explicat
305 4433 430 4505 Riganti,
452 4434 557 4491 Comm.
575 4437 604 4490 ln
622 4431 694 4492 banc
714 4433 784 4508 Rep.
803 4507 805 4512 ι
