3080 5110
318 274 384 341 376
839 293 922 340 raas
946 293 967 340 1.

314 421 531 484 caecutientis.
558 453 575 466 ·
602 419 724 484 Oculus
746 419 882 484 stuata*
898 419 1014 483 dicitur
1033 419 1175 484 canonis
1197 420 1273 502 quie
1291 419 1316 482 si
1330 419 1377 483 hic
1395 418 1451 482 desit

314 550 370 610 aut
391 545 603 610 vehementer
625 545 667 610 sit
689 544 804 610 debilis
826 543 971 609 adhiberi
1003 543 1099 608 debet
1129 545 1162 608 iu
1193 543 1329 629 legendo
1355 563 1452 608 caueae

313 671 433 736 Missae
455 671 567 736 oculus
590 671 730 753 denatae
753 674 787 735 at
809 670 873 736 hcc
897 668 968 735 lieri
992 689 1054 734 non
1073 675 1178 758 potest
1194 670 1255 732 nisi
1271 669 1358 754 gravi
1372 670 1453 752 rapiti

314 797 526 861 conversione
551 799 584 862 et
598 796 823 870 inclinatione;
847 794 922 858 inde
938 797 1041 861 oritur
1064 798 1292 882 irregularitas
1306 816 1345 860 ex
1358 795 1453 858 defectu

313 921 397 984 oculi
422 919 572 994 caucum,
598 919 629 982 in
654 937 717 1002 qua
739 923 846 982 tamen
870 918 953 982 solet
976 918 1153 1003 dispensari
1179 919 1308 1003 quando
1329 925 1405 985 mnia
1422 936 1453 982 aa

313 1047 400 1111 acies
430 1045 533 1109 visiva
562 1043 647 1108 oculi
677 1043 792 1110 deatm'
822 1047 858 1108 ut
888 1063 960 1108 curu
992 1062 1095 1127 parva
1124 1048 1299 1129 siparum
1329 1043 1454 1108 indecenti

313 1170 426 1254 capitis
449 1169 661 1232 conversione
685 1187 788 1233 canon
811 1167 876 1252 legi
892 1170 1007 1252 possit;
1031 1169 1064 1232 iu
1081 1167 1171 1233 bisce
1186 1165 1346 1234 adiunctis
1359 1165 1453 1253 dispan-

313 1299 415 1360 satum
440 1298 488 1360 est
510 1295 543 1358 iu
568 1293 756 1358 Florentius
778 1293 834 1358 die
856 1292 899 1358 19
922 1293 1053 1376 Aprilis
1076 1293 1168 1360 1823
1183 1299 1216 1360 et
1234 1295 1266 1359 iu
1285 1293 1455 1380 Hydruutim

312 1417 368 1484 die
390 1419 435 1484 21
457 1418 535 1484 reo.
561 1418 661 1484 1824.

403 1543 509 1606 Porro
541 1561 582 1606 ex
614 1541 741 1607 deiectu
766 1542 849 1607 oculi
881 1543 1022 1609 cauouis
1046 1551 1077 1608 et
1107 1561 1149 1608 ex
1181 1563 1302 1629 magne
1328 1543 1456 1607 debilitate

312 1666 473 1751 potentiae
497 1667 619 1731 visivae
642 1667 675 1730 in
699 1666 791 1732 oculo
812 1666 934 1734 deutra
958 1669 1055 1734 etiam
1073 1669 1105 1732 in
1121 1669 1182 1732 iam
1203 1675 1361 1751 prouecta
1381 1669 1457 1731 oritur

312 1792 538 1878 irregularitas
561 1797 594 1858 et
610 1792 739 1877 planum
765 1799 822 1859 est.

401 1921 476 1986 288.
502 1921 624 1986 Surdus
647 1923 701 2006 qui
725 1922 846 1988 auditu
870 1923 995 2007 penitus
1019 1927 1110 1987 caret
1133 1941 1252 2006 nempe
1281 1925 1315 1987 in
1340 1920 1457 1986 ambabus

311 2046 443 2110 auribus
467 2051 515 2110 est
546 2065 624 2110 sane
655 2046 845 2132 irregularis
877 2029 933 2110 sed
963 2046 1115 2132 distingui
1146 2045 1243 2112 debet
1274 2051 1457 2129 premebar

307 2171 553 2254 promovendo.
579 2172 659 2236 Nam
692 2176 872 2254 promotus
905 2192 969 2236 non
1005 2170 1078 2236 iude
1112 2170 1307 2256 prohibetur
1338 2191 1357 2235 a
1387 2171 1459 2234 blissa

311 2295 507 2361 celebranda
530 2297 612 2380 quia,
638 2297 682 2361 uti
707 2301 797 2361 notat
820 2297 916 2361 etiem
933 2297 1053 2362 Suarez
1071 2293 1136 2380 (LI.
1153 2297 1184 2368 2.
1207 2297 1252 2378 9),
1273 2302 1374 2382 potest
1392 2295 1458 2358 mini-

311 2426 412 2486 strum
436 2419 590 2485 adhibere
613 2421 667 2505 qui
691 2422 720 2485 ei
744 2421 863 2486 Missae
886 2423 1043 2488 inserviat
1064 2421 1238 2486 advertens
1262 2423 1335 2487 eius
1357 2437 1458 2504 respou-

310 2547 416 2611 siones
444 2566 486 2611 ex
516 2551 603 2611 motu
634 2545 803 2628 labiorum,
827 2546 883 2612 sed
910 2548 978 2632 ipse
1002 2548 1231 2632 prohiberetur
1258 2545 1302 2610 ab
1325 2541 1459 2610 audiendis

311 2670 564 2736 confessionibus
586 2691 665 2756 quas
690 2672 843 2756 excipere
866 2691 931 2736 uon
954 2678 1061 2757 posset
1084 2671 1213 2738 nutibus
1236 2673 1292 2738 vel
1316 2673 1376 2737 alio
1392 2673 1460 2753 sign

310 2796 558 2861 conventionali.
585 2831 600 2844 -
625 2797 885 2863 Paomovendua
909 2801 958 2862 est
981 2799 1089 2881 utique
1112 2797 1309 2882 irregularis
1332 2791 1460 2862 etiamad

311 2923 440 2986 Missam
464 2922 691 2988 celebrandam
715 2923 771 2988 sed
794 2922 1012 3009 dispensatum
1036 2923 1095 2988 suit
1117 2924 1150 2987 iu
1174 2925 1336 2988 Trevireu
1366 2923 1413 2988 dte
1429 2919 1459 2980 27

310 3048 385 3112 lau.
410 3047 511 3128 1855,
539 3083 555 3094 -
580 3066 687 3131 usque
710 3048 757 3113 ad
775 3047 1050 3133 presbyteratum
1071 3048 1244 3115 inclusive.

397 3172 494 3240 Sardi
519 3192 561 3238 ex
584 3173 743 3238 alterutra
773 3193 852 3239 aure
883 3194 948 3238 ucu
978 3181 1052 3239 sunt
1082 3175 1294 3259 irregulares.
1327 3171 1460 3241 Sordesui

308 3317 387 3363 vero
411 3300 671 3382 quotiescumque
695 3297 839 3364 defectus
863 3300 903 3364 sit
926 3297 1073 3365 notabilis
1104 3299 1209 3364 solent
1239 3299 1412 3385 dispensari
1430 3295 1461 3359 ad

309 3425 486 3500 cautelam,
513 3425 556 3490 ita
579 3422 615 3488 in
638 3443 702 3488 una
726 3423 998 3510 lrrepularu'tatts
1022 3459 1039 3473 -
1064 3424 1120 3490 dia
1142 3425 1192 3489 29
1216 3424 1306 3490 Maii
1328 3423 1418 3488 1869.

397 3548 472 3614 289.
498 3549 606 3613 Mutus
630 3549 682 3633 qui
707 3566 819 3613 vocem
844 3549 876 3612 in
900 3545 1002 3612 verba
1017 3547 1191 3613 nullimode
1208 3543 1461 3613 contexeret-alu

307 3678 357 3740 est
380 3673 539 3754 inhabilis,
564 3675 631 3759 ipso
662 3673 803 3738 naturali
829 3675 909 3754 iure,
940 3672 980 3737 ad
1012 3693 1139 3739 sacrum
1171 3675 1397 3744 ministerium
1422 3667 1460 3734 sed

309 3818 373 3863 non
404 3798 496 3881 bene,
527 3800 573 3865 uti
605 3802 694 3864 notat
724 3799 878 3883 Gasparri
910 3821 943 3865 u.
971 3799 1048 3872 261,
1081 3799 1155 3866 iude
1187 3801 1333 3865 nonnulli
1365 3798 1461 3864 interne

308 3924 438 4006 audent,
462 3923 582 3990 nullam
608 3945 678 3989 esse
702 3923 936 3990 ordinationem
960 3929 1047 3990 muto
1071 3923 1235 4000 collatam3
1251 3927 1329 4010 quia
1345 3927 1400 3990 iste
1416 3937 1462 4004 pu

306 4067 342 4115 aa
366 4053 415 4114 est
438 4048 614 4114 subiectum
639 4047 747 4114 habile
770 4054 811 4122 et,
832 4068 898 4131 per
921 4049 1086 4122 accidens,
1110 4069 1154 4130 eu
1177 4048 1306 4114 deiectu
1330 4046 1459 4132 loquelae

308 4173 439 4238 Missam
463 4173 589 4257 aliaque
612 4173 721 4238 munia
743 4171 915 4238 sacerdotii
939 4171 1031 4238 obire
1046 4193 1111 4236 nou
1127 4173 1223 4238 ualet.
1244 4209 1260 4222 ·
1279 4174 1390 4257 Itaque
1404 4173 1461 4233 irre

307 4296 462 4382 gularitas
486 4299 618 4383 propria
641 4299 746 4362 oritur
770 4299 800 4360 in
826 4295 1028 4362 balbutiente
1050 4297 1102 4381 qui
1125 4297 1151 4362 si
1172 4303 1263 4362 tauto
1282 4296 1404 4362 labaret
1422 4291 1459 4355 de

307 4425 394 4492 fectu
418 4431 453 4490 ut
475 4425 577 4490 verba
599 4444 663 4489 uon
688 4424 835 4509 proferat
857 4409 1008 4491 distincte
1031 4430 1167 4508 atquae
1191 4425 1325 4511 intelligi
1351 4423 1458 4510 pastu
