3302 5100
616 275 823 324 ALLEGATUM
846 275 901 324 111.

666 500 763 558 Garun
784 501 855 557 Vlll.

447 647 489 702 De
508 647 622 712 Diariis,
641 646 721 718 foliis
739 655 767 702 et
786 646 893 701 libellis
907 648 1070 718 periodicie.

258 825 301 880 21.
322 824 424 891 iliaris,
443 823 511 879 solie
530 827 559 880 et
577 823 667 880 libelli
687 823 828 894 periodici,
840 823 888 895 qui
903 823 1072 892 religionem
1091 828 1141 880 cut
1160 827 1246 879 bonos
1259 839 1350 880 mores

167 930 236 986 dete
258 947 344 1001 opem
372 931 520 1000 impetunt,
538 945 593 983 non
611 928 702 983 solum
729 928 863 992 naturali,
890 929 1043 984 sedetiam
1071 929 1262 987 ecclesiastico
1288 929 1350 986 iure

169 1038 314 1108 proscripti
334 1036 502 1094 habeantur·

168 1202 173 1209 .
258 1143 364 1198 Curent
381 1148 475 1198 autem
500 1143 650 1210 Ordinarii,
670 1143 716 1196 ubi
735 1160 805 1214 opus
825 1144 871 1209 sit,
890 1142 924 1198 de
942 1141 1100 1198 huiusmodi
1125 1137 1254 1200 lectionis
1273 1146 1348 1215 peri·

166 1249 232 1304 culo
250 1255 280 1305 et
297 1250 397 1305 demno
416 1251 512 1305 fideles
530 1255 686 1320 opportune
706 1266 827 1306 monere.

258 1358 302 1412 22,
320 1357 436 1412 Nemee
448 1356 605 1422 catholicis,
625 1333 792 1427 praesertim
806 1374 821 1412 e
835 1357 904 1412 viris
918 1357 1128 1424 ecclesiasticis,
1144 1358 1172 1412 in
1191 1357 1348 1414 huiusmodi

165 1463 273 1530 disriis,
291 1462 337 1519 rel
355 1463 438 1530 loliis,
456 1463 504 1519 rel
523 1463 627 1519 libellis
645 1464 802 1534 periodicis,
821 1464 985 1538 quidquam,
1004 1465 1060 1520 nisi
1079 1465 1214 1521 suadente
1225 1465 1300 1521 iusta
1319 1469 1348 1520 et

168 1569 330 1624 rationabili
349 1586 443 1636 causa,
461 1569 596 1640 publicet.

674 1765 771 1822 Cerne
791 1765 839 1820 IX.

345 1908 388 1961 Da
405 1906 541 1978 facultate
561 1907 675 1977 lependi
693 1917 720 1961 ct
738 1908 880 1962 retinendi
897 1907 986 1962 libros
1003 1908 1165 1978 prohibitos.

257 2100 300 2154 23.
322 2100 419 2154 Libros
437 2099 496 2154 sive
515 2099 690 2170 specialibus,
704 2100 762 2154 sive
781 2099 857 2154 hisce
876 2098 1060 2154 Generalibus
1080 2099 1205 2154 Decretis
1223 2099 1347 2172 proscri-

168 2215 238 2279 ptos,
258 2208 278 2262 ii
297 2211 406 2262 tentum
426 2207 521 2277 legere
540 2212 569 2264 et
588 2208 709 2262 retinere
722 2210 862 2278 poterunt,
875 2207 922 2279 qui
941 2225 959 2261 a
977 2207 1046 2262 Sede
1060 2208 1229 2277 Apostolica
1242 2213 1292 2264 ant
1310 2209 1345 2263 ab

166 2317 233 2385 illis,
251 2317 352 2389 quibus
370 2317 446 2372 vices
463 2333 527 2370 sues
545 2316 695 2387 delegavit,
714 2321 885 2386 opportunas
904 2317 1009 2371 luserint
1028 2317 1169 2372 consecuti
1188 2317 1345 2372 facultates.

255 2422 300 2478 24.
319 2422 507 2478 Concedendis
533 2422 655 2477 licentiis
682 2422 797 2493 legendi
826 2427 856 2477 et
878 2422 1013 2477 retinendi
1044 2423 1131 2476 libros
1158 2436 1345 2495 quoscumque

168 2527 322 2597 prohibitos
341 2528 459 2582 Romani
473 2528 622 2583 Pontifices
635 2525 749 2582 Sacram
764 2527 865 2583 indicis
878 2529 1131 2598 Congregationem
1151 2544 1344 2598 praeposuere.

167 2633 270 2688 Eadem
289 2632 471 2688 nihilominus
489 2638 628 2704 potestate
641 2633 772 2704 gaudent,
788 2638 846 2688 tum
866 2633 1000 2704 Suprema
1013 2633 1041 2686 S.
1054 2633 1142 2688 Officii
1156 2633 1345 2704 Congregatio

167 2745 227 2794 tum
246 2740 331 2796 Sacra
348 2740 537 2811 congregatio
555 2741 588 2796 de
607 2740 790 2811 propaganda
810 2740 878 2795 Fide
897 2757 947 2810 pro
966 2743 1127 2810 regionibus
1145 2757 1196 2794 suo
1215 2740 1344 2810 regimini

164 2849 308 2904 subiectis.
329 2849 384 2902 Pro
402 2849 480 2904 Urbe
498 2853 618 2914 tautum,
637 2846 706 2902 haec
726 2847 847 2902 facultas
875 2847 1010 2918 competit
1038 2848 1123 2902 etiam
1143 2846 1219 2901 Sacri
1240 2847 1343 2903 Palatii

166 2956 322 3026 Apostolici
340 2957 485 3026 Magistro.

255 3061 298 3116 25.
316 3061 444 3132 Episcopi
463 3059 568 3132 aliique
588 3059 712 3115 Praelati
733 3059 923 3114 iurisdictione
936 3058 1016 3129 quasi
1031 3057 1182 3128 episcopali
1196 3059 1344 3128 pollentes,

166 3185 216 3238 pro
234 3168 424 3240 singularibus
452 3167 540 3234 libris,
568 3172 652 3238 etque
671 3168 700 3221 in
719 3167 830 3222 cssibus
859 3170 967 3222 mntem
996 3166 1170 3236 urgentibus,
1197 3165 1343 3220 licentiam

162 3276 316 3331 concedere
335 3275 454 3331 valeant.
474 3273 552 3336 Quod
570 3274 594 3328 si
613 3273 696 3330 iidem
716 3272 878 3343 generalem
897 3271 1003 3358 a'Sede
1022 3271 1183 3343 Apostolica
1205 3273 1342 3342 impetra-

164 3384 257 3438 verint
268 3383 441 3448 facultatem,
454 3385 486 3436 ut
498 3380 625 3436 fidelibus
639 3379 725 3434 libros
739 3380 908 3450 proscriptos
921 3379 1031 3450 legendi
1045 3378 1238 3450 retinendique
1252 3379 1342 3434 licen·

164 3489 235 3544 tiam
252 3488 391 3560 impertiri
409 3488 530 3554 valeant,
549 3503 611 3542 eam
630 3487 740 3542 nonnisi
760 3503 822 3540 cum
845 3485 955 3541 delectu
975 3491 1004 3541 et
1023 3502 1057 3542 en
1075 3486 1149 3540 iuste
1168 3491 1198 3540 et
1216 3486 1342 3542 ratione·

127 3614 130 3618 ¹
164 3595 216 3650 bili
235 3612 319 3650 causa
337 3595 497 3651 concedant.

253 3703 296 3758 26.
316 3703 417 3758 Omnes
441 3703 488 3774 qui
511 3701 678 3757 fucultatem
706 3700 889 3771 apostolicam
918 3700 1059 3755 consecuti
1085 3705 1151 3755 sunt
1175 3699 1286 3770 legendi
1312 3704 1342 3756 et

163 3805 302 3862 retinendi
321 3806 408 3860 libros
425 3805 587 3877 prohibitos,
606 3812 748 3878 nequeunt
765 3806 828 3862 ideo
848 3804 944 3876 legere
962 3809 992 3860 et
1011 3806 1132 3861 retinere
1151 3805 1238 3860 libros
1256 3821 1341 3876 quos·

163 3910 243 3980 libet,
261 3917 311 3967 aut
329 3911 520 3983 ephemerides
538 3914 572 3967 ab
591 3913 745 3968 Ordineriis
765 3913 890 3968 locorum
910 3912 1087 3985 proscriptae,
1107 3912 1160 3965 nisi
1174 3912 1214 3966 eis
1233 3911 1262 3964 in
1275 3927 1342 3981 epu·

161 4019 263 4074 stolico
281 4017 391 4074 lndulto
414 4037 545 4089 expressa
563 4019 638 4075 facta
655 4019 742 4075 fuerit
764 4024 889 4090 potestas
916 4018 1029 4089 legendi
1048 4023 1078 4073 et
1097 4016 1234 4073 retinendi
1253 4015 1341 4071 libros

161 4141 181 4182 a
192 4125 411 4198 quibuscumque
424 4126 577 4181 damnatos.
591 4127 772 4182 Memineriut
784 4127 898 4195 insuper
908 4127 956 4198 qui
969 4125 1113 4181 licentiam
1127 4123 1240 4194 legendi
1255 4122 1341 4178 libros

163 4229 319 4299 prohibitos
345 4231 537 4298 obtinuerunt,
558 4231 640 4300 gravi
659 4247 690 4286 se
712 4235 861 4301 praecepto
890 4230 980 4284 teneri
1009 4229 1166 4284 huiusmodi
1194 4229 1280 4283 libros
1299 4227 1340 4282 ite

161 4337 309 4406 custodire,
330 4343 361 4394 ut
379 4339 413 4393 ad
431 4339 550 4394 aliorum
569 4355 667 4392 manus
685 4353 742 4394 uon
754 4337 935 4408 perveniant.
