3302 5100
686 253 793 302 INDEX
816 249 1019 300 SYNOPTIOUS

343 517 358 572 x·
462 519 714 532 ------
728 491 903 552 nunnus
926 490 979 550 rx.

356 697 394 740 DE
411 693 555 740 -Dltthl'l'lS
577 695 616 738 ΕΤ
639 695 748 744 ΡΟΕΝῙΒ
769 695 804 740 IN
825 694 1002 754 consultum
1024 693 1161 738 scltlcnn
1183 689 1221 736 DE
1244 689 1354 736 1³0!le

413 841 418 850 ,
545 802 579 848 IN
601 803 765 878 chevrons
791 793 924 846 natissa
951 799 1163 847 consuturis.

249 981 333 1044 ·322.
353 983 495 1048 Quanam
516 982 636 1042 ratione
657 982 746 1041 modo
768 949 897 1060 agamus
919 983 953 1041 in
973 987 1114 1042 concreto
1136 982 1172 1040 de
1187 978 1304 1040 delictis
1379 949 1384 960 ’

394 1089 592 1170 etpoenisv.
636 1134 673 1173 .-
686 1134 895 1151 .....
921 1137 945 1174 .·
988 1136 996 1150 .
1189 1133 1198 1148 .
1239 1133 1247 1149 .
1288 1083 1447 1163 ρα9.412

263 1195 331 1256 323.
354 1198 494 1263 Quanam
516 1195 657 1256 methodo
659 1242 903 1258 ......
918 1227 922 1234 ·
946 1240 1305 1258 ........
1347 1211 1365 1258 a
1404 1192 1449 1252 ibi

777 1417 885 1480 Garun
907 1420 931 1481 Ι.

480 1594 517 1634 Μ
537 1594 705 1634 chtutstsus
725 1593 851 1632 oratura
872 1593 984 1632 coum
1003 1592 1082 1633 DEUH
1101 1591 1231 1632 anutssts

524 1695 526 1703 '
604 1691 657 1731 sau
678 1690 888 1730 ΒΕἋΡΟΕῚἊΒΙΑ
907 1690 944 1730 ΕΤ
963 1690 1097 1730 aasatst.

265 1861 333 1925 324.
355 1862 513 1924 Articulns
539 1863 564 1924 1.
587 1863 689 1926 Oonst.
712 1865 828 1940 Apost„
847 1861 936 1926 Sedis
957 1860 1064 1940 plectit
1086 1867 1308 1939 apostatasse

396 1972 567 2030 haereticos
586 2013 1248 2032 ..............
1286 1985 1365 2044 pap.
1387 1963 1453 2024 413

264 2075 334 2138 325.
355 2078 526 2154 Apostetae
546 2077 669 2154 quinam
690 2077 831 2138 dicantur
842 2119 1305 2139 ..........
1347 2091 1366 2134 »
1388 2072 1452 2132 413

265 2183 334 2244 326.
355 2185 433 2251 Quid
453 2184 494 2244 sit
514 2185 673 2264 apostasia
693 2204 715 2245 o
736 2187 901 2262 rettpa'one.
917 2185 1027 2244 Poenis
1041 2183 1148 2260 quibus
1163 2181 1308 2261 plectitur
1349 2199 1367 2243 a
1389 2181 1451 2240 414

265 2290 335 2354 327.
356 2291 433 2358 Quid
455 2292 614 2369 apostasia
634 2293 672 2351 ab
694 2291 806 2352 ordine
846 2331 1308 2355 ..........
1349 2305 1368 2350 »
1387 2287 1454 2352 ,415

265 2397 335 2458 328.
356 2399 478 2458 Poenae
492 2401 601 2459 contra
616 2398 743 2458 clericos
764 2405 796 2456 et
815 2396 976 2476 regulares
998 2398 1187 2458 attentantes
1208 2397 1311 2456 matri-

396 2505 530 2564 monium
541 2543 1307 2567 ................
1348 2519 1367 2566 )
1408 2501 1454 2562 ibi

266 2609 336 2673 329.
358 2613 480 2672 Poenae
499 2613 530 2671 in
552 2613 713 2689 apostatas
735 2613 774 2672 ab
791 2612 905 2672 ordine
948 2655 1307 2672 ........
1350 2607 1453 2670 »416

265 2718 335 2780 330.
357 2718 401 2778 De
428 2722 577 2795 conceptu
599 2717 734 2778 haeresis
746 2757 1308 2780 ............
1348 2714 1452 2780 »417

265 2825 334 2887 331.
356 2826 531 2892 Quomodo
554 2826 721 2903 puniantur
746 2824 975 2886 haereticorum
1001 2822 1181 2902 complices,
1202 2839 1311 2901 nempe

396 2931 563 3000 credentes,
586 2937 768 3008 receptores,
782 2938 935 3013 fautores,
951 2931 1135 3012 defensores
1149 2933 1310 3007 inponere
1350 2947 1369 2990 »
1410 2927 1454 2988 ihi

265 3038 334 3098 332.
355 3039 399 3098 De
419 3039 541 3100 haeresi
562 3041 712 3117 quatenus
743 3041 791 3098 est
811 3042 926 3098 orimen
955 3037 1121 3099 detrahens
1150 3038 1208 3114 ipsi
1229 3036 1312 3097 civili
1388 3109 1392 3118 Ι

394 3144 611 3223 tranquillitati
636 3144 873 3206 christianarum
895 3145 1056 3206 civitatum
1099 3187 1310 3207 .....
1351 3161 1370 3204 »
1392 3140 1455 3202 418

267 3251 336 3322 333.
358 3251 403 3311 De
425 3252 530 3329 poenis
550 3253 581 3312 in
604 3251 775 3312 haereticos
797 3269 961 3328 eorumque
983 3249 1146 3328 complices
1167 3249 1260 3313 latis.
1303 3295 1311 3313 .
1352 3265 1370 3310 »
1393 3246 1455 3310 419

265 3357 335 3417 334.
357 3358 401 3416 De
421 3356 653 3420 schismaticis.
697 3404 703 3416 .
746 3405 754 3420 .
796 3405 809 3438 ·.
847 3401 1309 3419 ..........
1351 3352 1451 3416 »421

270 3463 339 3526 335.
361 3463 405 3522 De
426 3481 557 3524 censura
578 3467 609 3522 et
629 3463 833 3542 prohibitione
854 3463 1001 3524 librorum
1023 3466 1054 3523 et
1075 3465 1112 3524 de
1126 3463 1224 3523 vetita
1237 3460 1311 3521 tole-
1351 3516 1357 3529 ,

355 3621 360 3632 .
397 3571 503 3632 nantia
523 3571 748 3632 haereticorum
772 3568 956 3650 (remissive)
1000 3613 1310 3634 .......
1346 3585 1371 3638 p
1411 3567 1454 3627 ihi

777 3783 886 3848 Carus
907 3785 946 3846 Ii.

539 3953 575 3990 DE
596 3949 800 3991 Psoutststosn
820 3951 857 3990 it'l'
876 3951 1007 3990 CBNSURA
1026 3949 1180 3992 ntsnoauu.

267 4113 337 4176 336.
358 4114 402 4173 De
425 4113 542 4173 recenti
564 4113 667 4176 (tonet.
690 4113 897 4173 ‹Officiorom
919 4131 956 4173 ac
976 4129 1168 4173 munerum»
1204 4157 1212 4172 .
1255 4159 1262 4172 .
1296 4125 1372 4187 pop.
1389 4108 1455 4168 422

267 4221 336 4283 337.
358 4221 516 4288 Quodnam
538 4221 578 4280 sit
598 4221 646 4280 ius
667 4219 930 4297 hodie.vigens..
951 4267 958 4281 .
978 4265 1009 4281 ..
1051 4266 1059 4282 .
1204 4265 1210 4276 .
1253 4265 1261 4280 .
1304 4265 1312 4279 .
1353 4216 1454 4278 »424

267 4327 337 4390 338.
358 4329 407 4386 An
419 4332 555 4405 rigeant
579 4325 782 4404 particulares
804 4325 1038 4387 consuetudines
1048 4369 1309 4389 ......
1350 4321 1455 4386 »425
