3306 5102
551 325 594 370 na
620 322 773 368 nemoris
797 323 839 368 nr
865 323 982 370 roams
1287 307 1355 376 303

264 448 430 534 Supplices
458 447 559 513 libelli
583 447 609 512 si
633 446 753 512 dentur
778 445 818 510 ad
843 447 874 512 S.
901 447 1186 514 Paenitentiariam
1220 454 1351 517 exarari

174 575 285 641 valent
315 594 516 660 quocumque
547 575 580 638 in
612 573 761 640 idiomate
787 571 850 658 (l);
878 573 933 640 sed
965 576 992 640 si
1020 575 1061 640 ad
1087 575 1151 640 alia
1181 577 1353 644 dicasteria

173 703 341 768 mittantur
376 701 428 767 vel
463 701 573 784 lingua
606 698 708 764 latina
742 700 794 764 vel
829 699 937 764 italica
972 699 1024 764 vel
1058 700 1177 788 gallica
1211 704 1348 787 exprimi

172 827 298 893 debent.

262 953 344 1028 Quia
367 971 432 1018 una
454 950 679 1036 irregularitas
702 949 883 1036 dispensari
906 949 1084 1032 volatalis
1107 972 1171 1016 nnn
1193 954 1350 1035 relaxata,

172 1079 308 1165 proinde
335 1080 369 1143 in
398 1075 548 1163 precibus
579 1073 737 1159 explicari
768 1073 886 1142 debent
914 1075 1061 1160 singulae
1092 1076 1351 1164 irregularitates

171 1207 287 1293 quibus
300 1206 416 1290 aliquis
431 1204 516 1272 forte
533 1202 705 1270 detinetur.
723 1201 785 1268 Sed
801 1202 986 1268 revocanda
998 1206 1072 1268 sunt
1087 1223 1169 1287 quae
1185 1203 1350 1272 docuimus

172 1351 203 1395 n.
215 1329 292 1403 201,
306 1330 457 1393 nimirum
472 1327 731 1412 irregularitates
747 1344 790 1392 ex
807 1325 947 1400 defectu,
965 1326 1173 1412 probabiliori
1189 1331 1348 1416 opinione,

171 1475 237 1521 non
261 1453 465 1539 multiplicari
490 1452 549 1518 etsi
573 1469 671 1516 causa
692 1452 842 1536 proxima
858 1451 999 1517 eiusdem
1023 1453 1141 1538 speciei
1158 1454 1349 1541 irregulari-

169 1582 245 1648 tatis
261 1580 381 1666 pluries
397 1583 545 1665 ponatur.
558 1576 686 1643 Exinde
701 1578 728 1642 si
743 1577 842 1643 iudex
857 1578 888 1641 vi
906 1579 955 1644 sui
967 1576 1063 1643 officii
1077 1579 1187 1663 plures
1203 1577 1349 1646 homines

170 1705 278 1790 capite
308 1702 480 1774 damnavit,
506 1700 601 1768 debet
631 1699 748 1773 dicere,
782 1719 817 1765 se
840 1719 882 1766 ex
906 1699 1012 1767 officio
1039 1702 1149 1788 plures
1172 1707 1349 1773 sententias

169 1827 326 1914 capitales
342 1825 488 1899 edidisse,
506 1825 558 1890 vel
575 1827 671 1891 etiam
696 1825 887 1890 sententiam
908 1823 1079 1911 capitalem
1094 1828 1215 1893 tulisse.
1232 1865 1249 1878 ·
1267 1827 1347 1896 Item

169 1953 316 2036 quamvis
343 1971 407 2016 nnn
431 1949 676 2036 probaverimus
706 1951 897 2015 sententiam
922 1969 1003 2034 quae
1034 1956 1132 2037 negat
1154 1972 1213 2038 per
1239 1954 1348 2038 plures

168 2083 262 2145 actus
282 2078 422 2144 eiusdem
447 2075 555 2142 delicti
579 2079 611 2141 in
635 2074 747 2142 eodem
770 2075 915 2142 subiecto
931 2077 1052 2162 positos
1072 2078 1183 2164 plures
1199 2081 1348 2146 contrahi

167 2203 431 2289 irregularitates
454 2221 499 2268 eea
521 2202 651 2274 delicto,
675 2205 783 2266 tamen
816 2202 877 2266 ista
904 2203 1064 2270 sententia
1087 2209 1136 2269 est
1163 2203 1347 2289 probabilis,

167 2329 247 2394 hino
259 2330 292 2392 in
303 2327 412 2394 libello
425 2325 543 2392 sufficit
555 2327 740 2412 exprimere
752 2327 892 2412 speciem
904 2327 1164 2412 irregularitatis,
1178 2347 1305 2414 exemp.
1318 2351 1346 2395 e.

167 2474 202 2520 se
226 2454 363 2528 Missam
383 2452 565 2518 celebrasse
589 2471 728 2518 censura
743 2451 903 2518 irretitum
927 2454 1003 2536 quin
1027 2473 1181 2520 numerus
1196 2453 1345 2522 determi-

166 2583 265 2646 netur
281 2579 453 2644 Missarum
476 2577 722 2642 celebratarum.
747 2578 785 2642 In
808 2595 930 2660 genere
943 2577 1137 2664 dispensatio
1153 2599 1217 2644 non
1241 2580 1348 2648 aufert

166 2702 427 2788 irregularitates
441 2720 520 2785 quas
536 2705 648 2766 orator
663 2699 824 2766 debuisset
846 2702 1031 2785 exprimere
1047 2707 1080 2770 et
1094 2721 1158 2767 non
1175 2705 1345 2789 expressit,

165 2828 227 2894 nisi
253 2827 407 2912 Superior
430 2825 533 2891 dicat:
560 2845 578 2890 c
602 2846 638 2890 se
661 2824 848 2910 dispensare
872 2824 916 2891 ab
940 2827 1034 2892 omni
1058 2827 1190 2895 ainardo
1212 2829 1345 2916 irrepa-

165 2951 347 3018 laritalis»
365 2955 421 3016 aut
435 2951 499 3014 alia
511 2949 651 3014 formula
665 2946 824 3035 significet
839 2949 1019 3014 huiusmodi
1032 2953 1239 3036 propositum.
1253 2953 1346 3027 Quod

167 3082 290 3157 tamen,
315 3077 376 3142 nisi
400 3095 553 3161 expresse
584 3074 719 3148 dicatur,
751 3094 816 3139 non
846 3075 1039 3161 intelligitur
1069 3077 1345 3163 comprehendere

164 3202 427 3289 irregularitates
457 3201 534 3270 dolo
559 3203 716 3274 reticitas,
741 3205 796 3268 aut
819 3201 1045 3289 gravissimum
1069 3203 1207 3288 aliquem
1236 3225 1344 3272 casum

164 3325 300 3412 speciali
330 3326 492 3392 mentione
519 3324 661 3411 dignum,
685 3325 786 3391 veluti
813 3324 1018 3392 homicidium
1042 3326 1269 3394 voluntarium.
1294 3331 1342 3398 cf.

165 3449 367 3518 D'Annibale
385 3451 411 3526 l,
425 3449 507 3525 407,
524 3458 592 3518 aot.
604 3451 659 3515 21.
676 3451 842 3536 Gasparri,
858 3471 892 3517 a.
905 3450 984 3518 213.
998 3487 1042 3500 —
1054 3451 1236 3539 significari
1252 3475 1342 3541 praa·

165 3581 259 3643 terea
280 3575 376 3642 debet
398 3572 531 3642 effectus
553 3576 587 3642 in
609 3595 703 3661 quem
727 3576 825 3662 dirigi
848 3577 918 3643 uult
940 3576 1146 3663 dispensatiO,
1166 3599 1208 3644 an
1229 3599 1344 3667 nempe

165 3721 226 3786 pro
257 3699 421 3766 ordinibus
452 3700 629 3766 minoribus
660 3706 716 3766 aut
744 3701 918 3767 maioribus
949 3701 1169 3788 suscipiendis,
1198 3709 1253 3768 aut
1284 3726 1343 3789 pro

164 3823 322 3892 beneficio
346 3825 527 3892 obtinendo.
553 3827 584 3892 S.
610 3825 766 3912 Alphons.
801 3826 875 3902 Vll,
901 3824 984 3893 353.

257 4037 296 4106 (l)
315 4035 355 4090 Cf.
377 4039 447 4090 Acta
465 4035 491 4090 S.
511 4036 589 4092 Sedis
607 4037 627 4104 Ι,
647 4038 717 4107 App.
735 4037 753 4090 6
771 4037 801 4090 in
819 4037 883 4106 fine.
903 4035 975 4091 Data
992 4039 1151 4106 occasione,
1170 4055 1221 4094 nos
1239 4038 1343 4094 recole·

164 4160 227 4198 mus
243 4142 486 4214 iurisprudentiam
501 4143 526 4196 S.
541 4141 570 4198 C.
584 4141 666 4198 conc.
680 4143 709 4198 in
722 4142 894 4199 declarandis
907 4147 937 4199 et
949 4143 1138 4213 dispensandis
1151 4145 1343 4216 irregularita-

164 4249 250 4304 tibus.
270 4249 404 4320 Equidem
423 4251 452 4304 in
471 4250 588 4322 supplici
609 4251 706 4306 libello
723 4251 790 4305 fecti
810 4251 916 4321 species
935 4251 1022 4308 nitide
1041 4252 1181 4308 enucleari
1201 4255 1291 4322 debet,
1312 4261 1342 4311 at

164 4353 199 4409 de
210 4355 374 4426 quaestione
392 4355 461 4410 iuris
479 4356 523 4412 vel
539 4356 574 4412 de
593 4357 809 4428 iurisprudentia
821 4357 847 4412 S.
861 4357 962 4428 Congr.
977 4375 1032 4415 non
1045 4365 1157 4431 oportet
1169 4363 1339 4418 mentionem

165 4460 264 4518 lacere.
