3306 5102
552 291 596 338 nn
621 291 774 340 nnurcrrs
797 293 840 340 au
863 294 983 340 roarus
1290 275 1355 342 343

178 411 356 476 circaeam
373 412 506 478 Bartolo
529 432 549 476 a
573 412 668 480 Card.
686 411 896 486 D'Annibale.
922 413 960 500 (Ι,
982 415 1066 502 121),
1087 415 1223 482 infamia
1239 415 1357 483 descri-

176 533 273 600 bitur:
290 537 450 603 ‹Laerae
461 537 637 624 diqnitatis
650 543 756 605 statas
769 539 898 626 lapibus
909 545 940 605 et
951 539 1103 607 mambae
1114 540 1357 624 reprobatnr»;

177 666 274 744 atque
298 662 330 726 in
353 663 374 728 l.
391 662 426 734 2,
446 663 480 729 0.
497 663 547 728 Da
566 663 787 750 diqnitatibas
810 663 1016 732 decernitur:
1043 665 1197 752 «Neque
1215 666 1358 750 famosis

177 784 348 852 etaetatis
370 791 400 851 et
424 805 509 870 qaas
530 788 638 853 saetas
661 792 721 852 ant
741 787 829 854 uitae
848 788 1023 871 turpitudo
1039 788 1198 873 inquinat
1219 795 1252 856 et
1273 808 1359 874 qnos

176 908 325 990 infamia
348 909 391 976 ab
415 911 631 978 honestorum
655 917 749 978 caetu
772 917 937 998 seqreqat
959 913 1134 996 diqnitatis
1153 919 1277 996 portae
1294 933 1357 996 pa·

178 1033 292 1102 tabant
307 1056 337 1101 ›.
363 1037 453 1102 llaec
477 1042 526 1102 est
548 1057 614 1101 vox
637 1038 717 1102 iuris
740 1037 898 1102 naturalis
926 1055 1083 1122 expressa
1110 1039 1205 1104 etiam
1229 1038 1262 1102 in
1286 1038 1358 1107 iure

176 1161 322 1244 positivo,
348 1180 389 1225 ne
411 1160 561 1226 naturale
585 1162 633 1226 ius
656 1161 891 1248 pessumdetur.
920 1163 959 1226 ln
986 1162 1057 1226 iure
1081 1181 1153 1226 can.
1177 1161 1252 1228 inde
1279 1182 1356 1228 con·

177 1289 270 1370 cepta
292 1287 414 1371 reqala
437 1286 524 1352 iaris
547 1287 594 1352 87
618 1287 655 1352 in
675 1287 707 1352 6.
730 1286 960 1370 ‹Infamibas
978 1291 1103 1370 portae
1124 1307 1196 1354 non
1214 1293 1357 1370 pateant

177 1408 380 1496 diqnitatam
398 1432 428 1475 ›.

265 1535 339 1601 252.
365 1535 521 1620 Equidem
538 1536 671 1602 infamia
692 1539 738 1602 ita
762 1537 974 1618 considerata,
991 1541 1041 1602 est
1061 1536 1210 1604 naturale
1234 1536 1356 1603 factum

176 1666 209 1724 et
227 1661 305 1727 hinc
328 1663 409 1728 solet
432 1662 494 1728 dici
518 1661 666 1746 infamia
688 1663 790 1747 faeti;
812 1669 846 1728 at
868 1684 933 1730 non
957 1669 1061 1749 potest
1085 1639 1285 1731 considerari
1309 1667 1355 1732 uti

177 1786 411 1871 irregularitas,
439 1787 555 1871 quippe
578 1806 598 1852 a
622 1789 692 1852 iure
716 1787 852 1872 positivo
877 1786 1054 1873 repetenda
1068 1796 1132 1864 est;
1157 1787 1248 1854 nulla
1269 1790 1357 1854 anim

175 1911 400 1996 irregularitas
425 1913 485 1977 nisi
509 1913 541 1977 in
566 1914 637 1978 iure
661 1932 826 1998 expressa.
849 1948 867 1962 ·
892 1910 1035 1978 Proinde
1059 1916 1279 1979 necessarium
1308 1921 1358 1981 est
1451 1909 1454 1915 ’

173 2034 306 2117 factam
334 2037 496 2110 infamiae,
522 2057 560 2102 eo
584 2037 676 2101 modo
699 2039 827 2122 penitus
855 2037 926 2102 tolli
953 2057 1016 2122 quo
1039 2039 1215 2124 ingeritur:
1240 2058 1357 2123 nempe

174 2181 240 2226 non
263 2162 448 2248 expostulat
470 2163 756 2245 dispensationem
772 2161 829 2227 sed
844 2162 993 2228 aufertur
1009 2181 1068 2246 per
1087 2162 1151 2226 alia
1165 2161 1257 2245 faeta
1274 2181 1356 2246 quae

173 2286 339 2351 hominum
363 2285 538 2372 proborum
563 2287 831 2352 existimationem
855 2287 884 2350 ei
908 2285 1085 2351 conciliant
1104 2304 1201 2369 quum
1218 2288 1357 2352 resarcit

173 2431 235 2496 per
258 2410 358 2476 bonos
381 2415 472 2476 actus
496 2412 597 2476 malos
619 2416 715 2476 antea
738 2410 1257 2496 patratos.Haecnatu1·a,ethi
1282 2415 1357 2475 sunt

138 2583 140 2588 .
173 2535 308 2604 effectus
324 2537 489 2620 infamiae
503 2537 596 2621 faeti.
615 2573 632 2586 -
651 2540 717 2604 Ista
742 2538 916 2602 infamiae
940 2538 1059 2604 Suarez
1084 2537 1201 2603 dicitnr
1224 2536 1356 2601 infamia

175 2660 328 2746 calqaris
351 2680 409 2725 seu
427 2659 620 2743 popularis.

263 2783 340 2849 253.
365 2785 408 2850 At
429 2784 479 2848 ius
502 2781 598 2848 civile
622 2801 830 2848 romanorum
854 2787 886 2848 et
906 2783 1096 2848 canonicum
1118 2783 1355 2847 constituerunt

173 2908 270 2974 etiam
293 2908 478 2992 infamiam
500 2908 587 2974 iaris
609 2928 668 2994 pro
685 2909 890 2996 gravioribus
905 2907 1103 2973 criminibus.
1121 2908 1281 2992 Siquidem
1305 2910 1354 2973 ius

172 3033 344 3118 positivum
359 3033 446 3099 iaris
461 3033 644 3116 infamiam
660 3033 814 3106 decrevit,
839 3034 929 3115 quasi
946 3037 981 3097 ut
997 3031 1224 3097 moderaretur
1246 3051 1354 3098 mores

172 3159 281 3244 populi
305 3165 416 3244 aperte
440 3159 560 3223 docens
575 3157 649 3243 quid
667 3157 850 3232 inhonore,
868 3157 942 3240 quid
967 3159 998 3221 in
1023 3156 1254 3243 reprobatione,
1270 3159 1354 3244 apud

173 3285 306 3369 populos
330 3304 401 3348 esse
425 3282 548 3350 debeat.
574 3285 687 3367 Itaque
703 3282 836 3347 infamia
852 3283 931 3348 iuris
955 3287 1004 3346 est
1025 3282 1153 3368 publica
1169 3282 1354 3367 reprobatio

172 3427 256 3492 quae
279 3427 301 3475 a
325 3411 397 3495 leqe
412 3407 555 3474 iubetur.
573 3409 700 3473 Etenim
717 3427 781 3472 non
798 3427 876 3472 rara
892 3405 938 3481 fit,
955 3406 1146 3492 populorum
1164 3427 1352 3472 maresuan

173 3529 372 3596 sufficienter
387 3533 572 3617 exprimere
589 3533 622 3594 in
637 3530 764 3614 aliquod
782 3533 906 3596 crimen
926 3529 1187 3604 detestationem;
1204 3534 1259 3594 aut
1275 3527 1354 3594 illud

173 3655 326 3720 detestari
342 3652 425 3738 quod
442 3655 632 3740 probrosum
657 3659 689 3719 et
713 3653 898 3719 indecorum
916 3658 1054 3718 nonest.
1075 3652 1236 3727 Quocirca
1259 3651 1353 3717 huius

171 3779 324 3845 infamiae
348 3779 468 3864 duplex
492 3784 541 3844 est
563 3777 697 3844 effectus
713 3777 768 3865 (l).
793 3779 878 3844 alter
896 3777 1038 3844 moralis
1060 3775 1101 3841 ad
1123 3775 1354 3842 moderandam

261 4095 302 4164 (l)
322 4095 362 4149 Cl.
383 4095 510 4160 carrara,
530 4113 572 4166 op,
593 4099 637 4150 cit.
657 4099 675 4160 ἓ
697 4094 768 4147 683.
789 4094 858 4148 Vide
878 4093 1066 4163 Thomasium,
1086 4093 1157 4145 Diss.
1173 4093 1241 4156 127,
1261 4109 1288 4144 υ.
1302 4091 1321 4143 1
1325 4091 1353 4156 V,

170 4205 216 4256 An
226 4219 336 4274 poeitae
348 4203 501 4257 cinomiam
514 4219 562 4257 aas
574 4207 742 4274 insanientes
755 4202 810 4254 sint
823 4203 963 4256 absurdae
976 4210 1002 4254 et
1014 4200 1202 4268 abroqandae.
1217 4227 1233 4238 -
1247 4197 1352 4252 Mortui

170 4311 427 4365 condemnabantur
445 4311 561 4363 infamia
580 4325 629 4380 per
648 4307 857 4378 inscriptionem
877 4308 906 4361 in
924 4305 1054 4360 columna
1073 4305 1178 4359 infami.
1198 4334 1214 4345 ·
1234 4304 1274 4357 Cf.
1290 4303 1351 4357 Van

169 4417 267 4486 Sanus,
287 4419 330 4474 De
343 4420 469 4490 infamia.
483 4417 605 4471 Traiecti
618 4415 653 4469 ad
667 4415 795 4470 Rhenum
812 4413 888 4468 1828.
902 4413 1006 4483 Heppa
1024 4413 1062 4468 De
1081 4413 1111 4466 la
1128 4422 1192 4467 note
1205 4411 1352 4484 d'infamie
