3290 5100
540 318 584 364 nn
608 317 762 364 oratoris
786 319 828 365 ar
852 319 971 366 eorvis
1282 298 1348 365 499

167 458 246 504 sura
261 458 326 504 non
342 441 529 505 incurritur.
546 477 563 490 -
582 439 626 508 Et
642 441 768 525 quidem
781 442 1013 524 pertinaciter,
1032 462 1147 528 nempe
1164 462 1236 508 cum
1252 442 1349 529 plena

168 564 352 648 cognitione
376 569 407 628 et
423 564 591 630 voluntate
606 564 787 651 denegandi
803 565 1017 632 obedientiam
1041 568 1070 631 ei
1094 586 1188 650 quem
1204 567 1249 632 uti
1266 567 1347 652 legi·

167 689 279 753 timum
305 689 496 756 Pontificem
523 691 672 756 Ecclesia
696 697 868 757 reveretur
893 693 1053 758 universa.
1079 727 1097 741 ·
1122 689 1233 773 Secus,
1258 694 1285 757 si
1308 690 1348 756 de

166 814 236 878 eius
258 813 460 900 legitimitate
483 815 662 900 prudenter
685 816 824 882 dubitari
848 821 965 902 posset.

257 938 332 1002 437.
365 937 583 1020 Schismatici,
615 938 769 1024 siquidem
800 940 864 1004 sint
894 959 959 1004 non
985 939 1072 1023 pari
1100 960 1157 1004 seu
1189 939 1347 1006 haeretici

165 1065 319 1126 tenentur
342 1061 453 1127 iisdem
477 1063 589 1148 poenis
611 1083 650 1128 ec
673 1063 848 1140 haeretici;
872 1067 899 1129 si
923 1084 1002 1129 vero
1018 1063 1237 1129 tantummodo
1260 1065 1345 1129 schi-

164 1187 290 1250 smatici
314 1187 387 1258 sint,
412 1189 589 1273 puniuntur
605 1187 677 1252 aliis
693 1207 818 1272 qaoque
834 1188 958 1274 poenis,
975 1187 1056 1256 idest
1071 1194 1204 1274 praeter
1219 1208 1345 1254 excom·

166 1311 413 1375 manicationem
427 1311 482 1375 sed
495 1312 614 1376 mitiori
627 1311 729 1376 modo.
745 1313 875 1378 Revera
887 1311 1083 1377 schismatici
1093 1312 1176 1395 pari
1189 1311 1343 1388 evadunt;

302 1432 332 1514 ll
356 1432 515 1500 inhabiles
538 1433 577 1499 ad
602 1433 776 1499 obtinenda
802 1432 958 1500 beneficia
981 1435 1203 1500 ecclesiastica
1226 1440 1258 1499 et
1280 1433 1344 1498 alin

164 1557 274 1620 munia
296 1557 423 1632 eccles,
441 1577 509 1642 arg.
532 1576 606 1640 cap.
622 1557 656 1629 5,
677 1556 728 1622 De
751 1558 841 1622 elect.
859 1557 893 1620 X
914 1556 953 1642 (l,
970 1556 1003 1644 6)
1028 1559 1169 1622 maxime
1193 1557 1232 1622 ob
1255 1557 1344 1641 iasa-

163 1683 270 1746 miam
298 1682 381 1766 facti
404 1702 467 1767 qua
496 1681 576 1747 fiant
604 1683 798 1766 improprie
828 1683 1040 1768 irregulares,
1065 1684 1156 1748 iuxta
1186 1684 1344 1769 principia

162 1809 311 1894 superius
335 1809 490 1894 exposita.
516 1809 563 1874 of.
585 1809 742 1882 Thesaur,
770 1827 823 1891 op.
849 1808 913 1890 cit,
937 1809 976 1872 Ρ.
999 1809 1047 1890 Il,
1072 1829 1098 1874 c.
1122 1807 1149 1872 I.
1176 1808 1340 1875 Schisma.

298 1933 331 2017 2)
357 1932 541 1997 Bonifacias
564 1932 659 2013 Vlll,
687 1951 761 2015 cap.
785 1935 812 2004 1,
838 1932 869 1996 h.
895 1939 915 1997 t.
939 1933 977 1998 ia
1000 1933 1032 2005 6,
1056 1935 1090 1998 in
1120 1933 1342 2000 schismaticos

161 2057 236 2124 tulit
250 2077 386 2144 poenam
401 2058 591 2142 privationis
606 2055 839 2122 beneficiorum
857 2076 1141 2141 quorumcumque,
1158 2059 1228 2143 ipso
1243 2056 1339 2130 facto,

161 2181 402 2246 incurrendam.
427 2181 488 2248 Sed
513 2181 598 2244 hanc
621 2199 758 2266 poenam
783 2182 952 2246 revocavit
976 2180 1170 2246 Benedictus
1193 2183 1253 2255 Xl,
1268 2183 1338 2248 Ea-

160 2311 293 2390 tracap.
326 2325 445 2372 comat.
478 2325 535 2370 aa.
561 2305 591 2368 h.
618 2309 649 2376 1.,
682 2304 788 2389 prouti
821 2304 1081 2390 interpretantur
1112 2303 1257 2383 Garoias,
1289 2303 1340 2370 Da

105 2422 111 2434 '
160 2427 269 2510 benef.
294 2431 339 2502 11,
364 2449 438 2512 cap.
456 2429 506 2504 10,
531 2449 565 2494 a.
590 2429 660 2500 151,
687 2423 852 2493 Reiffenst.
875 2429 905 2492 h.
923 2434 944 2493 t.
969 2448 1002 2494 a.
1021 2428 1065 2491 11.
1090 2425 1138 2491 Et
1159 2427 1242 2492 haec
1265 2447 1338 2492 sen-

160 2556 261 2619 tentia
284 2560 333 2620 est
355 2557 474 2620 vertor.
500 2555 579 2618 Nam
601 2555 664 2628 alii,
689 2552 745 2619 sed
768 2555 875 2620 minus
898 2552 1117 2639 probabiliter,
1143 2553 1337 2619 decretalem

160 2677 326 2743 Benedicti
349 2679 399 2744 Xl
424 2679 467 2742 ita
491 2679 747 2762 interpretantur
770 2681 806 2743 ut
829 2696 963 2763 poenam
988 2679 1193 2744 revocaverit
1213 2683 1336 2744 tantum

158 2802 263 2885 quoad
281 2802 519 2885 Columnenses,
538 2805 569 2867 in
587 2821 665 2887 quos
681 2803 942 2882 animadvertere
962 2805 1160 2888 potissimum
1181 2809 1338 2870 statuerat

160 2928 345 2993 Bonifacius
368 2927 464 2992 VllI.

285 3052 318 3140 3)
332 3052 393 3118 Sed
406 3054 550 3136 quamvis
562 3051 726 3119 beneficiis
739 3073 803 3117 noa
816 3053 986 3139 priventur
999 3054 1203 3126 schismatici,
1216 3059 1335 3135 tamen,

157 3199 221 3263 qua
244 3179 522 3250 excommunicati,
548 3178 762 3264 prohibentur
784 3179 824 3242 ab
848 3200 907 3244 usu
931 3178 1160 3245 iurisdictionis
1181 3180 1334 3245 ecclesia·

157 3304 274 3380 sticae;
291 3305 396 3388 prouti
410 3303 577 3369 declarant
588 3321 734 3368 caaoaes
749 3303 801 3378 16,
815 3322 907 3369 caar.
922 3303 953 3378 7,
967 3323 999 3388 q.
1012 3305 1050 3386 1,·
1062 3309 1092 3370 et
1105 3302 1156 3378 31,
1170 3323 1260 3370 caas.
1275 3303 1334 3376 24,

155 3445 189 3510 q.
202 3426 228 3491 2
239 3434 270 3492 ct
283 3445 355 3508 cap.
369 3427 395 3498 1,
411 3425 441 3489 h.
455 3431 475 3490 t.
491 3425 553 3490 Sed
566 3424 670 3508 quoad
685 3425 883 3490 validitatem
899 3429 1045 3492 actorum
1059 3427 1129 3492 iure
1141 3446 1204 3510 quo
1216 3429 1335 3493 utimur

157 3689 302 3746 referenda
315 3690 352 3744 sit
365 3689 399 3743 ed
418 3689 493 3756 5111,
507 3689 551 3744 vel
565 3689 599 3742 ad
612 3694 629 3755 ἓ
643 3689 682 3743 Xl
695 3689 789 3744 Const.
803 3692 856 3761 Ap.
872 3691 933 3745 Sed.
949 3719 963 3732 -
977 3690 1017 3742 Cf.
1031 3691 1184 3746 Bacceroai
1197 3692 1226 3745 in
1239 3691 1332 3747 Cooet

155 3799 208 3866 Ap.
230 3798 292 3851 Sed.
311 3815 338 3850 a.
359 3798 411 3850 35.
432 3825 447 3836 -
467 3796 493 3849 S.
513 3797 599 3866 Cong.
613 3796 718 3850 Concil.
739 3797 1033 3852 dioecesanam
1051 3798 1126 3852 iussu
1146 3797 1173 3852 S.
1188 3798 1334 3854 Pontificio

153 3903 243 3959 edixit
267 3919 412 3959 consuram
432 3903 465 3957 de
484 3920 539 3973 qua
561 3903 590 3956 iu
610 3902 728 3958 Litteris
750 3905 809 3957 diei
825 3904 862 3956 21
880 3903 952 3956 Noa.
972 3903 1062 3968 1873,
1082 3903 1207 3973 aliasque
1230 3919 1334 3974 poenas

153 4011 257 4066 incurri
277 4012 312 4065 ab
332 4010 465 4066 eiusmodi
485 4011 600 4064 intrusis
618 4010 647 4063 in
667 4009 809 4080 provincia
823 4009 932 4065 Veneta
950 4015 979 4064 et
992 4009 1202 4065 Mediolanensi.
1216 4040 1232 4052 -
1246 4011 1333 4067 Putat

140 4119 265 4190 ,decreto
284 4119 310 4172 S.
330 4119 358 4172 C.
379 4119 462 4174 Cone.
483 4118 620 4171 contineri
639 4133 694 4172 non
713 4117 868 4187 simplicem
882 4117 1110 4184 declarationem,
1128 4118 1176 4173 sed
1196 4121 1331 4174 caracia-

151 4243 216 4281 nem
235 4225 269 4280 cl.
284 4225 435 4280 Bucceroni
456 4226 637 4279 desecatae
656 4221 735 4276 Gard.
751 4221 924 4278 D'Aunibale
937 4223 983 4293 qui
996 4222 1050 4278 hoo
1062 4224 1162 4293 probat
1180 4223 1209 4278 in
1226 4223 1330 4279 Comae.

151 4351 178 4386 n.
200 4333 249 4399 90,
267 4343 321 4386 aot.
341 4333 368 4385 3.
389 4358 401 4372 -
422 4331 478 4386 Hos
497 4331 580 4401 plane
599 4329 748 4401 sequimur.
767 4327 825 4382 hlii
844 4329 1040 4383 contradicant
1059 4333 1237 4386 autumantes
1260 4330 1329 4386 inici

151 4436 213 4492 fieri
231 4435 386 4506 simplicem
405 4437 635 4490 declarationem.
655 4433 695 4488 01.
715 4433 868 4489 Bucceroni
890 4435 908 4487 l.
928 4452 950 4489 c.
