3302 5100
290 287 356 354 604
714 307 822 358 moen
844 309 1048 358 stittOP'rlcits

290 429 358 490 144.
379 427 525 490 Nonnulli
546 429 671 490 effectus
696 430 843 508 poenales
871 432 920 512 qni
950 433 989 493 ab
1017 431 1331 492 excommunicatione

420 541 605 615 promanant
624 555 678 598 seu
706 539 743 598 dc
770 535 1028 608 incordccccntia,
1049 541 1082 598 et
1107 540 1145 599 de
1173 539 1332 614 irc-epula·

420 643 515 702 ritate
515 687 1280 707 ................
1314 661 1389 720 pap.
1409 643 1470 704 215

763 885 939 946 'PITULUS
959 887 998 948 V.

723 1061 1040 1108 nninrnnner.

292 1232 360 1294 145.
382 1233 455 1294 Eius
470 1232 614 1293 delinitio.
629 1232 662 1292 ln
678 1250 736 1309 qno
751 1231 958 1312 distinguatur
969 1234 1008 1292 ab
1020 1233 1333 1294 excommunicatione

420 1343 451 1398 et
471 1340 669 1418 suspensione
673 1379 1281 1401 .............
1312 1359 1391 1417 pap.
1411 1339 1474 1399 218

292 1445 361 1506 146.
382 1449 439 1508 Est
463 1451 639 1523 personale,
669 1449 775 1516 locale,
803 1449 945 1509 mictum.
967 1449 1046 1507 Tum
1067 1448 1332 1525 percunctatum

422 1557 530 1630 locale,
553 1553 602 1612 vel
623 1555 778 1630 perarate,
800 1553 850 1612 vel
870 1555 1066 1630 particulare
1086 1555 1142 1614 est.
1173 1601 1181 1615 .
1223 1600 1231 1613 .
1274 1599 1282 1614 .
1326 1600 1332 1613 .
1372 1550 1476 1615 »219

293 1660 361 1721 147.
381 1661 474 1721 Notio
495 1661 648 1720 interdicti
666 1662 848 1738 praenatis
866 1663 1075 1737 particularia
1077 1705 1332 1722 ......
1373 1677 1391 1720 »
1412 1657 1476 1720 220

293 1767 361 1828 148.
383 1767 507 1844 Species
533 1766 621 1826 huius
642 1767 796 1827 interdicti
824 1770 872 1827 est
898 1767 1091 1828 interdictum
1118 1769 1157 1828 ab
1185 1769 1335 1844 inpressu

423 1877 581 1936 Ecclesiae
584 1916 1331 1937 ................
1373 1873 1476 1935 »222

293 1979 361 2041 149.
382 1981 538 2048 Quomodo
560 1983 753 2042 interdictum
775 1979 937 2060 personale
957 1985 1125 2058 peuernle,·
1147 1979 1246 2042 locale
1268 1983 1334 2041 sive

420 2090 615 2163 particulare
633 2089 699 2147 sive
712 2091 861 2166 penerale
876 2088 989 2147 distent
1003 2106 1023 2147 a
1038 2091 1185 2166 conceptu
1201 2089 1332 2165 genuino

422 2213 571 2256 censurae
572 2237 1331 2258 ................
1372 2193 1477 2256 »223

293 2301 361 2362 150.
383 2303 580 2362 Interdictum
596 2307 696 2364 locale
706 2303 736 2362 in
752 2321 810 2380 quo
826 2303 947 2363 diderat
961 2321 981 2362 a
993 2305 1156 2378 personali
1164 2334 1178 2346 ·
1190 2303 1245 2368 Qui
1258 2302 1336 2362 cele·

421 2409 493 2470 brut
513 2410 645 2469 scienter
664 2411 695 2468 in
717 2414 784 2470 loco
804 2409 969 2470 interdicto
984 2409 1021 2467 nt
1034 2407 1224 2485 irregularis.
1239 2408 1334 2468 Inter·

422 2518 534 2577 dictum
556 2519 621 2576 sive
641 2519 808 2593 personate
827 2520 976 2593 penercle
994 2517 1060 2576 sive
1075 2518 1174 2578 locale
1187 2533 1333 2594 expresso

422 2623 598 2684 denunciari
619 2623 739 2700 debent,
762 2641 869 2702 nempe
890 2627 921 2683 in
935 2630 1037 2684 certas
1047 2640 1213 2700 pesonae,
1227 2624 1257 2682 in
1271 2641 1335 2684 cer·

422 2735 487 2789 lum
515 2734 625 2806 locum,
647 2733 681 2790 ut
707 2732 842 2792 teneant.
871 2729 975 2790 Poena
1003 2731 1034 2789 in
1061 2729 1215 2790 violantes
1243 2729 1335 2789 inter·

422 2836 534 2895 dictum
538 2881 1333 2899 ................
1373 2851 1391 2896 »
1414 2835 1478 2895 224

292 2943 360 3003 151.
382 2944 458 3010 Quid
481 2941 630 3018 fidelibus,
652 2943 723 3021 quid
745 2943 864 3004 clericis
893 2943 994 3020 liceat,
1023 2945 1146 3024 vigente
1173 2944 1334 3003 interdicto

423 3049 488 3108 sire
509 3051 607 3109 locali
627 3049 693 3108 sive
712 3052 876 3126 personali
895 3053 1040 3127 peuerell
1075 3095 1332 3112 ......
1373 3067 1391 3110 »
1414 3045 1479 3108 225

294 3155 363 3220 152.
386 3156 551 3216 interdicto
572 3154 665 3216 locali
687 3155 786 3216 affinis
810 3161 859 3214 est
879 3159 1010 3217 cessatio
1030 3175 1052 3218 a
1075 3157 1232 3218 Divinis.
1276 3199 1283 3213 .
1325 3200 1333 3214 .
1375 3155 1480 3216 »227

294 3261 359 3324 153.
380 3262 536 3329 Quomodo
558 3261 679 3322 differat
700 3265 910 3340 apellatione
931 3262 1002 3324 Eccl
1023 3307 1333 3325 .......
1374 3279 1393 3322 »
1414 3260 1478 3320 229

754 3501 931 3562 TITULUS
954 3502 1007 3562 v1.

713 3677 756 3720 DE
781 3678 1060 3758 SUSPENSIONE.⁸

292 3849 361 3910 154.
382 3847 475 3908 Notio
496 3848 702 3926 suspensionis
723 3851 873 3926 quatenus
895 3849 1091 3927 distinguitur
1112 3848 1152 3908 ab
1173 3847 1242 3910 aliis
1263 3864 1334 3908 cen·

422 3959 502 4016 suris
524 3957 555 4014 ei
575 3974 596 4014 a
612 3956 793 4031 priuatione
813 3957 845 4013 et
865 3974 885 4015 a
906 3955 1126 4033 depositione.
1170 4004 1175 4014 .
1219 4001 1226 4015 .
1269 3999 1276 4014 .
1313 3951 1476 4032 paps231

292 4062 360 4124 155.
382 4061 547 4140 Suspensio
569 4063 616 4120 est
636 4057 687 4118 vel
708 4063 746 4120 ab
768 4061 867 4135 officio
891 4060 940 4118 vel
963 4079 982 4121 a
1003 4061 1160 4139 beneflcio,
1182 4063 1237 4121 ant
1257 4077 1334 4139 par·

422 4169 476 4226 tim
498 4169 564 4227 sive
585 4168 624 4227 ab
646 4185 706 4226 uno
728 4169 793 4226 sive
815 4168 854 4226 ab
876 4165 985 4228 altero.
1007 4199 1025 4212 -
1048 4168 1120 4227 Eius
1141 4166 1286 4228 definitio.
1325 4211 1332 4226 .
1374 4184 1393 4227 ›
1415 4165 1478 4226 322

293 4273 361 4336 156.
381 4273 591 4334 Enucieantur
604 4275 729 4333 diversa
742 4273 811 4332 iura
826 4290 904 4349 quac
919 4273 1178 4351 comprehendunt
1190 4277 1255 4334 tum
1268 4273 1336 4348 offi-

425 4381 507 4440 cium
528 4383 592 4438 tum
613 4381 795 4446 ducendum
821 4421 1334 4442 ...........
1375 4399 1394 4442 »
1434 4379 1478 4440 ibi
