3312 5112
544 311 589 358 un
614 311 768 358 nnurcrrs
791 311 834 358 nr
857 311 978 400 posuis
1308 296 1352 360 45

166 431 231 498 fuit
253 433 286 496 in
310 431 469 517 patranda
492 431 574 517 legis
596 431 779 504 violatione,
804 437 852 496 est
868 433 1011 514 quaestio
1026 431 1111 514 sacti
1127 451 1222 516 quam
1239 433 1348 506 iudex,

168 556 321 622 adhibitis
344 557 542 642 potissimum
567 557 647 622 viris
670 557 792 641 peritis,
819 557 970 622 resolvet.

261 682 431 747 Caeterum
447 681 563 766 regula
577 681 657 744 iuris
672 685 765 746 certa
788 687 844 755 est,
870 683 1031 747 neminem
1055 683 1215 767 praesumi
1240 702 1351 748 amen-

167 811 235 873 tem
258 811 314 873 aut
337 805 528 886 dementem,
552 804 608 870 sed
633 806 833 870 contrarium
856 807 1031 878 aestimari,
1057 825 1220 890 quousque
1239 805 1351 891 proba·

167 930 311 996 tionibus
333 931 388 994 hic
411 934 512 994 slatus
535 929 711 994 anormalis
735 931 864 995 evictus
888 949 952 994 non
979 929 1088 996 tuerit.
1104 965 1119 979 ·
1139 931 1192 996 Ad
1210 932 1351 1018 aliquod

170 1059 304 1136 tempas
326 1054 530 1139 intercipitur
557 1053 595 1118 im
618 1051 864 1120 dormientibus
892 1073 966 1119 usus
988 1053 1083 1119 liberi
1110 1053 1247 1137 arbitrii,
1275 1058 1350 1139 quin

168 1181 266 1244 etiam
279 1199 355 1244 usus
367 1184 471 1244 cesset
482 1181 599 1244 virium
616 1179 825 1266 physicarum
842 1181 888 1246 ad
901 1181 1089 1266 apeadmm
1105 1199 1207 1265 quare
1222 1201 1351 1247 somnus

169 1305 265 1368 morti
277 1313 361 1390 pene
376 1306 607 1388 aequiparatur
618 1303 675 1390 (lt
691 1304 754 1370 Sed
765 1303 881 1370 adsunt
896 1305 1125 1372 samaambuli
1137 1326 1193 1370 seu
1204 1311 1352 1373 mactam-

170 1429 241 1496 auli
264 1435 296 1494 et
319 1429 532 1514 sommitaqai,
558 1429 658 1509 ethi,
682 1431 769 1495 inter
793 1429 1026 1512 dormiendum,
1051 1431 1159 1514 aliqua
1182 1437 1349 1516 peragunt,

169 1552 227 1618 sed
243 1557 419 1638 spontanee
441 1552 562 1635 absque
586 1551 711 1616 reflexa
733 1573 863 1618 suorum
880 1560 1010 1619 actuum
1026 1555 1218 1638 cognitione.
1242 1554 1352 1629 Quare

168 1675 284 1740 saltem
307 1674 541 1748 materialiter,
566 1675 601 1738 hi
625 1673 814 1758 delinquere
843 1675 955 1739 valent
977 1674 1068 1760 leges
1090 1675 1263 1748 violantem
1295 1674 1352 1741 scd

169 1799 348 1882 quaeritur,
373 1817 415 1860 an
438 1797 616 1863 moraliter
639 1816 775 1881 quoque,
799 1798 873 1880 quia
896 1798 947 1862 his
971 1797 1174 1884 imputandus
1194 1799 1235 1862 sit
1250 1804 1350 1872 actus,

168 1943 264 2007 quem
288 1928 461 2007 patrarunt
484 1923 537 1988 vel
560 1942 602 1988 ex
626 1924 709 1988 malo
733 1921 844 1987 babitu
867 1924 931 1988 iam
955 1923 1079 2008 pridem
1103 1925 1352 2004 contrectaret

169 2067 213 2114 ex
240 2049 404 2133 proposito
436 2049 500 2112 iam
532 2048 609 2112 inito
641 2047 847 2131 delinquendi
879 2069 976 2133 quum
1007 2047 1212 2133 evigilabant.
1241 2048 1351 2116 Veluti

167 2169 392 2236 noctambulus
414 2172 469 2255 qui
493 2170 676 2236 clausuram
700 2171 802 2235 violat
824 2171 1009 2236 monialium
1033 2170 1086 2235 vel
1109 2173 1183 2254 quia
1206 2170 1269 2236 hoc
1291 2191 1352 2256 pa-

169 2301 261 2362 trare
278 2300 492 2381 proposuerat
507 2296 559 2360 vel
576 2298 649 2380 quie
661 2297 693 2360 in
707 2315 797 2360 more
813 2295 962 2369 habebat,
976 2297 1145 2364 committit
1167 2315 1208 2360 ne
1232 2314 1352 2381 poenas

169 2421 205 2486 in
228 2420 291 2484 hoc
313 2422 437 2485 crimen
462 2419 589 2486 illatas?

263 2545 473 2659 Ceaemepctus
496 2545 541 2609 sic
566 2544 704 2609 violatae
728 2545 897 2610 clausurae
925 2544 1049 2609 crimen
1081 2564 1146 2608 non
1178 2546 1351 2616 constituit,

169 2672 246 2756 quia
269 2676 318 2735 est
341 2674 432 2736 actus
455 2637 595 2734 hominis
619 2668 675 2733 sed
698 2689 763 2732 non
788 2667 969 2750 hamanus,
989 2670 1033 2732 uti
1051 2669 1227 2754 loquuntur
1250 2670 1351 2734 Theo·

160 2795 246 2880 logi.
273 2795 379 2859 Nihilo
402 2795 519 2876 secius,
535 2795 568 2858 in
585 2796 657 2860 iure
680 2813 762 2866 can„
787 2811 847 2878 pro
871 2811 981 2858 rerum
1001 2792 1159 2858 adiunctis
1175 2794 1265 2858 locus
1281 2813 1352 2858 esse

169 2929 280 3008 posset
298 2941 433 3006 poenae
456 2921 770 2995 extraordinariae,
787 2921 888 2988 veluti
915 2920 957 2986 ad
981 2920 1193 2985 auferendum
1217 2921 1352 2985 scanda-

169 3052 237 3117 lum
264 3051 435 3133 propositi
466 3049 575 3114 delicti
608 3054 706 3113 antea
739 3047 939 3113 sufficienter
973 3047 1179 3128 manifestati,
1214 3051 1270 3112 aut
1311 3046 1351 3112 ad

169 3171 429 3260 praecavendam
458 3171 705 3238 recidioitalem
730 3191 773 3237 ex
796 3171 884 3235 malo
906 3170 1028 3236 habitu.

262 3299 441 3364 Praeterea
463 3297 615 3384 imputari
638 3295 726 3362 valet
750 3296 871 3361 factum
895 3297 1055 3361 insomne
1078 3300 1249 3380 patratum,
1267 3295 1294 3362 si
1309 3315 1352 3360 ex

169 3429 274 3512 calpa
298 3426 486 3492 dormientis
510 3425 594 3492 istud
616 3424 789 3500 acciderit;
821 3424 977 3509 siquidem
1009 3422 1194 3509 praevideri
1224 3428 1352 3508 poterat

168 3688 283 3755 Genios,
308 3687 409 3742 Variae
428 3687 616 3743 resolutiones
629 3686 699 3754 (Lib.
719 3687 748 3738 3.
769 3705 827 3757 cap.
849 3688 870 3739 1.
893 3704 919 3739 n.
944 3686 1002 3752 72).
1024 3683 1139 3740 Codices
1151 3683 1278 3738 hodierni
1291 3683 1351 3739 iure

167 3793 273 3848 merito
291 3796 496 3862 recognoscunt
514 3791 606 3864 lucida
626 3790 777 3846 intervalla
795 3807 852 3846 non
872 3807 931 3846 esse
951 3790 1090 3845 sufficiens
1103 3789 1234 3844 indicium
1248 3789 1351 3843 mentis

168 3917 265 3968 sanae,
285 3911 314 3955 et
333 3898 398 3954 hinc
417 3915 529 3953 causam
551 3901 650 3970 plenae
669 3899 872 3969 imputationis,
892 3898 992 3952 saltem
1012 3897 1102 3968 quoad
1115 3897 1236 3968 aliquem
1249 3902 1350 3951 ectum.

168 4009 212 4062 Οἱ.
232 4007 364 4074 Mondou,
389 4008 498 4062 Histoir
522 4007 642 4076 critique
661 4009 697 4062 de
718 4008 746 4060 la
774 4008 852 4078 solie.
872 4006 954 4061 Paris
980 4007 1068 4072 1862,
1091 4005 1289 4072 Mittermaier,
1309 4005 1351 4058 De

167 4118 386 4173 elimationibus
404 4116 511 4172 mactis.
532 4113 683 4183 Hedelbeg.
707 4114 900 4185 1825,·varga,
921 4117 955 4170 Se
977 4135 991 4170 e
1011 4133 1087 4170 come
1099 4116 1125 4167 si
1133 4132 1220 4184 possa
1232 4115 1351 4184 definire

170 4225 201 4278 la
215 4223 330 4294 poeria.
348 4221 457 4276 Milium
477 4221 568 4275 1874.

242 4324 283 4396 (l)
303 4323 343 4378 Gt.
365 4324 395 4378 l).
415 4321 544 4391 Thomas,
564 4325 605 4376 Dc
626 4324 750 4390 Somnis3
767 4325 797 4377 et
816 4321 884 4376 Lud.
904 4321 1051 4389 hluralori,
1070 4323 1156 4377 Delta
1174 4327 1257 4393 sorra
1272 4323 1351 4377 della

167 4407 431 4505 samasia'mmanm
449 4436 478 4487 et
496 4432 634 4486 Antonius
653 4429 824 4496 Matthaeus,
846 4431 886 4485 Da
909 4430 991 4485 Crim
1006 4431 1120 4502 Prolop.
1140 4447 1163 4484 c.
1183 4431 1208 4483 2.
