3266 5102
309 253 374 318 144
831 270 916 318 ruas
941 271 964 316 r.

307 399 390 459 state
413 393 539 458 terendi
563 394 652 479 leges
677 398 709 457 et
732 393 816 458 haec
838 411 918 459 sane
941 393 1053 458 odiosa
1086 393 1262 458 nullimode
1285 393 1347 458 dici
1374 399 1496 478 potest,

307 533 430 599 neque,
455 519 565 598 utpote
588 512 771 594 ordinaria,
804 515 945 578 maxime
969 515 1001 578 in
1026 514 1212 599 Episcopis‚
1237 513 1389 579 limitibus
1411 533 1495 580 con-

308 639 498 725 stringenda
520 651 577 712 est,
603 641 663 704 nisi
688 658 845 724 expresse
867 637 932 703 hoc
956 638 1094 704 edictum
1118 640 1176 714 sit;

397 762 431 847 2)
455 764 529 847 quia
552 762 737 827 mandatum
760 762 800 826 ad
824 761 961 847 negotia
984 761 1037 828 vel
1060 763 1108 828 ad
1127 761 1209 836 lites,
1227 762 1418 846 comparari,
1446 761 1498 826 ad

307 884 549 969 aequalitatem
573 904 637 948 non
661 889 768 969 potest
790 903 869 949 eum
892 883 1001 968 officio
1021 881 1182 966 publicae
1203 883 1400 966 potestatis3

398 1011 431 1095 3)
455 1013 529 1094 quia
545 1010 696 1077 mandata
711 1031 769 1076 seu
784 1015 959 1098 praecepta
975 1011 1088 1076 iudicis
1106 1012 1310 1096 respicientia
1330 1009 1498 1076 actualem

307 1138 574 1224 gubernationem
598 1158 662 1202 non
687 1137 838 1204 videntur
861 1140 907 1203 ita
930 1137 1072 1223 pendere
1095 1157 1115 1202 a
1135 1157 1286 1222 persona
1308 1135 1431 1210 iudicis,
1461 1140 1500 1200 ut

307 1262 446 1328 indolem
478 1267 627 1347 repetant
659 1269 693 1328 et
724 1263 842 1329 limites
873 1283 951 1328 suae
983 1263 1193 1335 necessitatis,
1218 1264 1277 1328 etsi
1299 1260 1447 1334 actualis,
1477 1280 1499 1324 a

303 1388 482 1472 personati
505 1387 620 1453 iudicis
644 1390 827 1453 existentia.

399 1511 541 1576 Proinde
563 1513 749 1578 sententiae
779 1512 981 1578 universales
1004 1513 1114 1578 verius
1137 1511 1291 1578 dicendae
1315 1515 1391 1576 sunt
1412 1529 1499 1574 cen·

308 1659 405 1706 surae
427 1659 449 1705 a
468 1641 553 1712 iure,
571 1639 627 1705 sed
651 1637 726 1722 quia
750 1638 948 1704 arbitramur
965 1658 1120 1704 censuras
1140 1657 1266 1723 quoque
1288 1637 1332 1703 ab
1355 1634 1501 1702 homine

308 1760 473 1826 ordinario
496 1781 566 1827 esse
589 1767 763 1846 perpetuas
786 1780 844 1826 seu
868 1759 1031 1826 excedere
1057 1759 1177 1826 limites
1199 1759 1393 1844 personatis
1419 1762 1500 1824 exi·

308 1885 445 1950 stantiae
472 1883 585 1948 iudicis
612 1884 696 1948 haec
723 1883 884 1950 distinctio
911 1903 1027 1970 parum
1050 1883 1090 1948 ad
1113 1884 1259 1967 praesim
1286 1887 1418 1968 spectat,
1451 1903 1501 1948 ex

308 2009 470 2073 sententia
492 2013 604 2104 nostra
620 2008 677 2093 (l).
696 2045 713 2056 -
732 2010 783 2074 An
798 2030 879 2074 vero
895 2009 993 2075 iudex
1008 2009 1099 2075 ferre
1118 2010 1234 2078 valeat.
1251 2028 1311 2094 pro
1332 2012 1500 2093 potestate

309 2152 372 2216 qua
399 2132 507 2217 pollet,
533 2132 713 2197 huiusmodi
746 2153 920 2214 censuras,
945 2133 1089 2217 quaestio
1118 2132 1202 2216 sacti
1228 2137 1277 2197 est
1299 2139 1332 2196 et
1353 2131 1453 2196 iar-ie.
1483 2167 1500 2178 ·

308 2257 406 2322 Facti
428 2258 503 2340 quia
526 2258 558 2320 in
583 2263 736 2322 concreto
760 2258 935 2343 spectanda
950 2265 1000 2325 est
1015 2264 1156 2344 potestas
1172 2278 1235 2342 qua
1258 2257 1351 2322 iudex
1376 2256 1500 2342 pollet;

308 2379 396 2446 iuris
423 2381 496 2462 quia
527 2381 707 2446 huiusmodi
739 2381 877 2448 facultas
907 2381 1120 2448 abiudicanda
1150 2383 1278 2448 videtur
1308 2379 1405 2445 iudici
1437 2382 1501 2463 qui

308 2507 432 2568 tantum
456 2502 575 2567 habeat
597 2509 787 2588 potestatem
810 2505 1006 2572 iudicialem
1029 2512 1085 2570 aut
1108 2507 1328 2573 emeratis-om.

398 2627 451 2692 93.
477 2627 622 2694 Censura
645 2633 752 2692 autem
776 2628 857 2694 ferri
874 2649 939 2694 non
956 2633 1062 2715 potest
1077 2631 1138 2696 nisi
1163 2631 1196 2695 in
1215 2627 1387 2696 subditum.
1409 2625 1502 2702 Quo-

309 2753 406 2826 circa,
431 2751 506 2837 quid
530 2753 609 2817 iuris
632 2753 659 2816 si
683 2749 783 2816 iudex
805 2752 928 2836 aliquid
951 2756 1129 2840 praecipiat
1151 2754 1209 2820 sub
1236 2773 1342 2840 poena
1364 2773 1501 2818 excom·

309 2878 544 2950 municationis,
566 2879 711 2962 apposita
731 2879 883 2943 nimirum
900 2878 1091 2952 conditione,
1109 2885 1384 2964 transgressorem
1407 2897 1500 2942 corn·

308 3004 480 3067 missurum
493 3003 578 3067 hanc
591 3022 763 3066 censuram
775 3004 837 3068 nisi
849 3008 940 3068 certa
954 3004 1079 3069 ratione
1091 3006 1264 3088 praecepto
1276 3001 1498 3086 obtemperet;

310 3129 343 3189 et
365 3125 491 3188 interea
514 3124 568 3188 ille
585 3125 636 3188 cui
652 3129 863 3209 praeceptum
883 3124 1006 3190 factum
1027 3125 1096 3196 fuit,
1114 3124 1231 3190 desinit
1253 3143 1324 3188 esse
1347 3121 1499 3188 subditus

309 3250 362 3315 vel
390 3249 600 3334 ingrediendo
624 3249 782 3316 Ordinem
807 3250 991 3336 regularem
1015 3252 1067 3316 vel
1093 3251 1157 3316 alio
1183 3248 1412 3315 transferendo
1438 3247 1498 3313 do

309 3371 484 3438 miciliuml

399 3493 548 3558 lamvero
564 3493 604 3557 ad
625 3493 816 3558 solutionem
841 3495 1038 3576 quaestionis
1060 3495 1234 3580 plurimum
1258 3493 1364 3559 refert
1385 3491 1499 3556 distin-

310 3635 425 3702 guere;
449 3636 491 3680 an
516 3637 656 3682 censura
678 3617 719 3682 sit
740 3616 765 3700 s.
783 3637 810 3683 s.
834 3622 891 3682 aut
914 3619 1202 3704 t.c.·E1plorati
1223 3619 1309 3682 enim
1333 3616 1413 3681 iuris
1432 3621 1495 3688 est,

310 3761 467 3806 censuras
490 3741 534 3807 ab
557 3741 702 3817 homine,
727 3763 798 3808 esse
822 3748 879 3808 aut
903 3745 923 3808 t.
949 3748 1006 3808 aut
1029 3742 1055 3826 s.
1079 3763 1106 3810 s.

404 3865 436 3932 Si
461 3865 557 3930 iudex
580 3866 682 3931 dicat:
708 3867 769 3931 nisi
792 3867 855 3930 hoo
878 3867 990 3950 facies,
1007 3873 1039 3932 te
1063 3867 1266 3952 suspendam,
1287 3883 1429 3930 censura
1451 3863 1497 3928 ab

363 4053 366 4062 '
402 4061 440 4130 (l)
460 4061 521 4115 lure
543 4062 644 4116 merito
663 4061 835 4117 D'Annibale
855 4061 887 4133 (Ι,
905 4061 970 4131 301)
990 4062 1121 4128 advertit,
1144 4062 1298 4118 sententias
1316 4059 1497 4115 uniuersales

311 4167 432 4222 medium
445 4172 541 4223 tenere
552 4167 645 4222 locum
659 4170 732 4223 inter
746 4185 877 4223 censuras
895 4187 913 4223 a
925 4173 990 4223 iure
1008 4173 1038 4224 et
1056 4185 1187 4224 censuras
1205 4173 1240 4224 ab
1257 4170 1378 4234 homine,
1390 4167 1498 4240 quippe

312 4273 382 4326 istae
396 4273 500 4344 aliquid
509 4279 659 4344 proprium
674 4274 791 4340 habeut;
805 4275 853 4330 sed
865 4276 946 4330 nobis
957 4275 1086 4331 videntur
1098 4276 1234 4330 contineri
1249 4276 1299 4330 sub
1313 4291 1417 4345 genere
1429 4289 1498 4330 cen·

312 4395 394 4434 surae
412 4399 430 4433 a
449 4397 520 4435 mre.
