3202 5104
270 313 336 378 286
795 330 876 377 runs
902 331 923 374 1.

269 451 461 540 irregulari?
474 490 491 500 -
505 455 537 518 Si
550 459 705 539 ageretur
715 453 754 518 de
770 453 861 517 item.
876 450 1033 517 Pontifice
1045 452 1099 516 hic
1111 455 1301 516 censeretur
1317 448 1448 533 dispen-

268 599 372 656 sasse;
396 581 535 664 itemque
559 583 710 644 censetur
737 577 776 642 de
800 576 964 642 ordinario
988 577 1154 658 collatore,
1183 576 1449 659 quotiescumque

266 705 320 768 hic
343 705 375 769 in
396 723 474 768 casu
490 702 643 768 eiusmodi
660 703 779 788 polleat
795 702 958 767 facultate.
977 701 1010 767 Si
1026 700 1088 766 hac
1104 721 1169 765 non
1185 700 1293 785 pollet,
1311 718 1448 785 praesu-

268 832 366 895 mitur
388 829 449 894 iste
472 829 640 914 ignorasse
656 827 930 913 irregularitatem
947 807 1112 910 quousque
1128 825 1297 891 evidenter
1319 829 1450 890 contra·

269 959 352 1022 rium
378 975 444 1021 non
468 953 631 1041 probetur.
659 989 676 1003 ·
702 953 794 1028 Quod
817 956 844 1019 si
867 955 975 1020 sciens
999 953 1141 1039 prudens
1164 953 1301 1018 collator
1322 949 1448 1018 benefi-

270 1084 353 1148 cium
378 1081 551 1147 contulerit
574 1080 758 1165 irregulari,
784 1079 868 1144 redit
890 1081 1034 1163 quaestio
1058 1099 1100 1144 au
1124 1077 1252 1144 collatio
1276 1077 1383 1144 valida
1407 1078 1451 1142 sit

269 1209 323 1272 vel
350 1209 463 1272 minus.
493 1207 641 1271 lamvero
673 1207 746 1288 quia
780 1206 916 1270 recitata
946 1205 1103 1290 principia
1134 1205 1267 1276 docent.
1292 1240 1305 1251 ·
1330 1201 1449 1270 benefi-

272 1332 394 1396 ciorum
425 1330 615 1396 collationes
646 1331 790 1413 quamvis
817 1329 960 1401 illicitas,
984 1335 1091 1395 umen
1122 1329 1255 1395 ualidas
1287 1349 1358 1394 esse
1385 1329 1449 1393 nisi

271 1473 424 1540 expresse
447 1457 598 1520 statutum
621 1452 663 1516 sit
682 1453 792 1516 irritas
816 1471 896 1524 esse,
916 1487 933 1500 -
955 1453 1109 1536 sequitur,
1131 1471 1173 1517 ex
1196 1451 1332 1539 simplici
1349 1471 1449 1518 causa

270 1579 538 1664 irregularitatis,
562 1575 753 1642 beneficium
784 1577 884 1643 semel
915 1577 1066 1642 collatum
1094 1577 1219 1642 auferri
1246 1565 1310 1640 non
1342 1596 1447 1662 posse.

270 1707 399 1774 Etenim
430 1723 546 1770 0311333
576 1705 765 1789 privationis
798 1701 1028 1770 beneficiorum
1060 1723 1216 1788 expresse
1243 1709 1275 1768 et
1302 1704 1449 1768 taxetive

269 1836 302 1899 in
325 1835 396 1898 iure
419 1836 640 1904 0301333301,
669 1837 705 1896 111
728 1832 898 1904 innuimus,
925 1836 958 1897 ct
977 1830 1064 1896 infra
1086 1829 1228 1896 dicemus
1250 1835 1385 1915 agentes
1408 1829 1450 1894 de

270 1955 511 2042 irregularitate
535 1953 691 2018 obtinenti
715 1951 906 2019 beneficium
929 1953 1179 2038 superveniente
1201 1951 1259 2038 (1).

403 2079 436 2164 3)
452 2078 561 2154 Quare
577 2075 786 2144 beneficiatus
801 2077 969 2143 dummodo
985 2097 1087 2142 onera
1109 2074 1257 2143 beneficii
1274 2077 1448 2162 paralium

271 2203 442 2288 adimpleat
472 2202 551 2268 facit
580 2201 706 2268 fructus
736 2221 811 2266 suos
841 2221 902 2266 nee
933 2207 1063 2267 tenetur
1093 2198 1249 2266 beneficio
1284 2199 1446 2266 abdicare.

271 2331 304 2397 Si
335 2349 435 2396 onera
466 2334 540 2394 sunt
571 2328 754 2412 personalia
778 2348 860 2412 quae
888 2347 946 2413 per
974 2329 1071 2395 alium
1098 2327 1275 2412 adimplere
1302 2347 1367 2391 non
1395 2346 1448 2391 va-

269 2457 323 2537 let,
347 2458 477 2520 tenetur
499 2453 652 2518 abdicare
679 2473 743 2517 non
771 2455 897 2518 ratione
920 2453 1185 2540 irregularitatis
1208 2452 1264 2518 sed
1287 2453 1447 2518 institiae.

269 2580 399 2652 Suarez,
425 2579 445 2644 l.
470 2599 497 2644 a
522 2578 556 2651 2,
581 2577 631 2643 18.

358 2864 397 2932 (1)
418 2862 498 2917 Unde
518 2879 571 2916 non
591 2861 766 2915 admitterem
785 2877 848 2914 cum
870 2860 904 2914 cl.
925 2860 1054 2929 Gasparri
1075 2861 1093 2913 1.
1114 2879 1135 2914 c.
1161 2861 1217 2926 173,
1237 2861 1449 2914 beneficiarium

270 2971 388 3024 maxime
417 2970 443 3022 in
473 2968 524 3022 boc
554 2985 668 3038 peceare
691 2971 755 3038 qnia
774 2985 855 3021 nemo
875 2986 937 3020 cunt
957 2969 1086 3038 opinione
1101 2967 1246 3038 probabili
1260 2978 1352 3038 petest
1372 2968 1448 3022 licite

269 3077 400 3130 incoluere
415 3076 619 3146 possessionem
637 3075 681 3127 rei
698 3074 819 3138 alteriue,
839 3101 852 3114 ·
872 3090 936 3126 nam
955 3077 1048 3127 stante
1068 3073 1150 3127 dnbio
1170 3073 1241 3128 iuris
1263 3074 1299 3126 ob
1324 3072 1450 3129 diuersas

271 3183 324 3236 DD.
344 3182 495 3252 opiniones,
515 3183 592 3252 viget
611 3179 775 3250 principium
797 3181 937 3246 reflexum,
957 3181 1068 3232 validas
1086 3196 1147 3234 esse
1168 3181 1366 3249 beneficiorum
1392 3182 1451 3234 col·

272 3291 389 3342 tationes
402 3305 471 3358 qnae
487 3302 621 3358 expresso
634 3295 660 3339 et
673 3294 748 3339 certo
761 3287 826 3338 inre
839 3301 894 3337 nen
905 3285 1095 3339 decernantur
1107 3285 1214 3339 nullae.
1227 3315 1241 3325 -
1254 3285 1388 3339 Doctores
1400 3286 1449 3356 qui

271 3397 417 3446 autumant
435 3389 541 3445 1111113111
561 3407 620 3444 esse
640 3387 820 3443 collationem
840 3388 1037 3442 beneficiorum
1061 3387 1210 3457 irregulari
1235 3391 1337 3442 factam
1357 3389 1452 3443 solent

271 3504 358 3556 citare
377 3502 445 3554 duas
463 3499 616 3554 decisiones
635 3499 660 3552 S.
682 3498 709 3552 Ο.
730 3497 843 3564 Concil,
861 3498 979 3553 alteram
1000 3498 1028 3550 in
1041 3499 1206 3568 Argustana
1218 3499 1264 3552 27
1277 3499 1351 3570 Sept.
1366 3501 1451 3564 1601,

271 3609 388 3664 relatam
407 3625 424 3661 3
442 3607 556 3672 Gireldi,
577 3607 608 3659 Il
626 3617 691 3660 sect.
712 3605 756 3671 91,
775 3605 941 3660 3131131301
963 3605 991 3658 in
1012 3604 1155 3675 Hispalen.
1174 3605 1217 3658 30
1235 3605 1334 3660 Martii
1351 3607 1452 3673 1726,-

270 3716 316 3771 aed
331 3717 371 3770 uti
383 3717 488 3770 fatetur
502 3713 631 3784 Gasparri
652 3715 669 3767 l.
684 3733 716 3779 a,
735 3729 787 3768 neo
808 3729 862 3766 11113
881 3729 932 3766 1130
951 3711 1345 3784 31131313013111130111111113
1360 3713 1451 3782 prima

271 3838 324 3877 non
345 3822 467 3891 pertinet
485 3821 518 3874 ed
538 3837 631 3874 casum
650 3821 871 3890 irregularitatis
890 3820 938 3876 sed
957 3820 991 3874 ad
1010 3837 1103 3875 casum
1130 3822 1303 3894 indignitatis
1321 3821 1357 3875 ob
1376 3820 1451 3875 mele

271 3933 413 3996 susceptos
432 3925 548 3996 primam
568 3929 709 3978 tonsuram
728 3928 757 3978 et
775 3925 897 3978 minores
915 3925 1027 3980 ordines
1045 3929 1110 3980 31113
1124 3923 1381 3978 Confirmationem.
1399 3924 1450 3979 De·

271 4037 377 4091 clarata
402 4034 551 4089 existentia
575 4031 658 4085 huius
682 4033 805 4086 defectus
830 4050 911 4102 quem
937 4030 1451 4099 10133110111111131111,30113101·11011

271 4145 477 4207 aestimaverat,
492 4140 576 4196 edicit
590 4140 615 4192 S.
629 4138 714 4208 Cong.
729 4139 812 4193 Cone.
827 4141 962 4194 beneficia
973 4141 1058 4194 fuisse
1071 4143 1163 4194 minus
1178 4141 1301 4211 legitime
1313 4145 1452 4211 acquisita

272 4262 299 4307 et
312 4269 411 4306 nouam
424 4253 546 4304 dandam
556 4249 754 4320 provisionem,
768 4249 833 4320 quia
847 4251 939 4302 forsan
954 4248 1072 4303 collator
1084 4249 1106 4302 si
1121 4249 1258 4304 defectum
1272 4251 1451 4320 cognovisset

272 4361 365 4429 probe,
380 4375 434 4412 non
448 4357 583 4412 voluisset
595 4375 646 4413 nec
660 4358 799 4413 debuisset
811 4359 944 4412 conferre.
957 4357 1032 4412 -ln
1048 4357 1198 4428 Hispalen,
1211 4357 1306 4427 agitur
1318 4357 1353 4413 de
1365 4359 1452 4413 dabra

273 4464 481 4534 irregularitate
500 4469 529 4520 31
547 4465 721 4535 dispensatur
740 4465 773 4518 ad
792 4466 939 4518 cautelam.
