3290 5100
295 296 362 366 520
820 313 903 367 raas
928 315 948 364 1.

296 443 406 522 vimus,
431 443 484 506 hic
511 442 727 526 compescitur
757 443 875 506 iniuria
901 442 1100 528 spoliationis
1130 441 1218 507 lacta
1245 438 1413 506 Ecclesiae
1442 441 1475 504 in

294 567 360 631 suis
375 565 466 630 bonis
481 585 541 650 per
557 565 729 630 violentam
753 567 914 632 iniuriam.
932 567 1074 632 Proinde
1098 587 1161 631 non
1186 565 1475 650 comprehenditur

294 691 507 774 sequestratio
534 709 577 756 ex
607 693 822 759 conventione
853 693 991 777 partium
1023 710 1080 757 seu
1113 691 1281 756 Ecclesiae
1310 692 1409 776 ipsius
1441 697 1475 756 et

293 817 427 880 alterius
450 815 673 887 contendentis
697 821 894 901 perpetrata,
912 822 944 881 et
963 817 1146 901 excipiatur
1161 836 1255 880 casus
1277 837 1340 900 quo
1364 817 1471 885 iudici.

294 942 483 1028 exlegibus
507 942 719 1014 concordatis,
740 939 835 1007 fieret
856 944 1032 1008 auctoritas
1056 944 1089 1006 in
1113 944 1250 1008 clericos
1275 949 1307 1008 et
1331 945 1363 1006 in
1387 943 1474 1006 bona

294 1067 512 1132 ecclesiastica
534 1065 591 1152 (l).

428 1191 462 1275 7)
487 1191 635 1256 Demeam
666 1189 705 1255 ad
737 1189 967 1256 incurrendam
999 1211 1170 1256 censuram
1203 1193 1272 1256 sive
1305 1194 1472 1275 usurpatio

293 1318 361 1381 sive
392 1318 605 1400 sequestratio
637 1320 765 1401 oportet
798 1315 882 1399 quod
913 1322 1049 1400 utraque
1084 1319 1231 1401 graviter
1260 1317 1388 1381 mittola
1418 1317 1470 1396 sit,

292 1461 408 1526 nempe
434 1441 569 1506 formale
592 1459 695 1527 grave
718 1445 887 1526 peccatum
911 1443 1084 1506 contineat.
1110 1441 1219 1516 Quare
1243 1462 1295 1505 ex.
1321 1463 1349 1505 c.
1375 1463 1469 1505 usur·

291 1567 376 1651 patio
401 1565 487 1630 lacta
511 1565 594 1630 bona
618 1564 689 1638 fide,
714 1566 815 1630 veluti
839 1585 935 1650 scopo
952 1567 1099 1631 occultae
1115 1567 1393 1650 compensationis,
1414 1571 1473 1630 aut

292 1692 360 1775 ipsa
382 1693 597 1774 sequestratio
621 1689 754 1755 decreta
777 1690 810 1754 in
834 1710 911 1755 casu
935 1693 1147 1763 necessitatis,
1166 1697 1200 1754 ut
1220 1695 1297 1776 puta
1321 1711 1362 1754 ne
1386 1691 1472 1754 bona

290 1814 516 1899 dilapidentur,
542 1835 605 1878 non
631 1835 668 1878 ea
693 1821 742 1880 est
765 1829 847 1899 quae
871 1814 933 1880 hac
957 1835 1095 1880 censura
1120 1815 1343 1900 proscribitur.

380 1939 453 2002 451.
480 1941 524 2004 nt
546 1939 600 2023 qui
627 1935 773 2022 effigiant
803 1939 888 2004 hanc
919 1940 1302 2012 excommunicationem,
1328 1939 1471 2002 faciliter

289 2060 435 2126 incidunt
458 2063 491 2126 in
514 2081 638 2126 excom.
660 2062 757 2125 latam
781 2081 801 2124 a
824 2061 920 2128 Cone.
939 2060 1026 2125 Trid.
1046 2097 1063 2110 -
1082 2063 1169 2128 Sese.
1185 2062 1246 2135 22,
1265 2081 1338 2146 cup.
1361 2063 1394 2123 11
1420 2061 1472 2126 Da

288 2185 352 2267 ref.
377 2188 407 2250 S.
435 2184 581 2251 Pontifici
614 2185 813 2267 simpliciter
843 2190 1059 2252 reservatam:
1085 2205 1126 2251 en
1150 2185 1268 2250 verba:
1302 2186 1339 2250 Si
1366 2205 1470 2269 quem

289 2313 490 2378 clericorum
505 2315 557 2378 oet
573 2312 738 2378 laicorum
757 2330 973 2398 quocumque
987 2313 1018 2377 is
1032 2313 1198 2398 dipaitate
1213 2313 1316 2378 etiam
1339 2331 1470 2376 nucum

288 2442 349 2500 aut
372 2455 550 2501 iurnalem
572 2433 801 2521 praesulpeat,
825 2435 862 2499 in
887 2441 1020 2501 tantum
1042 2438 1215 2502 matorum
1239 2435 1470 2500 011ιηί11111νά-

377 2631 417 2700 (1)
437 2632 570 2685 Actiones
588 2646 657 2700 quas
672 2647 823 2698 usurpare,
839 2641 1015 2700 sequestrare
1035 2631 1063 2682 in
1083 2630 1207 2685 themate
1227 2629 1320 2683 Conet
1334 2633 1386 2698 Ap.
1402 2631 1467 2682 Sed.

287 2739 447 2807 compescit,
466 2739 507 2792 ita
524 2738 647 2808 explicat
664 2739 842 2810 D'Annibale,
859 2740 960 2793 Comen.
980 2759 1006 2792 a.
1026 2739 1127 2809 91seq.
1147 2757 1163 2789 a
1183 2741 1327 2808 Usar-pure
1345 2743 1388 2791 est
1407 2755 1467 2792 rem

287 2863 303 2897 a
322 2845 434 2900 domino
452 2862 589 2915 occupare
613 2847 690 2916 quasi
715 2846 748 2898 ad
768 2863 797 2900 se
818 2847 1013 2915 pertinentem.
1033 2845 1134 2900 Tribus
1159 2845 1247 2914 igitur
1271 2862 1341 2915 opus
1364 2851 1416 2911 est,
1438 2851 1470 2899 ut

286 2952 348 3022 quis
367 2968 425 3005 rem
445 2969 579 3020 ueirrpare
597 2951 650 3004 dici
672 2952 772 3020 possit,
796 2952 822 3005 1⁰
841 2955 872 3004 nt
890 2969 951 3005 eam
968 2956 1095 3020 occupet,
1113 2951 1143 3003 2⁰
1161 2955 1193 3003 ut
1211 2967 1228 3003 a
1246 2950 1367 3016 domino,
1387 2952 1418 3002 3⁰
1437 2957 1470 3005 ut

285 3059 363 3128 quasi
383 3058 417 3112 ad
435 3075 466 3112 se
485 3059 679 3128 pertinentem.
699 3087 713 3101 -
733 3060 796 3113 ldeo
853 3059 1169 3113 excommunicationem
1189 3075 1243 3112 non
1264 3059 1413 3112 incurrunt
1432 3077 1468 3114 ex

289 3165 315 3217 l⁰
332 3166 379 3236 qui
404 3165 518 3236 aliquid,
539 3167 610 3219 citra
634 3165 854 3235 occupationem,
874 3164 1000 3219 detinent
1026 3164 1093 3218 licet
1118 3165 1236 3229 iniuste3
1256 3169 1285 3217 ut
1305 3169 1372 3234 puta
1398 3181 1468 3218 con·

284 3268 391 3336 ductor,
410 3273 588 3339 fructuarius,
613 3271 812 3342 emphyteuta3
831 3272 878 3341 qui
904 3271 1053 3338 dominum,
1073 3287 1124 3324 suo
1148 3275 1360 3340 temperarem
1385 3289 1467 3325 suam

285 3385 475 3447 reposcentem
489 3379 591 3433 iniusto
606 3378 733 3448 repellit,·
791 3396 841 3433 nec
860 3396 895 3434 ex
914 3378 943 3432 2⁰
961 3379 1009 3450 qui
1029 3397 1087 3434 rem
1102 3380 1157 3432 iam
1175 3381 1211 3433 ab
1230 3378 1287 3433 alio
1301 3385 1466 3449 usrrrpatam

285 3485 400 3551 invadit,
413 3491 532 3555 occupat
550 3485 612 3556 (scd
625 3497 716 3541 mmaa
734 3489 789 3542 buc
807 3498 912 3558 spectat
926 3505 1016 3541 canon
1034 3487 1213 3542 Tridentinus
1232 3489 1268 3542 dc
1286 3505 1339 3557 quo
1359 3490 1469 3558 infru),-

284 3609 335 3647 nec
353 3592 463 3648 demum
483 3610 517 3649 ex
536 3592 566 3646 3⁰
583 3593 630 3663 qui
650 3597 712 3648 eata
724 3594 885 3660 incendunt,
898 3595 1011 3648 arbores
1024 3593 1201 3650 caedunt...»
1219 3594 1288 3655 Quid
1308 3595 1345 3647 sit
1362 3611 1467 3665 seque-

284 3710 384 3769 strare,
395 3697 453 3754 iam
468 3701 696 3770 significavimus,
714 3701 767 3756 hoc
785 3718 852 3758 vero
870 3700 971 3756 debere
990 3718 1050 3756 esse
1068 3705 1202 3756 iniustum
1220 3703 1261 3756 ita
1279 3701 1360 3756 docet
1374 3703 1469 3756 D'An-

284 3805 377 3862 nibale
397 3809 415 3860 l.
435 3826 458 3862 c.
476 3808 647 3864 «Iniustum
666 3812 761 3864 autem
779 3808 882 3862 dicitur
899 3810 923 3862 si
946 3807 973 3863 1ο
992 3809 1037 3864 vel
1057 3809 1135 3863 nullo
1154 3809 1215 3864 iure
1234 3810 1272 3864 sit
1289 3811 1405 3876 lectum,
1420 3813 1466 3866 rel

283 3913 409 3969 21111111
433 3920 552 3985 cogente
577 3917 759 3984 necessitate,
779 3920 879 3985 utputa
903 3917 997 3984 fugae,
1020 3917 1228 3983 subtractionis,
1254 3915 1466 3986 dilapidationis

283 4023 422 4092 pericu103
440 4025 542 4094 quippe
561 4031 603 4078 eet
621 4026 728 4094 species
741 4025 914 4079 executionis
933 4041 949 4078 a
967 4041 1023 4095 qua
1041 4025 1174 4080 iudicium
1193 4025 1335 4090 inchoare,
1354 4026 1408 4079 nisi
1430 4043 1465 4082 ex

282 4129 433 4183 iustissima
451 4147 544 4196 carisa,
563 4131 690 4202 iniquum
709 4135 766 4196 est3
786 4130 830 4185 vel
850 4129 879 4184 3⁰
897 4131 957 4184 eine
978 4131 1009 4185 R.
1030 4132 1060 4184 P.
1079 4130 1125 4186 vel
1147 4131 1266 4186 aliorum
1287 4131 1369 4185 adid
1389 4133 1465 4202 tepi-

281 4239 378 4290 timam
390 4239 555 4308 falcultatem
568 4239 728 4293 habentium
742 4253 877 4309 expressa
892 4239 1018 4302 licentia3
1039 4243 1113 4293 esset
1127 4238 1200 4293 enim
1217 4246 1368 4308 usurpatae
1382 4240 1465 4293 iuris-

281 4343 411 4397 dictionis
429 4349 517 4412 actus,
536 4347 590 4400 nisi
609 4348 682 4418 sorte
700 4363 735 4400 ex
753 4363 787 4400 ea
806 4363 890 4400 causa
909 4348 968 4412 liat,
981 4363 1035 4415 qua
1054 4363 1187 4414 personas
1201 4345 1410 4401 ecclesiasticas
1430 4347 1463 4399 ad

280 4447 371 4500 forum
390 4447 490 4503 laicale
509 4449 623 4505 trabere
642 4450 750 4505 licitum
771 4455 813 4505 est
826 4467 852 4508 r.
