3312 5108
530 323 575 369 na
599 321 753 369 ueurcrrs
778 324 820 370 ar
845 324 964 370 rosum
1294 307 1338 374 65
1420 374 1422 383 ,

251 446 474 532 Negligantiae
497 450 595 514 eausa
626 447 786 533 contingit
819 468 884 514 non
917 447 1016 513 fuisse
1043 451 1226 535 praevisum
1253 449 1338 514 dam·

156 586 236 630 num
260 587 304 631 ex
327 573 417 633 certa
440 568 567 633 actione
591 569 790 644 derivatum
814 569 1022 653 quamobrem
1046 571 1079 636 in
1103 571 1244 638 fontibus
1259 572 1338 638 iuris

156 691 255 775 culpa
270 691 452 776 appellatur
465 693 563 756 etiam
579 693 799 778 negligentia·
811 695 856 758 ita
871 713 917 758 en
933 695 953 757 l.
970 695 992 776 ἓ
1008 692 1090 778 3.ff.
1106 693 1231 765 Quibus
1246 695 1336 761 mod.

156 831 198 877 re
221 813 436 878 contrahit.-
454 819 486 879 et
509 833 584 896 cup
608 814 667 886 ult,
685 813 769 878 De'
756 814 860 888 enitar,
885 821 917 880 et
906 815 1023 880 t.dum
1041 817 1110 882 dul.
1135 815 1170 878 X
1190 815 1244 901 (V.
1269 817 1337 896 36).

158 932 280 1018 Culpae
303 954 360 999 seu
383 935 600 1020 negligentiae
624 936 767 1020 gravitas
790 935 967 1002 desumitur
991 957 1033 1000 ex
1057 935 1185 1002 delectu
1208 937 1340 1022 diligen·
1420 959 1422 966 ’

157 1031 357 1160 ιῇἐῖιῆῆ
360 1059 535 1164 adultere
541 1061 636 1154 quis
665 1058 828 1124 debuisset
859 1061 898 1124 ad
930 1061 1183 1148 praevidendum
1207 1063 1339 1126 noxium

158 1180 366 1280 effeetumet
385 1149 524 1248 huot
474 1190 524 1248 rat
528 1186 599 1249 ione
622 1186 717 1268 culpa
740 1184 851 1250 dividit
838 1189 892 1249 tm
916 1186 947 1248 in
975 1185 1022 1250 lot
1011 1191 1090 1256 Mum
1112 1187 1217 1251 leuem
1240 1191 1272 1248 et
1298 1186 1339 1250 le·

163 1307 346 1372 vissimum.
365 1308 514 1372 lamueio
538 1310 698 1373 communi
723 1308 888 1393 diligentia
905 1329 969 1373 non
992 1311 1037 1375 uti
1062 1329 1119 1374 seu
1135 1309 1174 1374 ab
1193 1309 1340 1376 omnibus

160 1434 308 1498 adhiberi
332 1435 434 1508 solita,
460 1436 555 1521 culpa
581 1442 630 1500 est
654 1435 745 1516 lulu,·
768 1455 833 1498 non
857 1455 896 1498 ea
923 1435 969 1500 uti
993 1453 1086 1519 quam
1102 1435 1256 1500 adhibent
1275 1435 1340 1499 viri

160 1542 332 1640 diligentes
356 1565 404 1622 est
427 1557 529 1639 ἱρείη
552 1577 646 1640 quum
668 1557 911 1643 diligentissimi.
937 1563 986 1625 est
1009 1559 1104 1644 culpa
1127 1559 1305 1626 levissima.

252 1681 439 1746 Lenissima
461 1680 556 1784 culpa
580 1682 728 1780 imputari
753 1701 825 1744 non
841 1681 931 1752 solet.
957 1681 1112 1764 nequead
1130 1680 1339 1746 relectionem

645 1767 675 1779 hn-
684 1767 788 1783 -ι-ιι-..υ
801 1773 806 1781 ι
835 1773 885 1787 aaut

163 1802 352 1868 damnorum
370 1802 418 1888 (l)
441 1823 545 1887 neque
568 1805 608 1868 ad
632 1824 778 1888 poenam,
803 1807 876 1888 quia
900 1806 942 1870 de
966 1805 1115 1868 aainimir
1142 1825 1212 1870 aton
1243 1811 1340 1870 aurat

162 1925 317 1993 Praetor.
335 1962 350 1974 -
368 1926 803 2032 Qaeqpiparagur,
821 1928 908 1992 unde
925 1929 1039 2014 regula
1057 1949 1073 1988 ι
1091 1927 1223 2014 Μαρια
1239 1928 1341 2012 aepli-

162 2055 277 2138 pealiu
291 2055 393 2135 eiilpu
407 2059 464 2133 est,
479 2073 607 2138 magau
621 2057 722 2136 mtlpa
734 2055 832 2118 <lotus
848 2059 896 2118 est
910 2075 938 2118 ι.
949 2073 994 2118 ea·
1007 2055 1026 2118 l.
1039 2053 1060 2117 7
1071 2055 1106 2138 ff.
1120 2053 1176 2118 Ad
1189 2053 1225 2116 L.
1240 2054 1340 2119 Cora.

163 2179 204 2243 de
228 2179 382 2243 sicario.
400 2179 541 2252 Quaret
543 2199 605 2244 uno
621 2179 758 2244 habetur
775 2180 902 2262 magis(
892 2178 989 2243 delict
977 2185 1053 2252 t‚um
1071 2199 1165 2262 quam
1183 2179 1287 2261 quasi·
1275 2177 1342 2242 --de

163 2302 219 2366 liet
206 2307 315 2364 t.-um
302 2301 433 2367 -Leuis
449 2303 583 2387 imputat
586 2323 625 2366 ur
641 2305 721 2368 etin
745 2323 784 2366 θιι
808 2304 952 2368 consistit
914 2304 1088 2388 litmalitia
1109 2322 1218 2390 quase
1201 2301 1331 2373 teretia·
1319 2323 1340 2381 ι,

346 2372 710 2424 ’κο-...μ

165 2427 256 2490 euius
280 2445 395 2509 nempe
419 2426 497 2490 lacti
521 2429 589 2492 exit
591 2447 627 2490 us
650 2445 669 2490 a
692 2426 844 2510 diligente
827 2427 971 2490 elaeile
997 2427 1180 2510 praevideri
1204 2431 1339 2510 poterat.

252 2549 305 2616 35.
332 2550 475 2674 QQ
476 2549 570 2616 debe
557 2556 633 2614 tan
658 2569 757 2616 eunus
773 2571 845 2612 cum
862 2551 964 2632 eulpa
980 2557 1132 2616 comune
1135 2573 1170 2613 u
1156 2571 1257 2616 esse
1274 2571 1341 2634 pos

150 2676 335 2778 §.few-l,
346 2675 386 2740 ad
412 2674 565 2740 moralem
590 2674 839 2762 imputationem.
858 2712 872 2724 -
890 2677 1008 2760 Utputa
1024 2675 1093 2760 quis
1110 2658 1189 2741 daus
1208 2696 1341 2761 operam

163 2802 211 2865 rei
235 2801 369 2864 illicitae
393 2806 428 2864 ut
452 2820 528 2866 ecce
552 2801 691 2864 clericus
715 2820 835 2864 vacans
858 2801 1022 2864 venationi
1046 2803 1074 2863 ei
1099 2801 1290 2884 prohibitae,
1315 2801 1342 2864 si

163 2944 240 2989 casu
272 2923 438 2988 hominem
469 2924 637 2996 occiderit,
671 2929 800 2988 tenetur
832 2944 873 2987 ne
909 2925 962 2988 hio
990 2923 1029 2988 de
1057 2923 1248 2988 lmmicidiol
1271 2925 1341 2988 Non

163 3047 340 3113 defuerunt
363 3048 519 3112 Doctores
542 3049 587 3111 ita
609 3050 786 3132 opinantes,
811 3067 881 3132 arg.
907 3069 933 3112 e.
959 3069 985 3113 e.
1012 3047 1043 3128 7,
1061 3047 1093 3128 8,
1111 3047 1156 3121 11,
1175 3052 1207 3112 et
1220 3046 1280 3128 20,
1301 3047 1343 3111 de

165 3171 322 3236 hoinieid.
346 3172 382 3235 X
402 3171 456 3255 (V.
484 3172 554 3257 12);
580 3171 621 3236 el.
647 3171 678 3236 S.
702 3171 1042 3256 Alplions.V11377.
1068 3171 1149 3236 387.
1175 3171 1237 3236 Sed
1261 3171 1343 3236 haee

163 3295 271 3380 opinio
294 3293 380 3360 haud
404 3295 544 3360 tenenda
567 3301 624 3366 est,
642 3297 717 3377 quia
740 3297 772 3359 iu
798 3295 977 3360 huiusmodi
1002 3296 1096 3368 facto,
1115 3297 1209 3362 etiam
1227 3297 1343 3379 quast-

163 3420 277 3486 ctetica·
301 3419 391 3484 deest
404 3421 548 3503 qualitas,
566 3421 682 3506 quippe
698 3425 833 3485 euentus
849 3440 983 3504 prorsus
999 3421 1150 3484 fortuitus
1169 3419 1342 3484 nullimode

163 3544 350 3630 praevideri
374 3550 496 3628 potest;
522 3565 582 3610 neo
614 3545 748 3630 proinde
780 3546 940 3629 imputari,
966 3545 1006 3609 cl.
1033 3545 1151 3609 Suarez
1176 3543 1340 3609 Recens,

163 3663 259 3746 Disp.
284 3663 343 3736 45,
368 3663 452 3728 διαί.
478 3665 511 3744 5,
536 3685 569 3729 a.
595 3664 628 3731 3.
657 3667 893 3750 Argumentum
918 3665 1001 3748 quod
1025 3663 1187 3728 deducunt
1219 3685 1261 3728 ex
1288 3665 1340 3730 eit.

164 3807 192 3853 o.
208 3808 236 3852 c.
254 3785 384 3850 adversi
408 3787 562 3852 Doctores
585 3787 712 3852 laborat
731 3789 1004 3870 aequivocatione,
1022 3789 1095 3872 quia
1118 3789 1151 3850 in
1176 3789 1226 3852 his
1249 3807 1343 3851 cano·

164 3911 259 3977 uibus
282 3932 337 3976 res
354 3917 403 3976 est
426 3913 466 3976 de
490 3914 732 3998 irregularitate
756 3933 838 3997 quae
862 3915 993 3998 proprie
1010 3933 1113 3998 poena
1129 3934 1194 3978 non
1212 3918 1269 3996 est,
1286 3914 1342 3978 sed

164 4035 324 4120 quoddam
341 4040 389 4100 est
413 4035 691 4120 impedimentum3
716 4043 748 4100 et
763 4042 934 4122 praeterea
950 4039 1045 4100 etiam
1063 4038 1102 4102 ad
1119 4037 1340 4123 irregularita-

255 4318 296 4390 (l)
315 4315 368 4373 Sed
393 4318 471 4372 inre
493 4319 568 4373 civili
588 4320 739 4388 praestatio
767 4319 866 4388 culpae
891 4319 1048 4376 levissimae
1067 4322 1095 4375 in
1115 4325 1227 4390 pactum
1247 4322 1343 4376 deduci

166 4423 341 4494 potest3ve1
360 4423 509 4494 aliquando
527 4423 720 4494 expostulatur
739 4427 773 4480 ab
793 4427 853 4494 ipsa
872 4425 998 4480 subiecta
1016 4429 1141 4482 materia.

311 4531 372 4582 Suc.
393 4529 470 4601 Lapa
1183 4535 1201 4588 5
