3266 5102
298 300 363 364 148
613 379 614 386 ¹
821 315 905 362 raas
930 315 952 362 1.

297 443 422 516 forum,
453 461 495 507 ne
525 441 624 527 possit
654 442 782 526 impune
812 439 964 524 delinqui.
989 439 1114 506 Verum
1146 439 1296 521 quoniam
1327 438 1484 504 delictum

296 586 362 631 non
386 567 566 650 concipitur
588 565 650 629 nisi
675 565 746 648 quis
769 563 868 629 violet
891 564 997 650 legem
1020 564 1188 649 poenalem
1212 583 1276 647 qna
1301 565 1369 650 ipse
1392 569 1486 630 tane

296 695 360 764 tur,
384 690 463 755 hinc
486 689 688 774 peregrinus,
713 708 825 774 uagus,
849 688 983 755 laedens
1005 688 1111 773 legem
1136 689 1367 774 particularem
1390 688 1484 754 dioe-

298 815 425 880 cesisin
440 817 565 899 quaest
579 815 782 899 peregrinus,
799 833 910 898 vagus,
927 833 992 878 nou
1008 815 1177 879 committit
1192 815 1325 878 crimen.
1343 813 1485 888 Quamc

297 939 389 1006 brem
405 939 440 1004 hi
456 943 593 1004 externe
617 938 775 1003 violantes
791 938 896 1023 legem
917 939 1107 1012 naturalem,
1124 938 1227 1004 veluti
1244 937 1482 1011 calumniando,

297 1083 363 1128 non
386 1066 519 1148 possunt
542 1061 687 1126 cohiberi
710 1063 822 1148 poenis
844 1062 1060 1146 peculiaribus
1084 1063 1147 1127 loci
1171 1065 1296 1127 statutis
1312 1065 1345 1128 in
1361 1062 1484 1128 calum·

296 1189 449 1260 uiatores,
463 1192 497 1252 at
513 1190 707 1252 coercentur
731 1185 837 1252 officio
853 1186 966 1252 iudicis
982 1207 1098 1273 nempe
1114 1187 1157 1254 ab
1174 1187 1319 1262 bomine,
1333 1192 1484 1252 extraor-

296 1312 423 1377 dinaria
446 1313 553 1395 aliqua
574 1330 695 1396 poena;
720 1311 819 1376 veluti
843 1331 983 1404 censura
1006 1311 1049 1378 ab
1074 1311 1218 1384 nomiae,
1235 1313 1262 1376 si
1286 1312 1483 1376 monitiones

296 1437 493 1521 praemissae
508 1436 581 1508 sint,
598 1436 644 1500 uti
659 1453 720 1519 par
735 1441 792 1501 est.
811 1434 914 1500 Multo
936 1436 1039 1521 magis
1062 1435 1160 1500 iudex
1175 1435 1355 1501 declarare
1373 1437 1484 1520 potest

296 1579 431 1646 vagum,
456 1561 667 1645 peregrinum
699 1561 877 1624 incurrisse
908 1579 1079 1624 censuram
1108 1559 1206 1626 latam
1237 1581 1258 1624 a
1288 1562 1360 1624 iure
1390 1579 1483 1624 com-

296 1688 385 1751 muni
409 1682 464 1770 (1).

385 1809 419 1896 3)
445 1829 463 1873 ‹
480 1809 663 1912 Quam
676 1808 792 1874 odiosis
807 1829 986 1900 versam-ur,
1004 1809 1062 1894 (ait
1081 1807 1290 1882 D'Annibale‚
1307 1810 1333 1884 I,
1350 1810 1372 1891 g
1387 1807 1481 1894 325),

297 1953 379 2031 quae
402 1935 488 1998 latae
504 1939 589 2019 sunt·
602 1935 635 1998 in
660 1905 822 2032 pbpulum,
839 1935 962 2030 clerum
987 1955 1051 1998 non
1073 1940 1195 2008 tenent,
1213 1933 1276 2018 (2);
1298 1939 1330 1999 et
1352 1938 1481 2006 contra,

291 2078 360 2159 *non
384 2063 497 2148 tenent
519 2058 670 2144 populum
694 2077 776 2142 qnae
798 2059 884 2124 latae
915 2061 1044 2124 suntin
1068 2059 1209 2124 clerum:
1233 2037 1318 2123 latae
1345 2059 1380 2122 in
1410 2057 1483 2123 cle-

296 2184 381 2248 ricos
404 2196 468 2246 uon
491 2187 603 2249 tenent
626 2185 812 2270 regulares;
829 2186 915 2250 latae
938 2186 970 2249 in
995 2185 1173 2270 regulares,
1197 2189 1309 2248 tenent
1331 2203 1387 2248 eos
1409 2189 1483 2248 tan-

294 2313 364 2374 tum
387 2309 441 2391 qui
464 2313 540 2372 vota
562 2309 717 2374 solemnia
739 2311 998 2394 nuncupaverint
1014 2331 1043 2372 ».

389 2518 428 2590 (l)
444 2519 523 2574 Unde
537 2519 646 2584 Suarez,
663 2521 693 2586 V,
707 2523 738 2586 5,
752 2523 796 2586 10,
810 2538 867 2574 non
880 2521 989 2576 videtur
1002 2529 1078 2576 recte
1098 2521 1215 2592 opinari,
1229 2518 1370 2573 violantes
1388 2522 1483 2572 statu·

295 2629 353 2678 tum
368 2625 503 2679 dioecesis
521 2641 575 2679 non
596 2643 662 2680 suaa
681 2626 739 2680 sive
760 2643 845 2696 vapos
864 2627 923 2680 sive
938 2630 1108 2696 pereprinos
1122 2642 1224 2696 poenas
1237 2625 1380 2678 incurrere
1393 2640 1484 2694 appo-

294 2731 376 2793 sitas3
395 2731 436 2784 ait
455 2731 529 2784 euim
548 2729 601 2784 hoe
619 2730 798 2800 expostulare
816 2732 1011 2785 necessitatem
1031 2730 1160 2800 publicae
1173 2729 1389 2801 tranquillitatis
1405 2729 1479 2800 (14).

294 2836 409 2903 Verum,
422 2841 464 2890 est
480 2837 602 2892 alienum
622 2855 639 2891 a
658 2835 764 2906 regulis
783 2838 861 2902 iuris,
874 2855 956 2908 quem
975 2839 1088 2892 subesse
1104 2837 1161 2906 legi
1175 2836 1260 2901 illius,
1273 2837 1352 2890 cuius
1365 2851 1420 2889 non
1433 2839 1483 2888 ast

294 2943 430 2998 subditus.
444 2944 620 2998 Incommode
633 2949 726 2999 antem
746 2945 818 3016 quod
837 2944 1009 3000 lamentatur
1024 2945 1125 2999 Suarez
1144 2945 1266 2998 occurrit
1284 2943 1331 2999 lex
1349 2947 1481 2997 statuens

294 3051 384 3104 forum
403 3052 512 3105 ratione
527 3053 633 3117 delicti,
652 3052 790 3106 commissi
815 3052 844 3104 in
866 3051 958 3122 legem
977 3051 1021 3106 vel
1044 3068 1218 3106 communem
1240 3050 1285 3106 val
1307 3048 1480 3104 naturalem.

294 3157 363 3210 Item
382 3157 455 3227 apud
474 3157 576 3212 Suarez
595 3162 624 3212 at
642 3157 713 3211 alios
732 3157 892 3212 canonistas
911 3161 953 3212 est
972 3159 1121 3212 arbitraria
1145 3157 1300 3219 distinctio,
1319 3157 1348 3209 in
1367 3165 1482 3210 senten·

293 3267 362 3317 tiam
380 3279 513 3318 censurae
532 3265 723 3318 univmsalam
748 3268 777 3318 et
801 3281 946 3319 censuram
972 3282 1007 3319 ex
1032 3275 1141 3328 statuto,
1161 3268 1193 3317 ut
1211 3263 1379 3317 concludant
1403 3261 1479 3315 hanc

294 3375 391 3425 tenero
404 3373 527 3425 advenas
540 3387 589 3424 scu
599 3373 769 3441 peregrinos
782 3376 811 3426 et
823 3389 918 3442 capos,
932 3371 1010 3425 illam
1023 3375 1132 3426 tantum
1149 3370 1275 3424 subditos
1292 3387 1341 3424 seu
1358 3369 1478 3424 incolas

295 3475 370 3529 Haec
384 3475 525 3529 distinctio
540 3475 610 3529 nulli
624 3477 692 3530 iuris
706 3477 805 3543 textui,
818 3477 889 3531 nulli
901 3475 1011 3544 rationi,
1023 3477 1160 3530 innititur.
1174 3477 1214 3530 ct.
1228 3475 1364 3547 Layman,
1378 3475 1429 3542 IV,
1443 3479 1481 3538 5,·

294 3583 491 3650 (loremarius,
510 3583 540 3638 in
560 3583 652 3638 Consi.
672 3587 764 3639 Alma.
785 3585 817 3638 P.
839 3583 861 3651 I,
884 3589 901 3646 ἓ
921 3586 964 3651 10,
984 3603 1011 3637 η.
1033 3584 1061 3638 9.

382 3689 423 3760 (2)
442 3689 485 3743 Sc.
504 3689 660 3760 Regularss
680 3691 727 3760 qui
747 3687 857 3760 propria
876 3689 971 3744 clerici
990 3707 1045 3744 nou
1064 3695 1137 3758 sunt,
1158 3689 1247 3744 ueluti
1265 3691 1410 3755 eremitae,
1428 3689 1479 3744 sed

295 3795 417 3866 gaudent
435 3795 591 3866 privilegiis
604 3796 789 3862 clericalibus,
808 3799 987 3851 recensentur
999 3797 1029 3850 in
1048 3799 1133 3851 clero.
1148 3796 1218 3856 Quid
1231 3796 1299 3850 iuris
1319 3797 1342 3849 si
1357 3812 1479 3850 censura

293 3903 401 3958 seratur
415 3904 443 3956 in
457 3904 585 3970 stertens,-
598 3902 904 3972 comprehendunturne
921 3901 968 3956 isti
989 3901 1162 3971 Regularesl
1176 3901 1303 3964 affirmat
1317 3902 1478 3972 Fagnanus·

293 4011 323 4062 in
345 4027 405 4077 cap.
425 4008 470 4074 16,
491 4010 532 4062 De
550 4018 618 4062 sent.
641 4025 754 4074 excom,-
772 4011 857 4077 negat
879 4007 1086 4062 Retracto.
1108 4006 1164 4074 III,
1183 4009 1221 4062 tit.
1244 4009 1266 4074 1,
1290 4025 1317 4060 n.
1340 4007 1385 4060 19.
1405 4006 1480 4068 Quia

292 4115 322 4166 ia
342 4113 444 4166 odiosis
457 4129 608 4178 versamur,
621 4110 774 4180 Regularea
786 4113 833 4182 qui
846 4122 989 4165 tonsuram
1002 4117 1167 4181 receperunt
1180 4117 1290 4166 tantum
1301 4113 1479 4167 clericorum

293 4217 498 4286 significatione
521 4217 799 4288 comprehenduntur.
825 4217 865 4272 Cf.
884 4217 1002 4284 Suarez,
1023 4219 1168 4284 XXVIII,
1190 4219 1219 4284 2,
1240 4218 1268 4285 9,
1288 4223 1317 4274 at
1342 4218 1478 4272 D'Anni·

293 4326 367 4392 bale,
390 4327 408 4395 l,
431 4327 490 4391 102,
510 4331 567 4381 not.
587 4327 611 4380 6.
639 4325 742 4387 Quare'
756 4325 910 4394 Regularcs
935 4327 983 4397 qui
1009 4332 1151 4380 tonsuram
1180 4343 1234 4380 non
1260 4329 1427 4396 receperunt
1445 4329 1479 4378 in

294 4437 397 4490 cdt'csts
417 4435 533 4489 veniunt
552 4425 663 4490 nomine¹
683 4433 877 4504 neccaram,
897 4451 953 4488 non
972 4436 1148 4489 clericorum.
