3202 5104
542 292 586 338 un
610 291 764 340 anticus
788 291 831 338 ar
854 291 974 338 sonnis
1280 273 1344 340 271

167 438 249 482 rum
273 437 343 484 esse
365 419 436 484 uult
453 416 647 484 ordinariis
666 435 733 499 per
749 435 912 484 censuras
927 416 1168 487 ecclesiasticas
1184 422 1215 482 et
1230 437 1345 504 seque-

166 546 366 612 strationem
390 550 422 610 et
442 543 704 612 subtractionem
726 542 904 626 fruetuum
927 543 1064 627 aliaque
1093 540 1180 608 iuris
1195 543 1347 609 remedia

168 671 272 734 etiam
286 687 394 754 usaue
417 669 463 734 ad
481 668 713 751 privationem
730 667 931 768 compellere
946 671 1037 732 etc.»
1064 664 1108 730 Et
1124 664 1207 730 idem
1225 667 1346 734 Concil.

169 795 203 858 in
225 813 304 862 sess.
321 794 367 860 25
390 813 465 877 cap.
482 793 525 858 14
539 793 594 860 De
614 794 679 876 ref.
697 793 852 858 adversus
872 793 1009 857 clericos
1026 791 1274 858 concubinarios
1292 798 1348 858 aut

169 925 334 1005 suspectos
357 920 397 985 de
420 921 662 993 incontinentia,
686 922 731 985 ita
754 919 884 1006 procedi
914 919 992 994 vult,
1016 938 1134 1002 nempe
1161 939 1179 983 a
1199 917 1294 990 Quod
1316 920 1347 984 si

168 1063 192 1108 a
208 1042 449 1126 Superioribus
471 1043 592 1110 moniti
614 1042 657 1108 ab
681 1043 723 1108 iis
745 1061 780 1108 se
796 1061 866 1108 non
881 1041 1115 1116 abstinuerint,
1132 1042 1232 1108 tertia
1243 1047 1347 1125 parte

167 1166 355 1248 fructuum,
379 1166 626 1238 obventionum,
644 1185 687 1234 aa
703 1173 934 1250 proventuum
951 1165 1189 1252 beneficiorum
1204 1185 1346 1232 suorum

169 1311 463 1376 qumncmcumaue
485 1311 527 1358 ac
545 1292 752 1375 pensionum
774 1293 848 1375 ipso
883 1291 974 1373 sacto
1007 1292 1075 1356 sint
1094 1291 1222 1374 priuati
1259 1310 1347 1376 quae

169 1414 325 1497 fabricae
339 1414 512 1480 Ecclesiae
535 1421 595 1480 aut
617 1415 717 1481 alleri
736 1415 797 1497 pio
821 1417 903 1496 loeo,
928 1414 1070 1482 arbitrio
1090 1416 1259 1500 Episcopi,
1285 1435 1346 1500 ap-

164 1539 346 1622 plicentur.
365 1539 427 1605 Sin
448 1558 528 1605 aero
552 1539 589 1606 in
612 1540 732 1606 delicto
748 1540 865 1606 coelem
881 1559 958 1606 eum
975 1541 1095 1606 eadem
1111 1545 1172 1606 aut
1187 1540 1258 1606 alia
1280 1539 1347 1623 foa·

168 1663 266 1728 mina
283 1668 542 1745 perseverantes
554 1663 724 1729 secundae
739 1663 920 1730 monitioni
935 1663 1048 1729 adbuc
1062 1683 1133 1729 uon
1152 1664 1345 1747 paruerint.

168 1807 239 1854 non
262 1793 396 1853 tantam
417 1785 552 1865 fructus
554 1837 606 1854 .....
630 1794 661 1854 et
680 1790 863 1872 pensiones
886 1808 923 1856 eo
947 1789 1021 1870 ipso
1050 1789 1209 1854 amittant
1209 1839 1262 1852 .....
1288 1788 1348 1855 sed

167 1911 271 1978 etiam
295 1932 317 1977 a
341 1911 579 1999 beneficiorum
601 1933 743 1981 suorum
766 1913 1108 1980 administratione...
1132 1913 1347 1997 suspendan-

171 2043 269 2102 tur...
287 2043 318 2103 et
339 2037 370 2102 si
391 2037 439 2102 ita
458 2038 613 2121 suspensi
625 2038 847 2105 nihilominus
867 2057 925 2104 eas
940 2057 1011 2106 non
1031 2039 1236 2122 capellam...
1254 2037 1347 2104 bene·

168 2163 286 2246 ficiis...
300 2162 449 2247 affinis...
462 2163 654 2246 priventur,
668 2168 773 2260 atque
787 2161 953 2228 inhabiles
969 2182 1010 2228 ac
1021 2162 1188 2248 indipni...
1201 2163 1347 2258 recidan-

170 2295 227 2353 tur
229 2335 281 2352 .....
309 2285 432 2354 Clerici
453 2307 534 2355 oero
558 2287 719 2373 beneficia
741 2287 965 2353 ecelesiastica
989 2293 1049 2353 aut
1067 2288 1249 2370 pensiones
1277 2307 1348 2354 non

170 2411 329 2478 babentes
354 2411 454 2478 inula
478 2410 589 2478 delicti
605 2416 637 2476 et
659 2411 893 2476 contumaciae
904 2411 1200 2494 perseverantiam
1215 2416 1247 2477 et
1261 2429 1346 2497 qua-

167 2537 299 2601 litatem
315 2535 358 2602 ab
370 2535 443 2618 ipso
457 2521 624 2620 Episcopo
641 2535 789 2602 carceris
797 2553 922 2616 paena,
935 2536 1156 2618 suspensione
1171 2535 1214 2602 ab
1227 2536 1347 2602 ordine
1413 2606 1419 2618 ‚

167 2681 212 2727 ac
233 2659 444 2726 inhabilitate
459 2661 506 2726 acl
522 2659 682 2745 beneficia
697 2659 880 2727 obtinenda
904 2661 1022 2726 aliisae
1037 2661 1148 2726 modis
1171 2661 1273 2726 iuata
1294 2681 1345 2728 sa-

169 2798 247 2847 eros
270 2799 417 2847 canones
427 2781 624 2864 puniantur
641 2802 669 2845 a.
688 2781 867 2846 Concilium
882 2801 1041 2846 revocans
1057 2800 1173 2847 saeros
1189 2800 1346 2863 canones,

170 2905 306 2970 intendit
330 2925 448 2992 urgere
463 2907 736 2991 praescriptiones
753 2905 856 2971 editas
872 2907 906 2969 in
922 2907 970 2972 tit.
991 2908 1019 2987 l,
1038 2906 1172 2972 Debita
1188 2912 1218 2972 et
1246 2907 1347 2973 hone·

166 3035 255 3094 state
278 3029 491 3110 clericorum,
516 3034 548 3094 et
573 3031 606 3092 in
630 3031 678 3094 tit
695 3028 727 3109 2,
751 3028 801 3094 De
825 3028 1070 3096 cohabitatione
1092 3031 1294 3098 elericorum
1317 3037 1349 3097 et

169 3153 365 3228 mulierum,
388 3153 445 3218 lib.
471 3155 533 3228 Ill,
558 3155 601 3234 X,
625 3153 688 3227 ubi,
713 3155 745 3218 in
769 3154 966 3226 universum,
991 3155 1103 3220 clerici
1132 3157 1157 3220 si
1181 3158 1292 3222 moniti
1316 3163 1348 3222 et

168 3280 318 3344 censuris
341 3279 488 3344 adstricti
511 3279 552 3345 ab
576 3280 745 3345 inhonesta
762 3283 1008 3345 conversatione
1025 3300 1088 3346 non
1104 3301 1139 3347 se
1155 3281 1346 3358 abstineant,

170 3401 343 3469 edicuntur
365 3424 385 3468 a
408 3401 571 3469 beneficiis
595 3393 743 3488 privandi
767 3425 838 3469 esse
862 3412 895 3468 et
918 3407 1013 3469 etiam
1037 3405 1226 3490 deponendi.

261 3528 335 3592 184.
359 3528 455 3593 Modo
478 3529 512 3593 in
536 3529 656 3594 relatos
678 3534 787 3594 textus
810 3530 1009 3612 advertatur,

308 3653 338 3738 1)
361 3654 508 3719 ordinem
532 3659 564 3720 et
587 3653 722 3740 gradum
746 3674 923 3740 poenarum
947 3655 1045 3721 fuisso
1073 3658 1135 3721 iam
1162 3659 1305 3722 laxativo
1329 3678 1349 3722 a

169 3779 242 3843 iure
265 3783 417 3845 statutum
441 3778 568 3864 quando
591 3799 714 3865 poenae
738 3785 814 3844 sunt
837 3781 857 3844 l.
883 3785 965 3846 sent.
990 3781 1070 3846 adeo
1094 3787 1128 3847 ut
1151 3782 1224 3865 ipso
1247 3781 1347 3866 facto,

167 3903 307 3966 crimine
334 3909 570 3978 consummata,
598 3905 818 3970 incurrantur.
846 3906 884 3969 In
915 3907 1027 3989 poenis
1056 3905 1227 3988 senseat.
1252 3927 1348 3991 quum

170 4027 294 4091 crimen
319 4031 367 4092 est
395 4032 647 4093 consummatum
671 4026 707 4094 fit
728 4027 819 4092 locus
843 4029 1023 4094 sententiae
1051 4029 1348 4098 condemnatoriae

168 4169 234 4233 qua
257 4149 355 4216 iudex
377 4153 550 4236 exequitur
572 4173 709 4239 poenam
732 4153 804 4217 iare
827 4157 990 4219 statutam.
1015 4155 1058 4219 At
1082 4155 1276 4240 relinquitur
1298 4175 1349 4221 ar·

170 4275 267 4341 bitrio
290 4277 404 4343 iudicis
428 4278 534 4363 aliqua
557 4277 695 4344 facultas
722 4279 755 4343 in
783 4277 987 4344 moderandis
1011 4279 1121 4346 iisdem
1154 4282 1273 4366 poenis.
1300 4282 1348 4348 Oi.

167 4418 279 4482 supra
302 4420 336 4466 n.
362 4401 419 4468 75.
