3108 5100
330 305 397 372 236
859 327 942 376 rnns
967 328 987 372 1.

331 453 485 520 dictionis.
508 489 525 500 -
548 455 701 518 Attamen
733 455 874 537 graviori
898 459 1070 538 praecepto
1102 473 1159 518 nos
1187 436 1423 537 constringimur
1441 477 1468 519 ne

329 585 456 644 utamur
468 597 568 662 opera
579 578 724 662 suspensi
740 577 873 643 tolerati
884 597 948 642 non
965 597 1057 642 secus
1073 597 1112 642 ac
1123 578 1221 662 ipsius
1234 580 1467 642 excommunicati

328 702 470 768 tolerati.
489 701 568 766 Nam
584 721 774 785 quamquam
791 722 833 766 ex
850 703 956 766 Consi.
975 739 986 748 -
1004 702 1059 766 Ad
1076 702 1235 768 evitanda
1252 735 1265 748 -
1281 700 1431 766 habendus
1443 702 1467 764 sit

330 829 374 893 nti
398 829 558 895 toleratus
579 849 760 914 suspensus,
781 830 926 912 quamvis
950 830 1076 894 notoria
1091 831 1131 894 sit
1147 831 1323 914 suspensio,
1340 848 1469 912 quousque

328 951 538 1016 denunciatus
565 971 628 1015 non
652 953 702 1018 sit.
728 970 883 1035 expressa
907 949 1018 1016 iudicis
1049 953 1217 1030 sententia,
1246 957 1281 1014 ut
1303 952 1360 1034 fiat
1386 952 1468 1014 eitun·

328 1076 400 1148 dus,
419 1076 624 1140 nihilominus
649 1079 723 1160 quia
745 1077 877 1160 quisque
901 1096 1074 1162 suspensus
1091 1081 1140 1141 est
1155 1076 1337 1162 prohibitus
1358 1077 1469 1162 legitima

328 1201 492 1264 Ecclesiae
524 1205 679 1284 potestate
702 1221 721 1264 a
744 1200 921 1264 ministerio
949 1202 1002 1264 vel
1034 1221 1053 1264 a
1084 1206 1240 1286 potestate
1272 1201 1468 1265 ecclesiastica.

326 1323 415 1389 illum
444 1325 598 1390 inducere
622 1326 661 1389 ad
687 1326 930 1391 ministrandum
961 1325 1069 1390 divina
1097 1326 1148 1390 vel
1172 1325 1210 1390 ad
1244 1325 1468 1411 participandum

326 1452 447 1516 iuribus
471 1449 718 1518 beneficialibus.
737 1459 785 1516 est
808 1455 976 1536 cooperari
1000 1453 1125 1518 delictis
1148 1453 1282 1519 alterius
1306 1461 1338 1517 et
1360 1458 1470 1516 contem·

327 1595 406 1640 nere
429 1577 650 1640 auctoritatem
676 1577 851 1658 Ecclesiae,
877 1579 919 1641 uti
945 1579 1024 1641 scite
1048 1577 1140 1642 docet
1164 1577 1292 1650 Suarez,
1319 1569 1385 1640 cnm
1407 1595 1469 1638 ron·

326 1701 423 1772 muni,
448 1698 613 1772 XXVIII,
634 1701 667 1774 5,
685 1703 716 1764 6.
741 1700 850 1776 Quare
874 1701 955 1766 baec
980 1701 1150 1785 prohibitio
1173 1701 1354 1766 abstinendi
1375 1699 1409 1763 ab
1429 1720 1469 1761 usn

326 1827 492 1889 ministerii
517 1825 627 1891 clerIci
650 1829 796 1910 suspensi
820 1846 882 1890 non
908 1832 955 1891 est
978 1846 998 1890 a
1023 1829 1092 1892 iure
1117 1828 1260 1911 positivo,
1286 1827 1342 1891 sed
1363 1825 1400 1890 ab
1422 1829 1470 1909 ipso

326 1955 395 2018 iure
418 1953 566 2024 naturali,
592 1959 624 2017 et
648 1952 813 2018 dumtaxat
848 1958 982 2038 urgento
1006 1955 1098 2036 gravi
1122 1953 1287 2018 commodo
1311 1954 1362 2017 vel
1383 1971 1469 2016 neces·

325 2081 417 2142 sitate
441 2075 590 2148 fidelium.
613 2085 660 2143 est
684 2077 794 2143 iisdem
819 2079 1009 2165 permissum
1034 2099 1053 2142 a
1078 2079 1182 2144 Const.
1208 2080 1341 2143 Martini
1355 2079 1383 2141 V
1406 2076 1471 2140 -dd
1520 2085 1521 2100 ¹

325 2203 484 2268 evitanda
500 2239 514 2250 -
531 2208 566 2267 ut
581 2223 679 2288 opera
704 2209 837 2269 utantur
860 2206 1003 2288 suspensi
1028 2224 1092 2268 non
1116 2206 1255 2270 attondi.
1275 2205 1389 2270 Gravis
1409 2207 1470 2268 enin

325 2327 499 2391 necessitas
519 2331 653 2392 excusat
669 2345 688 2389 a
703 2332 875 2412 praecepto
892 2327 1031 2391 naturali
1049 2346 1111 2391 non
1129 2327 1222 2391 dandi
1239 2329 1336 2393 alteri
1352 2326 1416 2410 (etsi
1430 2345 1471 2411 per

324 2447 474 2514 accidens
497 2454 530 2513 et
553 2454 684 2533 praeter
707 2449 929 2536 intentionem)
954 2451 1153 2514 occasionem
1169 2451 1336 2534 peccandi.
1356 2487 1372 2499 -
1389 2453 1470 2515 Consi.

323 2610 337 2620 -
355 2576 410 2640 Ad
433 2575 592 2640 odlando
608 2611 622 2621 ·
638 2582 743 2640 autem
764 2577 921 2642 toleratos
938 2577 1029 2640 iussit
1045 2597 1106 2640 nim
1125 2577 1247 2660 privari
1267 2561 1471 2651 iurisdictione,

322 2720 386 2764 non
409 2701 441 2762 in
467 2719 556 2764 suum
581 2699 692 2764 sedin
717 2699 914 2780 commodum
941 2699 1080 2766 fidelium
1104 2699 1159 2786 (Ι).

410 2819 492 2894 Quia
514 2821 729 2904 suspensionis
753 2839 891 2886 censura
913 2823 958 2884 ita
977 2821 1056 2884 ferri
1082 2829 1186 2906 potest
1204 2827 1239 2886 ut
1256 2825 1328 2905 quis
1351 2822 1471 2888 edicatur

321 2963 503 3028 desponsus
535 2963 557 3008 o
587 2945 818 3011 innodatione
826 2994 837 3027 ,
871 2945 1005 3029 proinde
1038 2945 1243 3011 examinandi
1276 2955 1352 3012 sunt
1380 2948 1472 3011 limita
1519 2927 1520 3012 l

322 3070 473 3136 eiusmodi
497 3070 619 3134 decreti
637 3075 670 3134 ut
686 3070 872 3135 declaretur
887 3073 1015 3154 quinam
1033 3077 1123 3136 actus
1140 3070 1238 3137 oflicii
1255 3093 1313 3138 seu
1331 3071 1470 3137 ministerii

322 3196 530 3262 ecclesiastici
547 3195 782 3261 interdicantur
797 3196 950 3261 eiusmodi
967 3197 1079 3262 edicto.
1097 3233 1113 3246 -
1129 3197 1290 3281 Siquidem
1306 3201 1351 3263 uti
1368 3199 1425 3262 late
1436 3215 1471 3258 en·

321 3325 510 3410 plicavimus
527 3326 559 3388 in
576 3325 679 3409 prima
691 3329 783 3409 parte
801 3321 853 3387 tib.
869 3323 895 3392 Ι,
909 3345 942 3390 n.
955 3324 1010 3394 44,
1030 3327 1115 3388 notio
1131 3325 1379 3390 iurisdictionis
1393 3323 1472 3388 admo

322 3451 394 3516 dum
411 3454 475 3517 late
487 3456 576 3536 patet
589 3453 620 3515 in
634 3451 704 3516 iure
718 3471 800 3544 can,
814 3451 1091 3534 comprehendens
1107 3471 1170 3516 non
1186 3453 1291 3516 solum
1308 3457 1471 3537 potestaten

322 3577 400 3640 iuris
427 3574 552 3640 dicendi
576 3595 633 3640 seu
659 3574 827 3654 iudicandi,
853 3575 907 3638 sed
932 3576 1027 3638 etiam
1051 3574 1140 3659 leges
1161 3575 1289 3640 ferendi
1313 3583 1347 3640 el.
1369 3574 1471 3640 easdem

321 3701 500 3784 exequendi
535 3721 591 3764 seu
623 3703 812 3782 potestatem
844 3699 1046 3762 executivam
1079 3705 1110 3762 et
1140 3698 1470 3765 administrativam.·
1518 3683 1519 3728 ³

322 3826 411 3892 Unde
435 3826 602 3909 quaeritur
633 3841 674 3886 an
703 3823 878 3908 Episcopus
906 3839 1078 3905 suspensus
1101 3840 1120 3884 a
1143 3822 1367 3889 iurisdictione
1397 3823 1471 3908 posit

408 4037 447 4106 (ll
467 4038 555 4106 Supra
574 4037 608 4090 ad
627 4053 690 4106 pap.
706 4037 761 4100 121,
781 4053 806 4085 n.
822 4034 862 4086 84
881 4032 999 4085 diximus
1013 4061 1027 4072 -
1042 4037 1227 4088 acensnratls
1246 4035 1396 4106 (tolerata)
1415 4049 1471 4106 pose

320 4149 376 4218 peti
396 4150 569 4200 sacramenta
594 4145 678 4198 otiam
703 4144 781 4198 nulla
799 4161 832 4198 ex
853 4145 1019 4199 necessitate
1038 4143 1081 4198 vel
1103 4144 1224 4198 utilitato
1247 4151 1276 4198 et
1296 4144 1351 4200 hoc
1376 4142 1471 4208 intelligi

319 4255 401 4309 debet
421 4257 447 4306 ui
467 4255 537 4324 lepis
550 4253 723 4318 tolerantiae,
738 4253 871 4321 quamvis'
882 4268 917 4304 cn
937 4251 1071 4305 charitate
1084 4252 1137 4304 ieta
1152 4253 1208 4319 peti
1222 4268 1276 4306 non
1292 4253 1471 4322 debeantque

320 4361 458 4415 ordinario
477 4367 586 4414 constat
599 4361 754 4412 ministrum
768 4359 892 4428 graviter
906 4375 1020 4426 peccare
1034 4357 1224 4424 ministrando,
1238 4377 1288 4414 seu
1310 4359 1362 4413 nisi
1381 4361 1427 4412 iam
1444 4371 1471 4408 re

319 4468 436 4540 sipuerit
455 4473 483 4522 et
502 4477 657 4538 apeccalq
676 4468 698 4520 si
718 4483 773 4521 non
793 4483 809 4518 a
829 4483 955 4532 cessura,
975 4465 1178 4520 absolutionem
1198 4467 1364 4524 obtinuerit.
