3312 5108
566 429 611 478 na
636 431 791 477 unarcrrs
816 431 858 476 nr
882 428 1001 476 ronms
1331 411 1374 476 87

281 551 348 605 cles.
369 550 495 605 dicantur
516 553 711 606 vindicatirae.
729 579 766 592 -
784 549 827 604 56.
847 547 1006 603 Traduntur
1019 549 1146 602 notiones
1159 552 1188 604 et
1200 549 1375 604 definitiones

283 657 551 726 impoenitentiae,
570 661 629 711 tum
648 673 762 727 poenae,
782 659 841 710 tum
860 672 1001 710 censurae.
1013 683 1050 696 -
1066 656 1109 710 57.
1123 656 1265 716 Quomodo
1285 655 1375 710 indul·

281 764 394 832 gantiae
413 781 461 818 sen
481 763 656 818 remissiones
677 763 860 832 respondeant
879 763 1001 832 antiquis
1021 763 1209 831 poenitentiis.
1224 791 1258 804 -
1270 761 1314 816 58.
1335 763 1374 818 De

281 887 431 939 poenarum
451 871 592 941 requisitis
613 887 684 940 quae
710 869 925 938 respiciuntuel
945 868 1153 934 malitiaeque!
1174 886 1269 924 earum
1291 885 1374 924 asam

277 974 322 1028 vel
343 977 466 1046 affectas.
478 975 569 1028 -59.
589 976 684 1029 Poena
702 973 785 1028 debet
804 991 863 1030 essa
883 975 963 1040 iusta3
982 973 1046 1027 hinc
1065 979 1176 1043 opor-tot
1193 975 1217 1042 l)
1231 974 1267 1027 sit
1280 992 1373 1028 mora·

281 1083 325 1146 las,
341 1083 371 1150 2)
381 1084 551 1153 personalis,
564 1083 591 1154 3)
601 1087 816 1154 proportionata
829 1082 946 1135 crimini.
961 1109 995 1122 -
1008 1083 1051 1136 60.
1067 1082 1109 1134 Ad
1123 1082 1280 1150 legitimum
1295 1099 1372 1134 nsum

279 1190 447 1259 exposcitur,
469 1207 584 1260 poenam
608 1191 632 1259 Ι)
653 1207 713 1244 essa
731 1163 971 1244 accommodatam
991 1189 1116 1242 moribus
1135 1189 1162 1258 2)
1182 1189 1374 1260 reparabilem

278 1296 370 1351 -61,
390 1297 484 1358 Quoad
504 1300 615 1368 effectus
630 1313 718 1366 poena
737 1303 780 1352 est
795 1299 982 1361 emendatrix,
992 1299 1217 1367 praeservatria,
1231 1297 1374 1367 exempla·

279 1405 432 1458 ria-62.
455 1404 592 1474 lnfligitur
618 1405 661 1459 vel
687 1423 736 1474 per
762 1407 971 1476 castiqatioaem
995 1407 1130 1474 corporis,
1158 1404 1203 1458 vel
1229 1421 1277 1473 per
1302 1406 1373 1458 iuris

277 1513 471 1580 privationem.
488 1511 583 1565 -63.
608 1511 658 1564 llis
685 1512 781 1581 poeuis
807 1512 919 1576 secundi
947 1512 1058 1581 generis
1082 1511 1201 1566 ecclesia
1225 1512 1372 1581 praecipue

280 1617 379 1669 utitur.

279 1777 333 1843 53.
361 1779 459 1843 Hisce
489 1780 681 1864 praemissis,
714 1777 945 1864 dispiciendum
977 1784 1026 1844 est
1058 1798 1215 1863 quaenam
1242 1779 1276 1842 in
1300 1778 1371 1842 foro

188 1908 329 1968 externo
354 1904 521 1969 Ecclesiae
543 1905 607 1969 sint
630 1903 774 1968 remedia
795 1904 953 1989 poenalia.
974 1902 1255 1992 PQiiibissd
1271 1903 1381 1996 Grego.¹

186 2027 242 2129 ΙΙΙ
252 2026 349 2116 apud
376 2030 558 2092 canonistas
581 2029 717 2120 invaluit
740 2027 900 2092 distinctio
919 2047 1108 2112 poenarum,
1129 2027 1159 2112 Ι)
1183 2027 1220 2091 in
1239 2045 1372 2110 poenas

188 2153 323 2236 proprie
338 2151 449 2224 dictas,
466 2151 500 2235 2)
510 2153 737 2252 poenitentias·
753 2151 785 2238 3)
803 2158 835 2216 et
851 2171 1022 2224 censuras,
1039 2153 1186 2236 quamvis
1205 2152 1238 2214 in
1257 2152 1372 2216 Decre-

188 2274 308 2342 tatibas
330 2276 426 2361 plane
450 2253 514 2340 non
538 2255 735 2343 decernatur
762 2277 845 2342 haec
876 2277 1022 2341 formalis
1045 2277 1097 2341 vel
1126 2276 1240 2361 legalis
1264 2275 1372 2341 distin-

188 2400 263 2465 ctio.
289 2401 339 2464 lta
363 2420 414 2464 ex.
446 2421 496 2486 gr.
530 2403 601 2466 Iun.
629 2402 750 2474 111‚ta
781 2420 856 2484 cap.
882 2399 935 2481 13,
965 2401 1027 2475 cil„
1055 2402 1116 2466 ait:
1145 2419 1222 2464 «....
1248 2399 1288 2464 ad
1312 2419 1372 2464 nos

188 2525 331 2608 pertinet
353 2526 424 2590 eine
446 2525 643 2590 dubitatione
668 2545 813 2592 censura
836 2524 888 2610 (de
913 2524 1059 2610 peccato)
1084 2545 1178 2609 quam
1207 2526 1239 2589 in
1265 2544 1372 2608 qnem-

186 2645 266 2712 libet
296 2667 457 2714 exercere
488 2669 654 2734 possumus
685 2655 717 2714 et
748 2648 943 2714 debemus...
961 2671 991 2713 rr.
1018 2649 1078 2716 Ubi
1106 2647 1261 2714 Pontifex
1292 2667 1371 2712 sene

186 2772 331 2857 loquitur
363 2773 402 2838 de
433 2792 634 2859 quocumque
665 2795 786 2861 genere
818 2796 1006 2860 poenarum.
1030 2813 1070 2822 -
1092 2777 1136 2840 At
1168 2775 1249 2838 ratio
1281 2774 1371 2839 adest

191 2897 366 2964 intrinseca
389 2898 498 2962 taliter
528 2898 744 2984 distinguendi
770 2901 856 2964 inter
879 2919 914 2964 se
937 2919 1067 2985 poenas.
1099 2901 1313 2986 dammone
1337 2900 1370 2961 in

189 3041 312 3105 genere
337 3022 429 3087 iuxta
452 3040 654 3086 communem
681 3041 809 3086 sensum
834 3027 883 3086 est
898 3024 1064 3122 -Umalnm
1091 3023 1265 3119 passionis
1290 3041 1370 3104 pro,-

187 3145 823 3238 plefflalfflatiamiuacompeteati
833 3152 999 3232 potestate
1008 3147 1152 3232 publiea
1163 3153 1328 3216 naaman
1340 3184 1369 3211 -.

173 3233 446 3374 {caesiano-0
477 3272 552 3353 quia
593 3291 722 3356 semper
753 3270 859 3337 studet
902 3272 1084 3336 animarum
1114 3270 1369 3353 sanctificationi,

191 3394 311 3458 malurn
334 3395 491 3480 passionis
522 3395 632 3480 dirigit
654 3415 719 3460 non
743 3395 975 3462 invindictam
1005 3398 1149 3462 criminis
1173 3397 1228 3462 sed
1252 3398 1284 3460 in
1308 3397 1370 3482 pri-

188 3517 248 3581 mis
265 3516 307 3580 ad
324 3515 580 3581 emendationem
603 3517 827 3602 delinquentis,
846 3517 962 3582 deinde
978 3524 1084 3582 autem
1100 3518 1141 3584 ad
1157 3518 1369 3584 auferendum

188 3639 377 3704 scandalum
402 3641 555 3732 criminis·
572 3648 667 3726 atque
691 3641 732 3706 ad
755 3641 967 3707 deterrendos
998 3643 1078 3708 alios
1102 3663 1121 3706 a
1144 3643 1368 3728 delinquendo

185 3763 313 3829 Varum
337 3784 410 3828 cum
433 3764 570 3838 dicatur,
597 3767 778 3831 Ecclesiam
810 3765 931 3830 habere
962 3767 1135 3831 nonnullas
1158 3787 1278 3852 poenas
1293 3767 1367 3832 ota-

187 3885 354 3953 dt'catiaas
366 3895 398 3954 et
409 3907 513 3972 poena
531 3891 712 3973 generatim
728 3890 831 3954 soleat
843 3887 970 3954 definiri
985 3910 1002 3952 a
1016 3889 1166 3956 vindicta
1183 3889 1365 3956 oriminis»

188 4014 404 4096 opportunum
428 4017 478 4076 est
499 4012 666 4097 explicare
691 4012 846 4096 quomodo
870 4013 1064 4078 assumenda
1079 4015 1121 4079 sit
1135 4014 1217 4080 haec
1233 4015 1369 4099 qualitas

185 4150 319 4217 poenae.

276 4257 331 4322 54.
357 4255 460 4331 Quum
483 4279 589 4344 poena
612 4266 795 4324 assumatur
819 4263 863 4326 uti
888 4263 1012 4326 sanctio
1035 4263 1179 4348 legitima
1197 4263 1278 4348 legis
1297 4281 1370 4346 poe·

184 4381 278 4456 nelis,
304 4381 399 4450 debet
421 4381 533 4449 adesse
564 4387 730 4470 proportio
755 4387 841 4452 inter
864 4385 1015 4453 delictum
1040 4393 1072 4453 et
1095 4407 1242 4473 poenam.
1267 4388 1312 4452 At
1334 4389 1367 4451 in

184 4505 247 4571 hac
278 4506 496 4572 mensuranda
537 4511 744 4594 proportione
783 4509 912 4576 diversa
943 4512 1151 4578 invaluerunt
1181 4516 1367 4598 systemata.
