3202 5104
487 311 531 359 na
555 312 709 360 nnnrcrrs
734 313 775 359 ar
798 313 918 362 Porrus
1225 294 1293 358 273

106 459 181 502 ram
204 437 342 524 perdere
374 443 451 502 tunc
483 437 630 523 procedit
659 437 699 502 ad
730 437 1020 524 acprocrationem,
1046 439 1191 522 quamvis
1224 440 1293 524 ipsa

105 565 217 630 adhuc
247 565 327 628 alias
362 583 482 648 poenas
506 564 694 650 corporales
733 569 841 648 posset
875 565 1028 649 experiri,
1054 569 1089 631 ut
1119 570 1196 651 puta
1219 566 1290 632 emi-

105 691 206 763 lium,
231 689 314 774 qnod
338 687 487 776 infligere
510 695 559 755 est
583 691 616 754 in
640 695 797 775 potestate
821 691 1001 756 Ecclesiae.
1025 690 1087 756 Sed
1111 709 1176 754 non
1200 690 1289 756 adhi-

105 815 165 882 bet
196 813 368 899 aliqnando
398 814 481 880 haec
511 813 616 880 media
646 813 685 880 ob
717 815 932 899 delinquentis
962 815 1292 901 incorrigibilitatem,

104 940 186 1024 quia
210 941 257 1004 rei
281 937 539 1004 emendationem
563 938 710 1024 equidem
735 938 883 1004 Ecclesia
905 939 1103 1026 potissimum
1130 941 1291 1024 exquirit,
1354 937 1357 946 ’

104 1065 165 1131 sed
192 1085 211 1128 ‹
236 1085 314 1132 carm
339 1063 488 1132 Ecclesia
510 1083 581 1131 noa
605 1063 725 1130 babeat
747 1065 841 1130 ultra
868 1063 952 1149 quid
973 1064 1150 1148 societ..)
1176 1085 1292 1152 nempe

106 1190 149 1256 ad
174 1190 409 1256 sollicitandam
435 1191 481 1256 rei
506 1191 761 1264 conversionem,
781 1210 799 1254 t
817 1210 860 1256 ae
879 1190 989 1273 possit
1011 1188 1175 1277 (nimirum
1195 1191 1294 1259 delin-

107 1335 215 1398 quens
232 1333 290 1400 per
306 1313 492 1380 scandalum
509 1333 587 1379 suae
603 1313 847 1400 contumaciae),
865 1331 937 1380 esee
951 1313 1044 1380 ultra
1056 1314 1204 1398 perditio
1218 1316 1293 1400 pla·

106 1439 317 1506 rimorum...
335 1461 364 1520 a,
390 1439 539 1504 Ecclesia
561 1443 617 1504 aut
640 1440 783 1505 recurrit
804 1438 845 1504 ad
870 1457 944 1505 suas
959 1459 1080 1525 poenas
1096 1441 1198 1525 magis
1220 1443 1293 1506 vin-

107 1563 278 1636 dicativas,
303 1569 367 1636 aut,
393 1565 420 1628 si
444 1563 506 1628 boc
530 1563 656 1629 facilius
679 1562 817 1628 obtineri
840 1563 1018 1630 arbitretur
1041 1582 1101 1649 per
1124 1564 1293 1631 brachium

108 1688 292 1761 saeculare,
316 1687 456 1754 libenter
472 1688 644 1753 renunciat
668 1686 790 1752 iuribus
809 1688 856 1752 sni
874 1686 947 1768 lori,
963 1687 1203 1772 delinquentem
1227 1695 1292 1754 tra·

109 1813 195 1877 dens
224 1815 334 1878 curiae
364 1813 523 1879 saeculari
554 1812 758 1898 puniendum.
784 1812 835 1878 Ita
865 1812 1110 1898 interpretanda
1139 1819 1213 1880 snut
1240 1816 1294 1888 cit,

109 1939 235 2021 capitis
255 1938 299 2002 10
320 1943 483 2024 postrema
505 1937 607 2004 verba
630 1937 743 2021 quibus
759 1937 847 2002 exilii
862 1957 966 2022 poena
990 1939 1184 2022 relinquitur
1207 1960 1227 2005 a
1250 1942 1293 2006 iu·

109 2064 184 2130 dice
208 2064 290 2128 laico
305 2063 497 2150 applicanda
520 2065 553 2128 in
578 2083 669 2128 reum
685 2063 961 2138 inemendabilem,
980 2064 1062 2148 quod
1083 2070 1132 2131 est
1146 2067 1292 2152 apprime

111 2191 284 2257 conforme
300 2189 396 2256 indoli
414 2191 580 2256 Ecclesiae
604 2209 732 2277 semper
748 2190 919 2256 adnitentis
942 2195 977 2254 ut
1000 2209 1076 2256 reus
1096 2192 1293 2278 corrigetur.

248 2315 282 2401 7)
307 2315 359 2379 Ex
376 2313 514 2380 adverso
529 2313 746 2400 incipiendum
762 2321 811 2378 est
827 2333 846 2378 a
862 2314 1009 2380 censuris
1025 2314 1151 2397 quando
1168 2317 1291 2380 crimen

110 2442 164 2508 vel
192 2440 332 2506 nondum
357 2445 405 2506 est
419 2444 583 2525 patratum
599 2439 651 2506 vel
668 2439 781 2504 saltem
798 2459 862 2504 non
879 2443 1130 2505 consummatum
1154 2440 1207 2505 vel
1229 2445 1292 2506 tra·

111 2572 200 2633 ctum
233 2564 351 2631 habeat
380 2565 615 2645 successivum3
639 2568 672 2629 et
698 2561 871 2630 devenitur
901 2564 941 2629 ad
972 2583 1092 2650 poenas
1122 2584 1223 2650 usque
1254 2567 1293 2631 ad

111 2691 376 2778 degradationem
400 2691 427 2756 si
451 2691 574 2755 crimen
590 2690 678 2755 hanc
692 2695 864 2763 mereatur,
882 2709 955 2754 cum
972 2709 1057 2764 rens,
1075 2691 1191 2776 spretis
1215 2710 1293 2756 cen·

112 2821 209 2892 suris,
228 2819 351 2884 crimen
374 2815 656 2898 consummaverit,
674 2819 706 2880 et
728 2834 840 2880 omnes
863 2815 942 2880 alias
966 2832 1085 2900 poenas
1109 2815 1293 2883 inemenda-

113 2945 187 3010 bilis
211 2943 448 3028 contempserit.

250 3065 287 3150 8)
307 3063 491 3150 Degradari
516 3069 548 3128 et
571 3063 687 3148 deponi
717 3081 796 3128 sane
819 3079 884 3128 non
914 3065 1046 3146 possunt
1077 3062 1137 3126 nisi
1168 3061 1291 3135 clerici,

113 3192 267 3256 videlieet
283 3209 342 3276 per
357 3189 568 3255 deiectionem
586 3209 604 3252 e
621 3192 706 3255 statu
722 3187 884 3267 clericali3
908 3191 942 3251 at
957 3187 1052 3251 etiam
1072 3186 1148 3252 laici
1164 3185 1295 3251 obnoxii

115 3317 187 3381 foro
212 3316 431 3382 ecclesiastico
454 3313 493 3378 ob
517 3315 654 3378 crimina
685 3313 753 3378 eius
784 3313 1017 3398 competentiae
1049 3311 1202 3393 subiecta,
1225 3315 1294 3376 tra·

114 3444 236 3508 duntur
250 3441 384 3506 brachio
401 3440 561 3506 saeculari
578 3438 703 3524 qnando
721 3438 868 3504 Ecclesia
891 3437 976 3504 cibit
1000 3437 1151 3520 amplios
1167 3436 1294 3503 babeas

114 3569 199 3654 quid
221 3568 328 3652 faciat
351 3567 391 3632 ad
415 3565 619 3633 obtinendam
643 3563 907 3638 emendationem,
932 3563 1170 3648 delinquentem
1195 3581 1214 3628 e
1237 3582 1295 3628 suo

115 3693 188 3758 foro
213 3694 298 3758 eicit.

250 3820 284 3907 9)
307 3820 409 3884 Nemo
432 3837 497 3884 non
511 3816 601 3882 videt
616 3817 675 3882 has
691 3816 820 3901 regulas
836 3814 876 3880 de
891 3814 1013 3881 ordine
1036 3820 1069 3881 et
1090 3812 1204 3901 produ
1219 3833 1295 3900 poe·

116 3965 232 4011 narum
247 3945 346 4009 latam
363 3944 427 4029 pati
443 3943 763 4028 interpretationem
788 3945 821 4004 et
843 3941 1040 4025 potissimum
1064 3941 1097 4004 in
1114 3940 1225 4026 poenis
1240 3941 1294 4006 vel

117 4069 240 4134 relictis
260 4066 396 4132 arbitrio
417 4065 539 4147 indicis,
555 4065 609 4131 vel
632 4085 652 4130 a
675 4064 780 4131 indice
797 4062 1011 4143 moderandis,
1028 4082 1108 4148 prae
1124 4062 1227 4129 oculis
1241 4063 1297 4128 ha-

116 4192 256 4259 bendum
279 4212 350 4258 esse
377 4192 571 4278 principium
602 4193 646 4256 ita
674 4191 880 4257 enunciatum
904 4191 937 4254 in
961 4207 1036 4272 cap.
1060 4189 1118 4254 ult.
1142 4189 1164 4272 5
1189 4189 1220 4254 8.
1260 4187 1301 4255 Ut

118 4319 174 4385 tite
196 4338 267 4385 noa
291 4322 474 4386 contestato
497 4317 538 4398 X,
562 4317 619 4403 (ll,
643 4317 688 4400 7).
716 4336 781 4381 c...
798 4314 836 4381 ia
859 4318 1091 4382 commemorem
1122 4319 1169 4380 est
1191 4314 1295 4380 eccle·

117 4443 254 4511 siostioa
276 4443 441 4510 sententio
465 4439 632 4529 (poenalis)
651 4440 875 4526 proferendo,
891 4439 940 4506 ito
962 4438 1115 4506 videlicet
1130 4437 1224 4525 qood
1246 4439 1294 4505 ot·

262 4567 321 4622 Soc.
341 4568 426 4638 Lepc.
1156 4561 1187 4616 18
