3306 5102
305 305 372 374 336
831 324 915 372 reuss
939 325 962 372 1.

305 469 402 536 scopo
425 449 579 536 religiose
602 449 842 517 custodiendam
865 470 945 516 esse.
972 484 990 498 -
1015 451 1071 516 Ius
1098 469 1278 532 commune,
1301 453 1492 535 praeterea,

305 575 416 641 statuit
438 574 609 641 nonnullos
633 595 736 649 casus,
761 573 875 660 quibus
898 575 1079 660 requiritur
1104 576 1289 662 legitimitas
1320 574 1491 655 natalium,

304 719 421 786 nempe
450 720 510 787 pro
540 699 769 786 promovendis
799 699 839 765 ad
864 698 1115 774 Oardiualatum
1143 719 1187 766 ex
1213 700 1296 768 Sixti
1320 700 1352 764 V
1377 699 1489 764 consa

307 823 568 911 ‹Postquam›
595 825 664 892 diei
687 823 1002 899 3Deeema158a
1020 845 1082 892 nec
1104 845 1170 890 nan
1193 824 1234 890 ad
1257 825 1491 910 Episcopatum

304 971 349 1019 ex
372 971 446 1036 cap.
472 952 504 1026 7,
529 951 583 1019 De
606 953 696 1019 elect.
720 953 802 1017 Item
833 953 866 1016 in
896 972 975 1020 sess.
1000 951 1061 1026 23.
1092 971 1167 1037 cap.
1192 952 1242 1025 18.
1267 952 1318 1018 De
1340 951 1407 1035 ref.
1433 952 1492 1016 de-

305 1078 461 1150 cernitur,
479 1079 512 1141 in
528 1076 742 1143 Seminarium
757 1077 879 1142 admitti
896 1075 1015 1143 debere
1035 1077 1183 1163 teqitimo
1200 1095 1245 1144 em
1264 1075 1492 1143 matrimonio

305 1207 406 1268 natos.
432 1202 522 1270 Unde
546 1199 635 1288 Papa
658 1201 855 1267 solummodo
879 1203 912 1266 in
935 1199 1118 1266 huiusmodi
1141 1200 1269 1266 casibus
1295 1199 1493 1287 dispensare

304 1332 418 1414 potest.
435 1347 498 1411 quo
514 1325 653 1393 efficitur
676 1331 711 1392 ut
734 1326 939 1412 dispensatio,
957 1346 1000 1392 ex
1015 1324 1125 1412 Papae
1149 1345 1305 1413 expressa
1319 1325 1493 1392 voluntate

304 1452 475 1538 aliquando
491 1452 645 1518 natalium
664 1451 808 1518 defectus
827 1452 955 1517 auferat
977 1451 1073 1518 latius
1097 1471 1191 1536 quam
1207 1451 1277 1537 ipsa
1299 1450 1492 1536 legitimitas

304 1597 364 1664 per
377 1577 583 1663 subsequens
606 1578 853 1642 matrimonium.

438 1699 471 1786 4)
495 1703 532 1767 In
556 1699 673 1764 litteris
690 1699 935 1784 dispensationis
951 1699 1033 1765 solet
1055 1700 1172 1785 apponi
1189 1697 1335 1765 clausula
1353 1717 1371 1761 ‹
1388 1697 1490 1795 dnm-

305 1827 405 1895 moda
423 1835 593 1911 patenae
616 1825 880 1894 incontinentiae
895 1825 1049 1893 imitator
1063 1846 1135 1893 non
1157 1824 1201 1892 sit
1216 1846 1234 1890 ›
1252 1826 1347 1891 cuius
1359 1825 1392 1889 vi
1408 1823 1491 1908 Epi·

304 1965 419 2031 scopus
442 1951 599 2011 executor
621 1945 718 2012 debet
742 1947 908 2032 inquirere
931 1947 965 2010 in
989 1965 1097 2012 mores
1123 1944 1338 2032 dispensandi,
1364 1964 1408 2008 ex
1431 1941 1489 2006 de·

305 2069 567 2137 cretaeae
595 2069 647 2135 23
673 2071 751 2138 Dec.
779 2071 879 2144 1596,
911 2071 1075 2154 sequentis
1105 2071 1246 2137 tenoris:
1272 2066 1494 2134 (clausulae

305 2194 365 2261 illi:
391 2194 584 2261 Dummodo
611 2199 779 2278 patanae
806 2194 1071 2262 incontinentiae
1100 2193 1252 2261 imitator
1281 2211 1353 2259 non
1374 2191 1428 2266 rit,
1452 2193 1490 2257 in

304 2317 421 2384 litteris
445 2315 689 2404 dispensationis
712 2317 876 2403 appositae
899 2337 965 2383 non
988 2319 1085 2383 aliter
1099 2338 1160 2405 per
1174 2319 1369 2404 Episcopum
1392 2317 1490 2384 satis-

305 2440 386 2516 fieri,
411 2462 504 2528 quam
529 2442 720 2526 inquirendo
744 2443 827 2528 quod
844 2443 926 2508 nihil
942 2442 1035 2509 bonis
1050 2443 1193 2509 moribus
1208 2442 1375 2529 iudignum
1398 2462 1490 2509 com-

305 2571 445 2656 pererit;
470 2569 553 2655 quod
577 2571 603 2632 si
626 2568 758 2654 integro
775 2567 937 2634 decennio
954 2566 1186 2654 dispensandus
1201 2567 1303 2652 probe
1325 2569 1408 2632 vixit
1431 2566 1490 2632 de·

303 2687 388 2761 bere'
407 2695 522 2778 exequi
547 2694 672 2759 litteras
688 2693 944 2778 dispensationis.
962 2694 1107 2778 quamvis
1123 2694 1213 2778 prius
1232 2691 1493 2759 incontinentiae

305 2822 434 2886 nomine
457 2824 625 2906 suspectus
648 2823 750 2894 esset;
775 2817 831 2884 sed
855 2819 890 2883 in
912 2838 990 2884 casu
1005 2818 1125 2884 debere
1140 2816 1334 2904 Episcopum
1351 2837 1490 2884 accura-

303 2949 366 3012 tius
377 2935 543 3029 inquirere
556 2945 596 3010 ad
608 2943 791 3010 diluendam
804 2945 923 3030 prioris
934 2946 1021 3010 vitae
1034 2945 1249 3031 suspicionem
1263 2963 1294 3006 ›.
1308 2943 1388 3007 Ben.
1402 2943 1491 3010 XIV

305 3069 355 3136 De
377 3068 458 3155 Syn.
484 3067 587 3135 dioec.
614 3067 659 3134 tit
681 3067 734 3140 13,
762 3088 789 3133 c.
813 3066 873 3142 24,
896 3074 931 3144 n,
949 3067 1010 3132 22.

392 3191 469 3258 244.
493 3191 643 3257 Summus
666 3188 830 3265 Pontifex,
849 3191 924 3276 quia
938 3195 973 3256 ut
995 3191 1102 3276 palam
1125 3193 1363 3276 estpotestate
1387 3190 1493 3276 pollet

304 3314 507 3400 dispensandi
531 3315 571 3380 ab
587 3314 734 3380 omnibus
750 3311 916 3380 effectibus
931 3314 1190 3401 irregularitatis,
1207 3313 1325 3401 quippe
1348 3333 1392 3381 ex
1415 3315 1493 3382 iure

305 3440 440 3525 positivo
456 3438 628 3511 dimanant,
646 3437 710 3503 hoc
731 3458 808 3504 sane
831 3435 959 3523 perficit
974 3437 1100 3524 quando
1116 3435 1316 3504 sufficienter
1331 3437 1491 3523 exprimit

305 3583 394 3630 suam
417 3563 626 3629 voluntatem.
644 3564 690 3628 De
714 3564 798 3649 stylo
818 3563 935 3629 Curiae
958 3561 1114 3648 quaedam
1137 3564 1172 3628 in
1196 3563 1301 3627 forma
1322 3561 1491 3648 Rescripti

305 3687 551 3774 dispensationis
574 3661 702 3754 'servari
725 3689 846 3754 solent:
871 3689 916 3754 ita
938 3686 1066 3753 additur
1090 3687 1235 3754 clausula
1255 3706 1273 3750 ‹
1290 3687 1493 3756 Dummodo

301 3817 470 3898 paternae
484 3811 747 3881 incontinentiae
762 3812 913 3878 imitator
928 3831 999 3879 non
1011 3809 1166 3877 adistat»
1184 3815 1217 3876 et
1232 3809 1296 3875 alia
1312 3817 1493 3878 servantur

306 3936 345 4002 de
369 3943 459 4003 sueto
483 3936 578 4023 stylo.
596 3937 678 4003 Item
693 3936 862 4020 graviores
878 3935 1125 4021 expostulautur
1140 3931 1346 4021 dispensandi
1370 3954 1493 4001 cauma

305 4082 368 4148 quo
384 4063 523 4148 gravior
537 4067 586 4130 est
609 4061 843 4148 illegitimitatis
859 4080 971 4137 casus;
995 4059 1114 4128 exinde
1136 4060 1283 4127 adhiberi
1300 4060 1385 4126 solet
1400 4061 1491 4126 clau-

305 4186 377 4252 sula
399 4185 467 4252 nisi
490 4191 608 4254 orator
630 4185 675 4252 sit
689 4185 918 4252 'adulterinam
944 4186 1098 4250 Attamen
1128 4185 1322 4272 dispensatio
1349 4203 1490 4270 genera-

303 4311 380 4378 liter
403 4331 558 4378 concessa
581 4311 774 4398 intelligitur
796 4311 909 4377 valere
932 4330 992 4397 pro
1016 4330 1232 4398 quacumque
1247 4309 1487 4396 illegitimitata

305 4437 358 4502 vel
373 4437 523 4513 naturali,
547 4437 600 4503 rel
623 4437 815 4519 incestuosa,
831 4436 885 4502 vel
901 4437 1072 4523 sacrilega,
1089 4437 1142 4502 vel
1165 4435 1359 4502 adulterina.
1378 4435 1491 4512 Quare
