3202 5104
512 281 554 329 ns
579 281 733 328 usurorrs
758 281 799 326 ar
822 281 942 328 roaurs
1248 261 1315 328 283

138 403 277 471 naturali
294 406 458 490 exigentia
475 405 724 492 irregularitatis
747 411 780 470 ut
799 405 840 470 sit
858 404 1046 476 indiuidua,
1064 406 1153 488 quasi
1173 423 1239 488 per
1262 423 1314 470 aa·

138 531 253 597 cidaras
275 551 390 616 nempe
414 551 472 616 per
495 529 763 616 dispensationem
787 532 820 596 in
836 531 1022 595 universnm
1046 549 1066 593 a
1090 530 1160 594 iure
1182 549 1314 594 conoes-

135 679 205 724 sam
229 655 361 724 effectus
385 657 480 724 huius
504 658 666 742 qualitatis
690 656 835 744 impediri
860 661 965 742 potest
995 658 1027 720 in
1060 655 1186 721 casibus
1210 657 1315 740 parti-

136 784 300 850 cularibus
324 804 383 869 per
405 783 490 848 aliud
513 783 706 870 praevalens
733 784 792 863 ina,
817 783 860 847 nti
877 801 995 846 revera
1011 781 1128 848 accidit
1143 779 1315 866 aliquando

135 909 170 972 iu
198 907 490 994 irregularitatibus
506 927 552 974 aa
567 907 699 989 defecta
715 927 807 992 corp.
825 906 864 970 ob
881 909 929 972 ius
946 907 1139 992 praevalens
1155 905 1314 978 naturale,

134 1031 325 1096 scilicetne
348 1032 418 1096 sine
441 1028 610 1096 sufficienti
635 1049 732 1096 eausa
748 1031 818 1114 quis
841 1049 861 1093 a
884 1029 955 1094 iure
979 1031 1042 1095 iam
1059 1027 1201 1114 legitime
1217 1049 1315 1114 quae-

136 1156 198 1219 sito
215 1152 434 1239 prohibeatur.
452 1151 500 1218 Gi.
518 1152 557 1217 ol.
576 1151 741 1238 Gasparri,
759 1170 813 1234 op.
830 1151 893 1224 eit,
910 1172 945 1216 a.
961 1151 1032 1216 171,
1058 1153 1204 1226 litatus,
1225 1153 1317 1219 iuxta

135 1277 268 1344 effatum
285 1278 424 1352 scholae,
439 1275 641 1343 definitiones
657 1275 882 1360 aptitudinem
897 1275 1089 1362 siyaificaat
1104 1296 1175 1342 aaa
1190 1282 1314 1343 actum¹

135 1531 206 1583 buta
225 1532 267 1582 est
286 1528 451 1594 Themista,
470 1545 555 1598 quum
574 1526 630 1580 alia
650 1525 746 1580 schola
759 1525 963 1594 Theologorum
977 1526 1202 1596 irregularitatee
1221 1529 1316 1596 poenis

136 1637 250 1706 proprie
268 1635 349 1690 dictis
362 1635 594 1691 adnumeraverit.
610 1633 697 1688 Hodie
711 1631 894 1698 Lehemkuhl,
908 1633 939 1700 (l,
955 1633 1034 1704 1002)
1047 1635 1139 1688 docet:
1156 1647 1174 1690 tt
1188 1637 1316 1690 Attamen

134 1765 194 1800 aaa
213 1763 280 1800 roro
299 1743 516 1814 (irregularitas)
536 1747 566 1797 ia
581 1761 703 1814 poenam
725 1746 857 1796 statuitur
880 1759 996 1813 eamque
1021 1745 1224 1798 vindicaturam.
1244 1745 1317 1797 Hinc

135 1833 231 1908 eseban
250 1855 350 1908 divisio
369 1855 399 1906 in
417 1853 645 1921 irrequies-italas
664 1867 700 1905 ux
720 1865 849 1905 nasucru
869 1861 895 1904 et
914 1851 944 1902 in
961 1851 1190 1922 irrepuloritates
1209 1867 1246 1904 ux
1265 1867 1316 1906 ne-

135 1977 221 2016 nraro
242 1980 266 2013 a.
295 1961 469 2014 Scholasticis
498 1963 527 2012 et
555 1959 712 2013 Summistis
738 1957 890 2012 succedunt
918 1957 1078 2012 canonistas
1106 1958 1166 2030 qui,
1182 1957 1317 2027 speciales

135 2072 275 2122 tractatus
294 2071 413 2122 exarant
430 2067 466 2122 da
485 2067 744 2136 irreaularitotibus
763 2070 792 2120 et
810 2064 935 2119 eminant
948 2063 1021 2118 inter
1034 2064 1083 2118 hos
1097 2065 1228 2132 Maiolas,
1244 2067 1317 2120 Bur·

133 2179 240 2245 pasius,
259 2175 423 2245 Villactiepo.
438 2173 490 2228 Sed
503 2173 547 2226 his
566 2173 677 2238 accidit,
691 2173 718 2227 in
733 2173 828 2243 primis
843 2173 957 2239 Matala,
971 2173 1081 2228 nomine
1098 2172 1317 2242 irregularitatis

135 2281 370 2352 comprehendere
388 2281 481 2334 omnia
494 2281 692 2350 impedimenta
704 2297 775 2351 quae
788 2281 848 2334 iure
867 2281 925 2334 sive
939 2280 1032 2336 divino
1044 2281 1102 2334 sire
1118 2280 1239 2334 nattuali
1255 2280 1316 2336 sive

136 2390 260 2444 humano
279 2393 425 2444 remorant
443 2405 460 2442 a
479 2407 502 2442 s.
517 2389 680 2442 ministerio.
696 2388 804 2442 Revera
817 2389 861 2442 isti
877 2393 1067 2459 coguoverunt
1081 2387 1315 2457 irregularitatem

136 2513 193 2552 non
212 2514 273 2551 esse
295 2499 412 2568 propria
438 2513 554 2566 poariam
576 2495 623 2550 sed
642 2496 880 2565 impedimentum,
899 2501 929 2550 at
951 2500 1082 2550 errarunt
1101 2494 1317 2564 complectentes

135 2607 288 2676 omnigena
302 2605 501 2675 impedimenta
519 2605 553 2658 ad
572 2623 593 2657 s.
607 2603 724 2658 ordines.
739 2603 804 2659 lude
817 2621 919 2673 magna
932 2608 961 2657 et
979 2603 1072 2674 grauis
1085 2603 1209 2656 contusio
1222 2603 1250 2657 in
1265 2602 1316 2656 hac

136 2713 265 2768 materia.
275 2743 290 2752 -
301 2714 430 2768 Saurasio
441 2712 503 2766 laus
513 2711 660 2765 tribuenda
670 2715 713 2765 est
724 2710 897 2780 potissimum
907 2712 1009 2781 quippe
1020 2711 1065 2780 qui
1078 2710 1206 2778 probarit
1217 2710 1317 2779 priuci-

136 2820 214 2889 pium
226 2849 240 2859 -
251 2820 362 2873 stultam
373 2820 615 2888 irrepaloritatem
625 2819 724 2872 baberi
732 2818 787 2869 nisi
796 2820 825 2869 ia
835 2818 898 2870 iare
906 2818 1023 2886 positivo
1035 2833 1196 2886 expressam
1208 2845 1222 2855 -
1233 2815 1317 2870 idem·

139 2943 195 2996 que
210 2928 293 2995 probe
306 2925 465 2996 applicavit.
479 2924 530 2979 Sed
544 2924 679 2994 superiori
692 2925 748 2978 imo
762 2927 857 2976 nostra
870 2927 963 2977 aetate
984 2939 1037 2976 nou
1050 2939 1146 2976 omnes
1160 2921 1214 2976 llll.
1227 2923 1315 2977 secuti

141 3036 208 3086 sunt
218 3033 392 3100 Suarasium,
401 3036 430 3086 et
439 3033 497 3101 ipsa
507 3033 630 3086 Barardi
639 3031 814 3085 Sebastianus
825 3030 960 3084 latissime
973 3029 1058 3083 sumit
1071 3045 1170 3084 nomeu
1183 3029 1318 3100 irregula-

137 3141 240 3206 ritatis,
252 3141 299 3195 sed
312 3139 361 3194 alii
374 3157 443 3210 pene
456 3156 551 3194 omues
563 3139 616 3192 DD.
629 3137 710 3194 hodie
721 3137 841 3194 Suaresii
856 3138 976 3208 vestigia
989 3142 1125 3207 premunt.
1138 3136 1318 3202 D'Anuibale‚

138 3247 181 3300 uti
194 3246 320 3312 diximus,
336 3247 456 3316 pressius
470 3245 607 3315 principio
620 3261 704 3314 supra
714 3245 863 3299 enunciato
876 3249 905 3298 et
918 3243 1024 3300 notioni
1037 3247 1172 3315 propriae
1183 3243 1317 3314 irregula-

138 3353 233 3406 ritatis
242 3352 375 3408 adhaeret
384 3351 452 3406 adeo
463 3357 493 3405 ut
507 3351 634 3406 rideatur
646 3351 795 3421 aliqnando
808 3351 942 3405 nonnulla
955 3350 1151 3420 impedimenta
1162 3351 1265 3406 habere
1276 3351 1317 3404 uti

138 3461 311 3530 improprias
330 3459 413 3528 irreg.
430 3475 502 3529 quae
521 3475 536 3512 e
556 3464 653 3512 contra
664 3459 799 3528 propriae
811 3459 895 3527 irreg.
908 3462 980 3512 sunt.
994 3486 1028 3499 -
1042 3457 1100 3511 Hae
1119 3457 1152 3512 de
1171 3475 1200 3512 re
1216 3473 1317 3511 eonsu-

138 3567 214 3624 lendi
234 3573 299 3622 suut
318 3571 429 3638 praeter
447 3567 502 3621 iam
521 3566 631 3632 citatos,
645 3566 798 3632 (libatione,
817 3567 857 3620 De
869 3567 1137 3636 irrepalaritatibus,
1151 3565 1317 3631 Thesaurus,

142 3678 183 3732 De
193 3681 301 3746 poenis,
312 3675 425 3746 Sayrue,
437 3676 477 3730 De
490 3678 617 3730 censuris
630 3685 657 3729 et
669 3673 937 3742 irraaalaritatibas‚
949 3673 1082 3744 hayman,
1098 3673 1194 3727 Theoi.
1204 3673 1315 3735 moral,

143 3785 188 3838 lib.
204 3783 227 3849 1,
246 3794 324 3837 tract.
343 3784 372 3848 V,
390 3800 415 3854 p.
438 3783 468 3846 5,
489 3813 504 3824 -
525 3782 583 3836 Div.
604 3780 771 3852 Alpbonsus,
790 3782 887 3835 Tbcol.
900 3782 1010 3848 morel,
1029 3780 1089 3848 Vll,
1106 3797 1166 3851 cap.
1181 3783 1210 3848 5,
1230 3781 1318 3834 Boau-

139 3889 325 3962 ninghausen,
345 3891 386 3944 Da
410 3889 677 3959 irrepalaritatibas,
702 3885 845 3953 Stremlsr,
866 3887 906 3940 Da
927 3887 1026 3958 poeuis
1048 3887 1159 3953 eccles,
1182 3885 1243 3951 Vll,
1264 3885 1317 3940 Le-

141 3996 268 4063 hmkuhl,
292 3997 389 4050 Tbaol.
407 3996 519 4062 moral,
539 3994 578 4059 ΙῙ,
598 3994 675 4048 1002
693 4009 747 4064 seq.
768 3996 797 4046 et
819 3992 959 4060 Gasparri,
978 3993 1019 4044 Dc
1038 4009 1120 4046 sacra
1143 3992 1315 4060 ord.,·quem

142 4103 288 4158 [lectorem
307 4103 418 4170 saepius
436 4101 625 4156 laudabimus:
644 4099 734 4171 quoad
752 4098 897 4152 historiam
917 4099 950 4151 cf.
970 4099 1099 4162 maxime,
1112 4095 1318 4161 Thomassinus‚

141 4209 184 4262 De
203 4218 254 4263 vat.
275 4217 300 4262 et
320 4225 383 4261 noo.
403 4208 511 4276 discip,
531 4205 561 4260 P.
582 4205 621 4269 Il,
643 4206 687 4257 lib.
708 4205 732 4268 1,
751 4221 810 4274 cap.
832 4203 877 4254 56
894 4219 950 4272 seq.
970 4207 998 4256 et
1018 4201 1158 4271 Philipps,
1178 4202 1317 4255 Kircbea·

140 4317 228 4382 recbt,
248 4315 350 4387 gallice
370 4315 505 4370 redditum
523 4331 570 4384 per
584 4313 709 4378 Creuzot
722 4313 767 4365 Du
780 4313 854 4366 droit
867 4309 1074 4380 ecclesiastieae
1093 4313 1163 4364 dans
1181 4327 1225 4364 aas
1236 4309 1318 4379 pria-

142 4425 217 4494 cipes
237 4421 383 4494 pendeam
403 4423 449 4476 lib.
472 4421 592 4486 l,§⁴16
609 4437 664 4491 seq.
