3296 5108
757 731 936 798 TITULUS
961 733 1019 797 IX.

345 963 388 1008 DE
413 961 567 1009 DELlC'l'lS
592 964 633 1010 ET
659 963 776 1010 POENIS
796 965 830 1010 IN
848 965 1039 1025 conon3r03
1063 965 1215 1012 SClLlCE'l'
1241 967 1282 1012 DE
1307 966 1425 1012 POENIS

568 1087 604 1132 IN
629 1087 800 1137 Gnnvrona
826 1088 968 1135 DELIGTA
984 1088 1211 1136 OONSTITUTIS.

299 1341 516 1402 summarium.
537 1377 570 1389 -
589 1349 649 1402 322.
669 1349 792 1410 Quanam
813 1353 921 1406 ratione
941 1352 1020 1405 modo
1040 1369 1155 1422 agamus
1175 1353 1203 1404 ia
1220 1363 1347 1406 concreto
1361 1351 1394 1404 de
1414 1350 1487 1404 deli·

391 1456 444 1508 ctis
463 1461 491 1509 et
511 1458 612 1526 poenis.
633 1486 667 1498 -
686 1457 746 1512 323.
767 1458 890 1518 Quanam
912 1458 1050 1514 methodo.

391 1690 466 1758 322.
493 1691 659 1757 Hactenus
686 1691 917 1776 explicavimus
944 1691 1150 1758 abstractam
1179 1695 1341 1758 notionem
1366 1694 1486 1759 delicti

302 1820 333 1878 et
352 1833 496 1897 poenae.
530 1814 639 1878 Poena
669 1833 748 1878 vero
780 1815 987 1898 consequitur
1020 1814 1180 1896 delictum,
1213 1817 1329 1901 quippe
1358 1817 1483 1882 malurn

299 1939 408 2004 delicti
433 1939 648 2024 compescitur
671 1945 702 2003 et
725 1940 826 2004 veluti
850 1945 1078 2024 compensatur
1105 1961 1165 2026 per
1195 1940 1312 2005 bonum
1345 1961 1481 2026 poenae.

302 2066 468 2139 Quaenam
492 2067 556 2130 sint
579 2084 755 2150 poenarum
780 2084 902 2149 genera
931 2071 963 2130 et
993 2065 1116 2150 species
1148 2067 1209 2129 iarn
1242 2067 1482 2151 esplicavimus.

302 2188 396 2254 Modo
419 2187 608 2253 delictorum
633 2207 756 2274 genera
779 2194 812 2252 et
835 2189 959 2272 species
983 2186 1225 2253 enucleabimus
1240 2209 1279 2252 eo
1295 2189 1430 2254 consilio
1447 2195 1485 2254 ut

303 2329 529 2376 recenseamus
552 2311 705 2396 graviora
728 2311 864 2374 crimina
891 2315 923 2374 et
954 2330 1073 2394 poenas
1101 2330 1183 2395 qnae
1206 2312 1344 2375 crimina
1367 2330 1482 2375 conse-

300 2443 443 2520 quuntur
466 2457 509 2502 ex
532 2439 602 2502 iure
626 2456 696 2501 can.
722 2439 905 2501 constituto.

390 2559 466 2624 323.
484 2559 643 2625 Poenales
659 2579 738 2624 vero
759 2560 946 2645 graviorum
972 2562 1141 2624 criminum
1166 2562 1350 2626 sanctiones
1374 2563 1481 2627 eccle-

301 2684 446 2747 siasticas
470 2689 697 2746 enumerantes
713 2701 772 2765 pro
789 2684 933 2766 practica
949 2682 1110 2754 methodo,
1127 2683 1180 2749 cui
1199 2683 1373 2748 inhaerere
1393 2703 1481 2768 pres-

299 2810 365 2873 sius
389 2827 517 2892 semper
540 2807 728 2880 studuimus,
752 2826 959 2876 assumemus.
977 2807 1010 2870 in
1026 2809 1148 2891 primis,
1168 2807 1279 2874 Consi.
1296 2805 1363 2890 Ap.
1382 2809 1482 2874 Sedis

301 2931 446 2996 breviter
469 2929 703 3014 exponendam,
721 2932 752 2994 in
773 2949 836 3013 qua
851 2929 969 2995 delicta
992 2937 1098 2997 aetate
1122 2937 1235 2994 nostra
1255 2929 1481 3014 frequentiora

302 3062 334 3119 et
357 3057 458 3140 magis
485 3055 603 3119 inlesta
633 3053 818 3137 plectuntur
849 3055 994 3118 censuris
1019 3055 1038 3118 l.
1062 3074 1100 3134 a,
1126 3075 1241 3138 nempe
1272 3055 1335 3119 illis
1367 3057 1480 3140 poenis

298 3199 435 3262 quarum
458 3181 542 3244 liber
565 3201 640 3243 usus
664 3181 720 3242 vix
747 3179 834 3243 solus
866 3177 1032 3244 Ecclesiae
1065 3179 1160 3244 hodie
1192 3187 1321 3264 praesto
1351 3191 1411 3248 est.
1436 3183 1481 3250 At

302 3306 540 3368 meminerimus
572 3305 666 3368 etiam
698 3304 834 3367 aliorum
864 3305 1035 3368 criminum
1066 3304 1268 3388 aliarumque
1301 3325 1480 3390 poenarum

299 3427 322 3490 l.
347 3427 399 3490 vel
422 3425 447 3508 f.
472 3446 497 3492 s.
523 3427 648 3510 singulo
676 3427 803 3490 crimini
826 3425 1036 3504 adnexarum,
1062 3447 1198 3509 quorum
1226 3429 1367 3512 cognitio
1392 3429 1481 3493 utilis

302 3554 458 3622 videatur.
