3306 5102
557 335 599 380 un
623 333 778 380 onereris
802 334 843 379 ar
868 332 986 379 sonnis
1295 313 1361 378 353

182 459 330 542 infamia
345 459 428 542 sacti
441 479 522 544 quae
538 459 613 525 inde
624 460 773 526 aufertur
786 479 845 544 per
857 459 1113 540 conversionem,
1126 460 1359 525 absolutionem

183 589 217 649 et
238 583 397 668 publicam
422 602 572 648 errorum
596 569 869 648 retractationem.
895 582 1002 647 Porro
1027 583 1109 646 ratio
1132 580 1171 646 ob
1196 601 1289 667 quam
1313 584 1359 648 illi

182 729 370 794 persuasum
386 714 444 782 est,
461 708 641 774 huiusmodi
658 708 934 794 irregularitatem
950 727 1014 773 non
1031 708 1112 771 oriri
1134 719 1180 772 em
1202 705 1359 790 infamio,

182 841 232 900 est
255 835 366 900 eadem
389 835 640 920 irregularitatis
659 834 831 918 antiquitas
847 852 928 918 pene
951 833 1145 916 apostolica.
1164 835 1254 898 'lunc
1270 853 1359 906 vero,

181 957 323 1026 advertit
346 961 479 1032 Auctor,
505 980 569 1026 nttn
593 959 725 1046 vigebat
749 960 974 1044 irregularitas
996 977 1041 1024 em
1063 957 1211 1040 iufamia
1235 959 1291 1045 (l).
1433 925 1439 942 ⁶

270 1084 347 1150 264.
373 1085 495 1152 Verum
512 1087 544 1150 in
563 1087 635 1152 iure
658 1087 760 1171 magis
776 1085 904 1150 videtur
927 1084 1061 1152 fundata
1083 1087 1242 1152 sententia
1258 1084 1359 1152 D’An-

183 1209 290 1274 nibale
312 1215 345 1275 et
367 1210 452 1275 hanc
475 1231 602 1295 sequor.
620 1247 635 1258 -
658 1212 737 1276 Nam
762 1210 952 1276 documenta
975 1210 1073 1276 allata
1095 1231 1115 1274 a
1138 1212 1179 1275 cl.
1205 1212 1359 1296 Gasparri

182 1335 320 1421 probant
336 1337 610 1421 irregularitatem
628 1357 670 1402 ex
686 1337 825 1407 haeresi,
839 1335 894 1402 sed
907 1334 1082 1401 nullimode
1099 1337 1260 1410 evincunt,
1275 1337 1360 1402 banc

181 1463 356 1546 provenire
379 1483 422 1527 ex
444 1463 518 1546 ipso
542 1463 673 1544 delicto,
697 1483 763 1527 nou
787 1482 832 1530 em
855 1461 1011 1544 infamia.
1037 1463 1090 1527 Ex
1112 1461 1249 1528 adverso
1273 1463 1360 1529 inira

181 1588 382 1673 explicantes
404 1607 562 1672 quaenam
579 1607 737 1672 personae
761 1589 956 1652 contrahant
971 1587 1057 1653 hanc
1073 1588 1358 1674 irregularitatem,

181 1720 290 1779 textus
312 1713 508 1778 adducemus
532 1713 645 1797 quibus
661 1713 701 1778 de
716 1713 958 1798 irregularitate
973 1732 1018 1778 eac
1034 1712 1181 1795 infamia
1198 1715 1230 1777 in
1247 1711 1359 1779 haere

179 1839 261 1903 ticos
284 1837 370 1904 edita
392 1858 546 1923 expresse
569 1843 714 1904 cavetur.

270 1965 404 2030 Demum
417 1966 491 2049 quia
506 1963 546 2029 cl.
560 1965 715 2067 Gasparrli
729 1964 879 2048 opinatur
891 1962 1071 2028 huiusmodi
1085 1963 1358 2047 irregularitatem

181 2091 352 2154 incurrere
383 2090 550 2155 dumtaxat
579 2088 762 2155 haereticos
793 2087 936 2155 addictos
968 2093 1076 2155 sectae
1100 2087 1278 2160 damnatae,
1306 2090 1357 2153 vel

180 2215 363 2280 haereticos
377 2215 592 2299 personaliter
616 2234 674 2300 per
698 2215 888 2280 seutentiam
906 2214 1081 2304 damnatos,
1099 2215 1191 2278 istam
1207 2233 1286 2278 vero
1311 2215 1357 2279 et-

180 2339 296 2424 iugere
319 2339 501 2404 haereticos
520 2338 676 2422 publicos
691 2337 747 2403 sed
763 2357 827 2402 non
844 2337 1024 2404 damnatos
1040 2337 1213 2410 sententia,
1231 2337 1359 2405 videtur

179 2463 349 2530 admittere
365 2465 517 2548 implicite
531 2463 803 2548 irregularitatem
818 2463 940 2528 incurri
957 2481 1000 2528 ex
1016 2463 1230 2537 damnatione,
1243 2483 1358 2548 nempe

180 2607 222 2655 ex
246 2592 406 2656 sententia
430 2589 550 2671 iudicis,
567 2589 713 2674 generali
738 2591 898 2654 sententia
918 2588 1098 2654 damnantis
1119 2589 1286 2672 quamdam
1312 2612 1358 2656 se·

180 2722 264 2780 ctam
288 2717 525 2781 haeretieorum
552 2714 602 2780 vel
632 2714 841 2799 peculiariter
871 2715 1067 2800 singularem
1100 2715 1261 2782 hominem
1285 2735 1359 2780 con·

180 2842 370 2906 demnantis.
388 2840 450 2906 Sed
474 2840 700 2924 irregularitas
715 2859 797 2922 quae
813 2838 1017 2905 contrahitur
1040 2859 1082 2904 ex
1105 2841 1266 2906 sententia
1285 2859 1358 2904 eon·

179 2967 392 3032 demnetionis
415 2985 479 3030 non
504 2970 608 3051 potest
631 2935 701 3030 esse
718 2966 779 3029 nisi
796 2965 1021 3050 irregularitas
1036 2984 1082 3030 ece
1100 2965 1257 3047 infamia.
1275 2985 1357 3050 quae

179 3091 387 3174 consequitur
417 3091 519 3174 ipsum
553 3090 676 3154 crimen
705 3088 899 3154 iudicialiter
925 3089 1152 3154 denunciatum
1179 3091 1232 3155 rel
1255 3092 1356 3176 ipsam

178 3235 324 3300 poenam.
343 3217 423 3284 Nam
447 3216 673 3300 irregularitas
696 3213 760 3296 fer.
776 3220 858 3280 seat.
877 3233 941 3278 non
962 3215 1162 3300 intelligitur.
1180 3219 1213 3286 at
1229 3236 1357 3301 semper

179 3343 359 3408 incurritur
381 3341 454 3424 ipso
480 3341 583 3424 facto,
615 3341 655 3405 ad
683 3342 788 3405 instar
813 3339 1154 3423 quasi-inhabilitatis,
1185 3343 1231 3408 uti
1264 3341 1357 3407 docet

178 3467 248 3550 ipse
270 3465 310 3530 cl.
337 3467 491 3550 Gasparri
516 3485 547 3529 n.
577 3465 639 3530 164
662 3462 720 3551 (2).

268 3729 308 3799 (l)
326 3729 379 3784 Sed
398 3729 468 3784 baec
487 3730 604 3784 assertio
622 3746 677 3783 non
697 3729 806 3784 videtur
824 3731 980 3785 omnimode
994 3732 1105 3786 veritati
1119 3731 1278 3798 cohaerere,
1291 3735 1357 3804 quia

178 3855 263 3906 supra
281 3837 399 3891 vidimus
417 3835 581 3906 Apostolum
601 3837 719 3890 Paulum
739 3837 915 3906 expostulare
936 3854 985 3906 pro
1010 3839 1143 3891 ministris
1161 3838 1267 3904 altaris,
1287 3841 1356 3894 fide-

177 3944 247 3998 lium
274 3946 374 3998 bonum
399 3945 586 3998 testimoniam
607 3944 676 3998 adeo
695 3948 726 3997 ut
745 3948 838 3998 essent
856 3945 1127 4015 irreprehensibiles,
1147 3962 1245 4016 nempe
1271 3948 1356 4001 etiam

177 4047 267 4120 quoad
283 4050 428 4120 publicam
440 4053 555 4122 famam.
569 4049 720 4105 Praeterea
733 4048 875 4104 Ecclesiae
894 4050 1041 4120 disciplina
1059 4052 1088 4105 in
1107 4051 1263 4106 haereticos
1276 4055 1356 4108 modo

178 4155 333 4224 benignior,
362 4155 443 4209 modo
470 4155 593 4210 severior
618 4155 714 4210 habita
742 4160 791 4210 est.
820 4156 860 4208 Cf.
886 4155 1106 4224 Thomassinum,
1132 4157 1163 4211 P.
1190 4157 1229 4224 11,
1259 4160 1305 4212 lib.
1332 4160 1354 4226 1,

166 4278 237 4337 neap.
260 4261 300 4313 62
318 4277 358 4331 sq.

266 4369 306 4435 (2)
326 4369 398 4421 Sane
411 4369 433 4422 si
447 4368 618 4436 admittetur,
633 4367 869 4436 irregularitatem
884 4369 1029 4438 provenire
1048 4386 1082 4423 ex
1100 4373 1160 4440 ipso
1173 4373 1276 4424 delicto
1291 4369 1355 4424 bae·

178 4476 256 4542 rosis,
275 4477 343 4530 satis
362 4493 418 4531 non
437 4477 566 4532 videntur
586 4477 695 4546 probari
721 4477 900 4532 limitationes
918 4495 935 4531 a
953 4477 1084 4546 Gasparri
1110 4479 1267 4547 appositae,
1287 4479 1354 4547 quin

286 4585 346 4638 Soc.
366 4585 444 4655 Lege
1175 4585 1209 4639 23
1278 4621 1281 4630 .
