3306 5102
525 311 569 356 nn
592 309 746 358 onereris
770 311 813 358 nr
837 269 956 358 nonnis
1264 293 1329 360 331·

241 431 317 498 236.
342 433 573 520 Irreguleritas
596 453 679 518 quae
702 441 819 500 natura
842 454 900 500 sua
916 435 1056 520 pertinet
1078 435 1118 499 ad
1142 435 1247 500 lorum
1272 456 1331 502 ex2

151 561 292 638 ternum,
317 577 381 622 non
405 557 553 643 producit
574 579 665 624 suum
682 555 832 626 effectum
856 559 888 624 in
912 559 984 624 foro
1001 563 1138 624 externo
1161 561 1223 624 nisi
1245 560 1330 627 iuri-

151 679 226 746 dice
249 679 289 744 de
312 677 424 746 eadem
447 686 589 758 constet;
614 681 738 748 scilicet
760 681 880 747 factum
904 680 989 747 unde
1013 682 1238 768 irregularitas
1260 702 1332 768 pro·

151 804 252 876 venit.
275 824 341 870 non
363 809 469 891 potest
497 808 661 892 praesumi
688 805 744 872 sed
771 807 925 892 legitimis
954 806 1196 892 probationibus
1226 810 1331 874 evinci

151 929 255 998 debet.
281 930 495 1006 Quamobrem
523 933 563 998 ad
593 932 817 1018 repellendum
848 934 986 1018 aliquem
1018 933 1059 999 ab
1087 934 1192 1009 altari,
1216 937 1332 1020 quippe

152 1057 368 1144 irregularem
391 1058 431 1124 eb
454 1057 617 1126 defectum
632 1059 798 1141 natalium,
815 1065 926 1146 utpote
942 1066 1049 1125 ortum
1074 1079 1116 1124 ex
1132 1079 1332 1143 quocumque

153 1180 303 1247 damnato
326 1181 420 1257 coitu,
444 1201 511 1247 non
535 1179 652 1248 sufficit
675 1182 831 1248 invocare
853 1181 1013 1268 publicam
1036 1182 1165 1255 sarnam,
1183 1185 1332 1268 suspicio

151 1326 237 1387 nem,
253 1307 354 1392 ipsam
377 1310 547 1392 parentum
571 1305 817 1382 confessionem,
834 1308 909 1393 quie
933 1312 1101 1374 constante
1128 1308 1332 1374 matrimonio

151 1432 241 1516 viget
262 1431 319 1496 illa
342 1432 422 1496 iuris
446 1432 672 1517 praesumptio.
700 1431 772 1498 ‹ls
794 1437 898 1515 potor
928 1437 976 1499 est
1004 1451 1105 1516 quem
1137 1432 1246 1500 iustae
1267 1453 1331 1500 au·

146 1557 243 1640 ptioe
266 1558 535 1624 demonstrant>
560 1576 604 1624 ex
627 1559 649 1624 l.
674 1558 708 1639 5,
731 1558 836 1642 fflDe
858 1558 895 1624 in
918 1558 972 1624 ius
987 1577 1069 1633 voa,
1095 1563 1127 1623 et
1150 1557 1253 1642 quoad
1277 1577 1330 1644 pa

151 1686 280 1746 rentum
304 1680 548 1754 consessionem,
573 1681 660 1746 valet
683 1681 886 1766 principium,
911 1700 953 1745 ex
978 1681 1041 1767 lep.
1062 1681 1096 1756 5,
1122 1679 1155 1746 0.
1172 1681 1222 1748 De
1244 1701 1330 1747 serm.

146 1804 244 1890 pipo.
276 1805 365 1872 dato.
401 1803 550 1872 «Nemo
582 1811 734 1872 meretur
763 1806 866 1890 fidem
896 1805 1051 1892 allegans
1083 1805 1331 1889 turpitudinem

150 1948 251 1994 suam
275 1949 306 1994 a.
330 1929 430 2014 Lego,
463 1928 517 1995 De
546 1929 622 1995 iust.
648 1927 755 2016 (XIII,
784 1927 850 2013 26).
883 1928 1026 1995 Proinde
1056 1935 1207 1996 constare
1238 1929 1332 1996 debet

150 2054 263 2122 medio
287 2054 401 2140 atiquo
424 2053 572 2123 iuridico
595 2054 636 2120 de
660 2055 812 2120 natalium
843 2054 982 2127 defectu,
1006 2071 1047 2127 et,
1073 2055 1106 2119 in
1134 2055 1330 2128 universum,

151 2175 293 2260 possidet
316 2176 485 2262 integritas
497 2181 605 2244 status
626 2177 759 2243 moralis
782 2181 815 2240 et
837 2175 965 2242 iuridici
989 2177 1217 2260 cuiuscumque
1241 2177 1329 2250 civis.

150 2300 255 2365 donec
278 2301 368 2365 clare
390 2300 536 2367 defectus
560 2307 615 2368 aut
637 2301 790 2367 delictum
812 2301 847 2365 in
871 2300 1014 2387 probatis
1042 2301 1200 2375 extiterit,
1225 2300 1265 2366 ad
1288 2302 1331 2366 ir-

149 2425 373 2508 regularitatis
389 2426 650 2510 impedimentum
667 2425 950 2512 comprobandum.
967 2426 1062 2491 Hanc
1086 2424 1267 2492 doctrinam
1285 2445 1332 2490 so·

149 2554 303 2618 lemniter
314 2551 517 2619 confirmavit
528 2553 559 2619 S.
574 2554 607 2620 0.
621 2553 716 2620 Cone.
732 2555 764 2619 in
781 2553 997 2640 Syracusana,
1014 2552 1065 2617 27
1082 2553 1159 2617 lun.
1173 2551 1263 2616 1857
1274 2551 1331 2638 (2).

150 2673 320 2760 Agebatur
343 2672 383 2739 de
406 2675 643 2760 dispensatione
659 2675 699 2740 ab
716 2675 778 2740 hac
795 2674 1037 2761 irregularitate
1061 2673 1101 2739 ab
1126 2694 1164 2739 eo
1189 2675 1332 2760 expetita

150 2801 206 2884 qui
229 2801 321 2866 iuxta
342 2800 443 2866 libros
466 2800 668 2886 parochiales
693 2805 725 2866 et
747 2799 848 2865 libros
875 2819 992 2865 census
1022 2798 1126 2865 civilis
1156 2797 1333 2885 apparebat

149 2922 293 3010 legitime
309 2928 418 3000 natus;
443 2924 499 2990 sad
523 2944 543 2989 a
566 2923 752 3009 parentibus
777 2927 809 2989 et
832 2943 851 2988 a
874 2922 1003 3009 publica
1026 2923 1113 2988 fama
1128 2923 1331 2988 adulterinus

151 3048 335 3126 dicebatur;
359 3054 392 3116 et
415 3051 446 3116 S.
471 3050 505 3116 0.
530 3049 709 3137 respondit:
731 3068 836 3115 «aaa
859 3049 1048 3136 indigere»
1068 3067 1183 3133 nempe
1206 3047 1331 3132 dispen-

150 3171 288 3237 satione.

241 3299 456 3374 Quamobrem
473 3297 556 3365 filius
573 3304 668 3365 natus
684 3303 851 3365 constante
866 3298 1009 3384 legitimo
1023 3298 1225 3362 matrimonio
1241 3316 1333 3384 prae·

151 3425 289 3489 sumitur
310 3423 472 3510 legitimus
488 3425 632 3509 quamvis
655 3424 783 3508 publica
805 3423 893 3488 sarna
916 3429 949 3488 et
970 3423 1159 3488 alterutrius
1176 3423 1331 3508 coniugis,

150 3549 205 3614 vel
227 3550 394 3634 utriusque
417 3549 576 3615 confessio
598 3548 686 3614 aliud
709 3547 892 3630 contendat,
917 3547 1002 3613 unde
1025 3566 1090 3612 non
1114 3547 1219 3614 obstat
1248 3547 1332 3611 irre·

151 3673 321 3760 gularitns,
342 3673 445 3739 donec
469 3672 603 3738 iuridice
626 3674 688 3738 iste
710 3674 889 3738 evincatur.
906 3673 1025 3758 Utputa
1041 3673 1067 3738 si
1084 3677 1210 3736 constet
1225 3670 1331 3735 virum

151 3800 341 3885 impotentia
370 3798 544 3873 laborasse,
568 3803 624 3863 aut
651 3818 711 3884 per
734 3798 920 3866 diuturnum
948 3804 1073 3883 tempus
1104 3795 1255 3878 abluisse,
1279 3797 1332 3861 vel

150 3921 252 3989 filium
276 3923 395 3988 editum
418 3922 518 3988 fuisse
536 3921 602 3987 300
625 3922 693 3988 dies
716 3927 786 4008 post
807 3923 913 3987 mariti
937 3926 1082 4002 mortem,
1108 3920 1191 3985 haec
1215 3926 1247 3985 et
1269 3920 1333 3987 alia

149 4047 248 4112 huius
263 4047 394 4132 generis
416 4045 494 4114 talia
516 4051 591 4112 sunt
612 4044 805 4112 documenta
824 4044 938 4129 quibus
963 4045 996 4110 in
1018 4051 1131 4130 aperto
1154 4044 1333 4110 collocatur

242 4329 281 4400 (2)
300 4326 341 4383 01.
360 4330 431 4383 Acta
451 4329 477 4382 S.
498 4327 623 4396 Sedial,
643 4345 667 4398 p.
681 4327 734 4382 350
753 4334 782 4384 et
805 4329 911 4384 Causae
931 4327 1056 4384 Setactae
1074 4329 1104 4383 in
1122 4327 1206 4398 coep.
1223 4326 1327 4381 Gemit.

148 4437 313 4507 propositae
323 4453 378 4506 per
389 4435 549 4492 summaria
558 4453 678 4508 precum
690 4465 704 4479 -
715 4435 832 4506 Lingen.
846 4439 875 4491 et
886 4435 982 4491 Reuss.
993 4464 1007 4478 ·
1018 4435 1199 4502 Ratisbonae,
1212 4451 1237 4503 p.
1247 4433 1282 4488 97
1292 4449 1332 4504 sq.
