3290 5100
546 329 590 374 na
613 327 767 376 nameus
791 329 834 376 ur
856 327 975 375 rossus
1286 305 1352 372 505

173 451 313 523 ciuntur,
330 455 366 516 ut
385 451 431 516 illi
455 455 582 518 cessent
604 450 644 515 ab
668 451 828 516 exercitio
844 449 1081 516 iurisdictionis.
1101 449 1219 522 -Quia
1241 468 1351 514 versa·

174 595 247 640 mur
269 575 306 641 iu
329 575 463 650 odiosis,
488 577 542 660 qui
566 595 586 641 e
609 595 769 641 converso
786 574 982 660 compellunt
998 574 1165 639 Ecclesiae
1182 573 1352 640 Praelatos

173 705 207 765 et
229 700 391 765 ministros
415 700 539 766 directe
565 699 618 764 vel
641 699 805 766 indirecte
828 705 863 764 ut
886 705 1065 764 exerceant
1087 697 1351 771 iurisdictionem,

175 820 332 910 effugiunt
350 824 445 892 ,hanc
476 842 646 890 censuram
673 830 706 889 et
728 823 834 909 palam
859 829 917 888 est.
942 824 1040 897 Item,
1065 824 1141 907 quia
1164 825 1195 886 in
1221 843 1258 888 re
1281 841 1353 908 poe·

175 945 242 1012 nali
264 967 444 1021 versamur,
470 948 572 1014 verba
594 968 666 1014 cum
690 943 810 1014 affectu
838 946 1026 1033 accipienda
1056 951 1132 1012 sunt
1162 967 1220 1013 seu
1249 966 1353 1032 poena

174 1071 327 1157 plectitur
341 1073 466 1138 crimen
482 1077 746 1138 consummatum.
766 1071 978 1137 Nihilominus
996 1069 1180 1136 Lehmkuhl
1203 1072 1354 1156 opinatur

175 1194 231 1279 (ΙΙ,
257 1195 334 1283 929)
359 1193 508 1262 sufficere
525 1198 686 1262 actionem
704 1217 747 1262 ex
762 1201 882 1262 natura
905 1215 962 1261 sua
984 1195 1201 1282 impeditivam
1218 1196 1351 1281 positam

175 1323 289 1395 fuisse.
314 1342 416 1406 neque
440 1323 677 1407 inquirendum,
703 1343 779 1388 num
812 1343 851 1387 ea
872 1324 957 1388 actio
981 1343 1018 1387 re
1046 1323 1115 1408 ipsa
1146 1322 1352 1409 Superiorem

140 1513 144 1522 ,
174 1446 365 1532 impedierit.
380 1446 440 1512 Sed
459 1445 658 1512 D'Anuibale
676 1446 805 1542 Contra.
823 1447 876 1512 cil.
892 1468 926 1511 u.
944 1446 993 1513 59
1008 1447 1066 1512 ait:
1086 1445 1352 1530 «Incedentes,

174 1573 199 1636 si
218 1592 334 1657 nempe
349 1572 608 1656 impedimentum
627 1567 779 1640 effectum
796 1571 948 1639 habuerit
964 1593 993 1636 s.
1013 1573 1055 1638 Et
1070 1571 1158 1638 hunc
1179 1574 1351 1657 sequimur.

174 1693 222 1760 Gt.
247 1714 346 1780 supra
368 1715 399 1758 n.
427 1694 653 1779 lassaron
685 1697 822 1761 interest
852 1715 931 1760 vero
961 1713 1003 1758 an
1034 1695 1104 1778 quis
1127 1696 1269 1778 priamo
1299 1696 1352 1762 vel

172 1819 310 1903 publica
332 1823 524 1886 auctoritate
548 1819 712 1907 impediat.
1198 1823 1200 1826 ’

263 1943 339 2008 442.
365 1945 470 2009 Porro
485 1944 672 2030 plectuntur
686 1945 752 2010 hac
769 1963 908 2010 censura
921 1979 938 1992 -
953 1949 983 2010 et
998 1945 1045 2012 ad
1062 1945 1124 2011 boc
1140 1949 1354 2036 recurrentes

173 2070 221 2134 ad
242 2068 359 2152 sorum
383 2071 559 2136 saeculare
582 2071 724 2156 eiusque
747 2071 914 2136 mandatu
940 2076 1181 2152 procurantes.
1198 2106 1216 2119 ·
1235 2071 1355 2135 Petrus

175 2194 333 2260 Avanzini
356 2196 389 2258 in
414 2215 471 2259 suo
495 2197 726 2261 commentario
754 2215 787 2260 u.
808 2196 844 2260 ,11
870 2196 1088 2280 quaestionem
1106 2197 1169 2259 iam
1185 2195 1295 2268 movit,
1311 2215 1353 2260 an

174 2317 256 2382 haec
279 2317 320 2383 sit
343 2338 408 2383 una
430 2319 555 2405 species
576 2318 828 2405 impedientium,
845 2325 901 2385 aut
918 2319 1020 2404 potius
1044 2337 1107 2383 una
1132 2339 1174 2384 ex
1197 2318 1353 2384 conditio-

175 2444 268 2510 nibus
295 2443 336 2510 ad
366 2443 595 2510 incurrendam
628 2449 799 2511 censuram
826 2449 941 2510 contra
970 2444 1180 2529 impedientes
1207 2443 1315 2508 latam.
1334 2480 1352 2493 -

177 2570 327 2634 lamvero
350 2569 442 2634 hisce
472 2569 581 2634 verbis
611 2571 773 2637 contineri
805 2588 900 2636 uuam
932 2570 1070 2656 speciem
1101 2570 1353 2656 impedientium.

175 2693 383 2778 eamdemque
413 2694 518 2768 hodie,
551 2695 635 2760 malo
657 2694 734 2768 fato,
760 2695 963 2778 frequentem
989 2698 1022 2758 et
1044 2695 1146 2780 magis
1169 2693 1353 2768 timendam,

175 2820 272 2887 facile
294 2818 468 2904 persuadet
490 2825 598 2886 textus
618 2821 694 2904 quia
710 2819 874 2905 particula
893 2825 923 2886 et
945 2820 1128 2903 aequivalet
1143 2817 1355 2885 disiunctivae

174 2943 236 3015 uel,
254 2942 300 3006 uti
324 2940 508 3027 expostulat
530 2939 676 3008 subiecta
698 2941 837 3007 materia
857 2944 890 3005 et
906 2944 954 3005 est
968 2941 1119 3004 usitatum
1135 2941 1168 3004 in
1185 2941 1265 3012 iure,
1283 2959 1354 3026 arg.

175 3067 196 3131 l.
221 3064 272 3132 53
294 3065 344 3131 De
366 3065 456 3133 verb.
481 3066 596 3153 aquis.
623 3103 641 3116 -
667 3065 885 3142 Quamobrem
915 3072 1130 3133 recurrentes
1161 3067 1208 3133 ad
1236 3066 1355 3150 sorum

173 3191 351 3256 saeculare
381 3195 456 3254 sunt
486 3192 539 3274 qui
567 3187 609 3254 ad
636 3189 744 3256 forum
775 3191 944 3256 saeculare
975 3211 1032 3256 seu
1060 3191 1105 3256 ad
1132 3192 1356 3278 mapistrutus

176 3333 343 3379 recursum
368 3313 489 3379 habeut
512 3319 547 3380 ut
569 3313 604 3378 hi
629 3312 782 3382 mandata
805 3314 903 3380 edant
917 3313 1102 3400 impeditiva
1125 3315 1356 3382 iurisdictionis

175 3438 292 3503 eccles.
308 3473 325 3486 -
339 3435 539 3504 D'Aunibale
551 3439 572 3503 l.
586 3458 613 3504 c.
629 3438 753 3503 mavult
767 3437 886 3522 forum
897 3441 1074 3506 saeculare
1086 3440 1222 3526 intelligi
1237 3440 1356 3524 sorum

174 3560 347 3645 iudiciale·
358 3560 414 3625 sed
431 3561 506 3644 quia
519 3559 638 3643 forum
652 3560 832 3626 saeculare
848 3560 1021 3644 opponitur
1036 3561 1257 3627 ecclesiastico
1271 3562 1355 3626 latis·

175 3685 255 3751 sime
266 3691 391 3771 sumpto
404 3687 505 3772 magis
518 3686 624 3772 placet
635 3685 703 3751 lata
716 3685 941 3770 interpretatio
953 3685 1233 3770 comprehendens
1249 3706 1356 3770 quam·

176 3829 312 3894 cumque
324 3810 464 3894 speciem
480 3811 735 3896 magistratuum.
750 3808 814 3875 Sed
830 3808 902 3874 ideo
918 3829 1096 3876 recurrens
1112 3830 1252 3876 censura
1268 3812 1356 3897 puni-

174 3937 334 4017 turquum
346 3935 482 4000 sortitur
491 3931 640 4000 effectum
654 3953 709 3998 seu
723 3931 1021 3999 abtinetmaudata
1030 3933 1087 3999 edi
1099 3935 1146 4000 ud
1158 3934 1357 4001 instantiam

175 4059 392 4124 recuwentis.
412 4060 491 4124 Naiu
508 4059 534 4124 si
551 4060 761 4144 magistratus
784 4059 853 4145 ipse
876 4077 922 4124 ea
944 4057 1053 4142 officio
1075 4058 1259 4124 mandatum
1279 4059 1356 4132 edit.

175 4183 245 4268 ipse
260 4182 399 4248 incurrit
422 4183 594 4249 censuram
611 4185 710 4248 latam
727 4183 825 4248 etiam
840 4183 877 4248 iu
893 4183 1041 4266 edentes·
1056 4203 1232 4248 recurrens
1248 4189 1355 4251 autem

175 4323 222 4370 eac
243 4299 312 4372 atio
336 4305 446 4389 capite
461 4325 631 4371 censuram
649 4305 771 4371 subibit
787 4304 838 4370 vel
856 4306 931 4388 quia
954 4305 996 4371 de
1018 4305 1109 4389 sucta
1134 4305 1288 4389 impediit
1303 4305 1358 4370 vel

176 4429 251 4512 quia
267 4429 455 4514 consilium,
472 4431 654 4504 auritium,
671 4429 829 4513 fauorem
848 4428 1018 4514 praestitit.
1038 4464 1055 4477 -
1073 4428 1135 4495 Sed
1152 4429 1359 4494 haecomnia
