3290 5100
797 690 911 756 Carus
936 691 994 754 lV.

308 907 351 958 DE
370 907 413 958 llS
432 906 494 967 QUl
518 907 625 960 nenti
647 905 798 968 lNlURlA,
819 904 985 958 NlmlrtUM
1007 901 1043 955 lN
1063 902 1207 956 CORPUS
1227 901 1489 968 PERPETRATA‚

394 1010 590 1065 AFPIClUNl'
606 1009 676 1064 VEL
692 1009 879 1063 PERSONAS
894 1007 1169 1062 ECGLESIASTICA
1189 1007 1384 1062 DlGNlTATE
1402 1008 1491 1062 POL-

395 1118 533 1172 LENTES
554 1117 625 1172 VEL
645 1115 819 1172 ceruices
839 1114 1101 1177 QUOSCUMQUE.

304 1347 521 1405 summarium.
533 1377 569 1390 -
581 1349 641 1404 456.
663 1347 692 1402 lu
712 1364 830 1402 censura
848 1364 920 1418 quae
939 1348 1100 1401 continetur
1119 1348 1147 1400 in
1167 1357 1220 1400 art.
1241 1347 1268 1414 V,
1281 1347 1374 1401 Goust.
1388 1351 1488 1417 Apost.

394 1458 474 1512 Sedis
492 1459 566 1510 inter
585 1473 720 1510 excomm.
740 1471 781 1525 sp.
801 1455 830 1508 in
850 1456 881 1508 P.
901 1471 956 1509 res.
975 1460 1004 1509 et
1023 1459 1107 1510 antea
1127 1456 1153 1508 in
1173 1454 1256 1508 Bulla
1274 1453 1421 1519 Cannae&
1445 1455 1489 1520 ll,

392 1563 510 1618 habetur
529 1561 664 1635 quaedam
683 1563 790 1632 species
810 1563 960 1633 Privitepit
979 1567 1093 1618 aaronis
1112 1577 1163 1632 pro
1181 1567 1258 1617 certo
1280 1579 1383 1632 genere
1402 1579 1490 1632 prae-

392 1671 554 1727 cellentium
575 1687 761 1740 personarum.
781 1699 815 1712 -
834 1669 895 1724 457.
915 1669 1071 1740 Exponitur
1091 1673 1185 1725 textus
1202 1668 1285 1723 huius
1306 1667 1431 1724 articuli.
1452 1698 1489 1710 —

390 1778 452 1832 458.
473 1777 635 1848 Explicatur
658 1789 711 1832 art.
730 1779 759 1846 2,
778 1777 872 1832 Const.
892 1780 986 1849 Apose.
1008 1779 1088 1833 Sedis
1112 1779 1187 1832 inter
1212 1793 1346 1833 excomm.
1372 1777 1486 1846 simpli-

391 1887 462 1940 citer
482 1891 636 1940 reservatas
656 1885 733 1938 Rom.
754 1886 834 1939 Pont.
855 1885 902 1938 ubi
922 1885 1082 1940 continetur
1096 1885 1284 1955 Privilepium
1302 1885 1431 1939 Carrenis.
1451 1913 1490 1924 —-

392 1993 453 2047 459.
473 1993 587 2053 Quando
606 1992 857 2046 excommunicatio
877 1993 990 2046 canonis
1009 1993 1046 2044 sit
1066 1996 1216 2046 reservata.
1229 2021 1264 2033 -
1277 1991 1338 2045 460.
1359 1991 1398 2044 De
1417 2007 1490 2044 cen·

392 2115 458 2154 sura
476 2098 494 2152 1.
514 2119 535 2152 s.
555 2099 658 2153 nemini
679 2103 821 2153 reservata
846 2099 905 2152 lata
930 2099 957 2152 in
984 2097 1127 2152 laedentes
1151 2101 1201 2151 erit
1223 2097 1490 2166 perterrefacientes

392 2221 525 2274 personas
544 2203 570 2258 S.
589 2203 687 2258 Officio
706 2203 838 2270 addictas,
857 2204 886 2258 in
905 2203 999 2258 odium
1018 2202 1140 2258 eiusdem
1160 2202 1187 2255 S.
1206 2201 1303 2256 Officii.

393 2439 467 2506 456.
494 2441 631 2507 Praeter
647 2442 717 2525 ipsa
732 2440 806 2505 iura
822 2439 989 2504 Ecclesiae
1005 2437 1045 2502 ab
1061 2437 1323 2524 usurpationibus
1339 2443 1374 2503 et
1388 2457 1486 2503 ever·

301 2565 441 2632 sionibus
465 2566 532 2632 sive
556 2565 692 2652 publicis
715 2566 784 2630 sive
800 2567 935 2651 privatis
951 2563 1164 2638 defendenda,
1182 2583 1340 2651 personae
1355 2584 1488 2648 quoque

301 2687 549 2770 ecclesiasticae,
566 2709 625 2756 eae
641 2691 838 2775 potissimum
855 2708 937 2774 quae
953 2689 1206 2776 praecellentem
1223 2689 1344 2754 habent
1367 2697 1486 2755 aucto-

301 2817 439 2888 ritatem,
457 2816 676 2903 protegendae
700 2822 794 2882 erant
809 2816 848 2882 ab
867 2817 991 2882 iniuriis
1008 2815 1123 2900 quibus
1146 2816 1223 2880 meli
1242 2816 1391 2881 homines
1415 2837 1486 2896 ene,

302 2941 460 3007 violenter
484 2961 601 3024 corpus
631 2937 842 3023 offendentes,
865 2939 998 3008 afficere
1028 2941 1157 3007 audent.
1184 2977 1201 2990 -
1229 2941 1424 3028 Iampridem
1450 2943 1484 3008 in

303 3067 399 3132 (lonc.
433 3065 651 3130 Laterenense
673 3067 704 3130 ll
731 3067 937 3131 Innocentius
963 3067 993 3130 ll
1017 3065 1196 3132 incelebri
1227 3085 1317 3133 can:
1343 3069 1487 3153 Siquis

300 3191 464 3257 erodente
486 3189 634 3266 diabulo,
660 3191 797 3275 perculit
826 3193 1160 3257 excommunicatione
1183 3193 1222 3258 R.
1248 3193 1287 3257 Ρ.
1312 3199 1486 3259 reservata

300 3314 458 3380 violentas
474 3334 586 3380 manus
602 3316 635 3380 in
651 3317 789 3382 clericos
802 3317 992 3382 iniieientes.
1009 3317 1103 3383 Hanc
1115 3320 1484 3385 excommunicationem

193 3535 194 3540 ἵ
301 3460 396 3525 quam
416 3438 554 3525 probant
569 3439 697 3523 eruditi,
714 3441 853 3506 omnium
869 3442 1006 3526 primam
1021 3441 1096 3524 ipso
1112 3441 1189 3508 iure
1211 3462 1272 3508 seu
1288 3443 1360 3526 ipso
1376 3443 1484 3526 facto.

300 3565 528 3631 incurrendam
552 3565 651 3631 fuisse
674 3566 848 3648 inductam,
873 3568 980 3632 Consi.
1007 3567 1122 3650 Apost.
1148 3565 1246 3634 Sedis
1273 3571 1484 3634 conservarit

300 3692 386 3756 inter
408 3711 564 3755 excomm.
588 3691 780 3776 simpliciter
805 3694 912 3777 Papae
940 3709 1064 3756 reserv.
1089 3692 1148 3757 sub
1172 3713 1203 3757 n.
1228 3692 1251 3757 2
1276 3727 1293 3740 -
1319 3692 1375 3758 sed
1406 3712 1480 3778 spe-

300 3815 413 3879 cialem
438 3813 560 3879 addidit
579 3815 625 3900 (1)
648 3833 831 3896 censuram,
848 3814 957 3902 Papae
978 3815 1118 3899 mediati
1141 3817 1243 3883 modo
1267 3823 1481 3887 reservatam.

299 3937 454 4004 adversus
478 3939 611 4006 realiter
634 3940 799 4007 laedentes
822 3961 980 4027 personas
1005 3942 1184 4008 Procerum
1202 3945 1380 4010 Ecclesiae.
1398 3945 1482 4020 Qua-

386 4244 425 4313 (l)
445 4241 497 4297 Vel
517 4242 617 4296 melius
644 4247 736 4311 posset
760 4243 813 4297 dici
833 4242 904 4296 nihil
924 4243 987 4297 novi
1006 4243 1092 4298 fuisse
1112 4243 1255 4300 decretum
1274 4247 1327 4300 nisi
1347 4262 1481 4302 reseren-

295 4353 413 4416 tr'nnem;
432 4350 482 4404 sed
499 4367 568 4404 unus
587 4351 680 4404 forsan
700 4350 778 4406 adest
796 4367 877 4405 casus
895 4351 924 4406 in
943 4367 999 4422 quo
1018 4368 1136 4406 censura
1155 4371 1253 4410 revera
1266 4355 1381 4409 inducta
1395 4357 1483 4411 fuisse

297 4457 412 4510 dicenda
430 4461 481 4520 est,
501 4473 600 4526 nempe
619 4457 642 4510 si
663 4457 785 4527 Legatos
804 4459 897 4528 Papae
916 4458 954 4513 sit
974 4459 1063 4514 laicas
1082 4460 1133 4514 vir.
