3306 5102
527 339 570 383 oe
594 337 749 384 nnnrcrrs
773 337 815 384 nr
833 336 951 384 ronnrs
1261 317 1327 382 305

155 464 321 540 domicilii;
349 482 392 530 ex
421 462 639 528 declaratione
663 461 694 527 S.
720 461 754 526 O.
781 461 815 533 0,
839 459 923 546 apud
947 461 1081 526 Garcias
1106 479 1124 522 ‹
1149 459 1199 525 De
1229 459 1326 526 beoc-

153 589 269 675 ficiis»
290 609 327 672 p.
351 587 410 660 XI,
436 607 510 672 cap.
535 587 576 668 X,
599 606 634 651 a.
658 584 754 668 239;
778 585 821 650 cl.
846 587 1011 670 Gasparri‚
1035 604 1090 668 op.
1115 586 1166 652 cit.
1192 605 1225 650 a.
1249 585 1326 650 219.

284 713 318 799 3)
342 712 551 799 Dispensandi
575 713 712 778 facultas
735 712 808 776 heic
825 731 979 776 concessa
995 710 1126 795 prodest
1149 712 1244 775 etiam
1268 731 1327 796 pre

154 840 223 904 loro
246 845 384 904 externo
407 839 481 922 quia
505 839 537 902 io
560 836 692 902 decreto
716 835 803 900 Trid.
829 836 872 901 ibi
895 836 984 900 nulla
1007 835 1042 902 fit
1064 836 1221 911 limitatio,
1246 857 1328 921 quae

153 969 262 1050 postea
275 965 404 1048 ponitur
416 982 475 1049 pro
487 960 738 1028 absolutionibus
750 983 770 1026 a
781 962 906 1028 casibus
920 963 1103 1028 reservatis.
1116 965 1195 1028 item
1205 964 1235 1027 S.
1248 961 1327 1028 (1.0.

153 1087 235 1173 apud
259 1089 393 1154 Garoias
418 1089 438 1152 1.
463 1108 490 1153 c.
516 1092 549 1152 et
571 1087 690 1152 Suarez
715 1087 735 1150 t.
761 1107 786 1152 c.

157 1250 167 1266 ·
286 1213 319 1292 4)
342 1212 499 1277 Delicium
522 1231 602 1276 vero
625 1209 721 1275 debet
747 1229 818 1276 esse
848 1213 1009 1278 occultum
1039 1233 1096 1278 seu
1127 1220 1328 1280 remotuma

152 1336 280 1421 publica
302 1338 423 1402 notitia.
450 1339 535 1402 Hinc
558 1357 623 1402 non
646 1344 695 1404 est
717 1338 876 1404 occultum
898 1337 1024 1422 quando
1048 1340 1080 1403 in
1097 1339 1211 1424 oppido
1226 1342 1279 1407 vel
1296 1343 1328 1404 in

152 1461 282 1526 civitate
297 1462 451 1547 populosa
465 1462 503 1526 iis
518 1465 664 1547 personis
685 1463 857 1529 innotescit
879 1483 960 1547 quae
984 1468 1039 1529 aut
1061 1463 1171 1549 plures
1195 1484 1328 1530 numero

152 1595 228 1652 sunt
243 1591 298 1652 aut
313 1589 508 1672 propositum
529 1587 650 1656 habent
672 1587 857 1674 divulgandi
881 1589 1001 1654 lactum
1017 1588 1101 1672 qnod
1124 1589 1242 1656 exinde
1265 1591 1328 1655 iam

152 1712 314 1798 publicum
338 1712 400 1777 dici
424 1711 522 1776 valet.

243 1839 460 1904 Personarum
481 1857 561 1904 vero
585 1839 687 1924 magis
706 1857 800 1921 quam
817 1856 980 1918 numerus,
997 1836 1121 1904 indoles
1137 1843 1169 1904 et
1185 1840 1328 1924 proposi·

150 1967 217 2027 tum
234 1961 397 2047 pensanda
412 1965 496 2026 sunt.
511 1997 528 2008 -
544 1959 615 2025 Hoc
631 1962 764 2026 criterio
781 1961 923 2028 relativo
939 1960 1138 2028 arbitramur
1150 1962 1328 2049 intelligen-

151 2085 224 2150 dam
256 2085 498 2169 responsionem
526 2104 546 2150 a
574 2085 727 2170 Fagnauo
760 2088 990 2154 relatamt.c.
1016 2089 1232 2174 1112711).
1266 2108 1328 2173 qua

151 2211 181 2277 S.
200 2210 236 2276 O.
254 2213 288 2276 (t.
305 2209 422 2284 edixit,
447 2230 512 2275 non
543 2229 614 2275 esse
645 2212 814 2279 occultum
844 2213 996 2281 delictum
1027 2220 1188 2300 patratum
1218 2234 1328 2280 coram

150 2335 281 2403 duobos
302 2336 354 2400 vel
380 2334 486 2402 tribur
510 2334 646 2402 testibus
669 2338 785 2423 quippe
812 2338 846 2402 hi
876 2339 910 2402 in
940 2337 1057 2405 iudicio
1088 2359 1157 2404 rem
1189 2339 1329 2425 probare

151 2463 272 2528 valent
297 2463 427 2528 Revera
449 2462 513 2527 hoc
536 2461 657 2527 factum
674 2481 738 2526 non
754 2469 803 2529 est
818 2462 969 2530 absolute
984 2465 1147 2530 occultum
1163 2464 1219 2530 sed
1235 2466 1329 2530 aesti·
1426 2533 1429 2540 ,

151 2590 235 2654 mari
259 2587 353 2653 debet
375 2588 545 2661 occultum,
570 2589 597 2652 si
622 2588 656 2652 hi
679 2587 741 2653 duo
764 2587 817 2651 vel
844 2592 912 2652 tres
942 2591 1039 2652 testes
1070 2586 1192 2654 iactum
1222 2607 1328 2671 neque
1369 2627 1374 2640 ·

148 2713 320 2798 divulgent
343 2733 446 2797 neque
470 2713 639 2798 divulgare
654 2718 711 2778 aut
729 2712 810 2777 alias
833 2709 973 2796 probare
991 2710 1168 2778 intendant.
1187 2712 1235 2778 of.
1252 2712 1327 2778 Act.

151 2839 184 2904 S.
214 2838 311 2905 Sedis
332 2837 427 2912 XIV,
448 2857 531 2925 pap.
557 2821 625 2904 155
642 2855 710 2922 seq.

285 2964 320 3051 5)
342 2965 476 3033 Factum
507 2964 547 3030 od
578 2965 685 3030 iorum
717 2964 950 3029 contentiosum
978 2968 1132 3029 censetur
1158 2961 1329 3030 deductum

149 3090 279 3175 quando
300 3090 429 3157 libellus
452 3089 677 3157 accusationis
700 3090 762 3154 iam
786 3109 806 3154 a
829 3089 956 3174 publico
986 3092 1179 3175 magistratu
1207 3095 1255 3156 est
1278 3112 1327 3156 su-

150 3219 281 3299 sceptus
303 3219 336 3280 et
359 3217 560 3281 instauratur
582 3213 743 3296 inquisitio
773 3216 949 3280 criminalis
980 3219 1048 3282 sive
1079 3237 1139 3302 per
1168 3221 1328 3282 secretam

150 3340 391 3423 inquisitionem
422 3342 490 3406 sive
513 3331 574 3429 per
596 3347 780 3415 citationem
803 3341 920 3406 editam
944 3342 977 3406 in
1001 3348 1196 3408 accusatum.
1218 3341 1250 3406 Si
1275 3341 1329 3406 hic

151 3466 315 3529 eximatur
338 3465 378 3530 ab
401 3467 598 3552 impetitione
621 3489 681 3554 per
702 3469 952 3534 declarationem
978 3503 996 3516 ·
1020 3487 1085 3532 non
1116 3485 1186 3533 esre
1218 3469 1328 3534 locum

151 3589 329 3672 processui,
347 3594 458 3658 -tunc
480 3591 601 3658 iactum
626 3595 670 3659 nti
694 3593 855 3659 occultum
877 3592 990 3658 haberi
1015 3596 1126 3676 potest,
1150 3612 1212 3656 non
1236 3611 1329 3658 secus

150 3733 191 3777 ac
215 3718 321 3778 autea.
347 3715 395 3780 Gi.
411 3735 521 3799 supra
535 3737 569 3782 a.
586 3717 657 3791 112,
673 3723 742 3784 not.
759 3716 788 3782 1.
806 3719 859 3782 Ex
881 3719 1090 3804 responsione
1106 3718 1137 3782 S.
1155 3717 1189 3783 O.
1208 3718 1327 3783 Concil.

152 3840 258 3905 relata
281 3859 301 3904 a
324 3841 477 3925 Fagnano
501 3843 521 3908 1.
546 3862 573 3908 c.
597 3863 631 3908 a.
657 3840 726 3908 138
748 3863 816 3928 sep.
845 3844 871 3908 si
903 3831 1001 3908 index
1029 3843 1327 3926 est'incompetens

151 3985 196 4029 ex
224 3965 292 4030 eius
323 3968 553 4050 praeventione
584 3985 688 4050 neque
719 3966 839 4033 factum
869 3967 1058 4032 aestimatur
1088 3966 1256 4031 deductum
1288 3966 1329 4031 ad

153 4093 261 4157 lorum
285 4093 527 4168 contentiosum,
553 4113 658 4178 neque
685 4091 862 4158 attenditur
893 4092 1070 4156 notorietas
1100 4091 1177 4156 facti
1200 4095 1255 4154 aut
1277 4089 1328 4155 io-

151 4217 267 4300 famio
288 4218 373 4291 lacti,
398 4217 473 4284 inde
494 4223 640 4302 sequuta.

290 4340 322 4422 6)
346 4344 525 4408 Praeterea
547 4343 667 4408 factum
691 4341 786 4407 debet
809 4361 880 4407 esse
899 4339 1061 4426 publicum
1084 4359 1155 4424 quo
1178 4345 1225 4405 est
1248 4339 1328 4404 dett-

153 4473 255 4540 ctum‚
279 4467 543 4554 irreputoritutia
568 4468 668 4552 fons5
691 4468 768 4534 hinc
792 4468 861 4551 quis
885 4468 1011 4534 occulte
1034 4466 1330 4531 excommunicatus

265 4592 325 4645 Soc.
345 4591 423 4662 Lepa
1188 4589 1223 4642 20
