3296 5108
551 311 594 356 na
619 309 773 357 onereris
797 309 841 356 ar
863 309 984 356 roams
1289 290 1353 354 417

177 437 262 502 Sane
294 453 335 498 an
367 435 537 498 incurrant
571 431 754 514 infamiam
785 432 872 498 iaris
902 452 967 496 non
1003 434 1154 498 convenit
1180 433 1262 517 apud
1290 434 1354 500 DD.

177 559 224 626 cf.
251 559 463 630 Thesaurum,
490 559 526 622 P.
553 557 596 622 ll.
621 555 672 623 De
695 557 868 640 apostatis,
894 576 967 639 cap.
992 560 1018 622 2
1041 563 1073 622 et
1095 557 1127 622 4.

266 683 341 749 330.
367 685 548 766 Antequam
572 680 692 766 aliquid
715 680 886 767 specialius
910 681 1052 747 dicamus
1076 682 1115 746 de
1142 683 1213 748 aliis
1244 686 1356 768 poenis

178 810 210 872 in
234 813 408 892 apostatas
422 825 453 872 'a
475 807 543 893 fide
565 807 649 878 latis,
673 805 726 870 vel
758 804 911 878 serendis,
940 807 1029 870 iuvat
1056 826 1220 892 exponere
1243 807 1356 873 haere-

177 931 221 994 sis
245 936 435 1015 conceptum
466 935 562 1015 prout
593 909 642 994 e'st
672 931 806 1002 crimen,
839 949 910 994 cum
940 935 1104 1014 apostatae
1138 935 1171 994 et
1198 931 1355 996 haeretici

178 1053 250 1120 lere
264 1054 376 1120 iisdem
402 1057 513 1138 poenis
537 1059 721 1120 teneantur.
738 1057 768 1118 A
786 1054 864 1119 Divo
882 1053 1005 1118 Thema
1020 1054 1166 1120 haeresis
1186 1053 1354 1122 definitur:

182 1181 327 1246 «Error
351 1179 494 1246 hominis
518 1179 682 1262 baptizati
704 1179 741 1245 in
764 1180 933 1245 intellecta
949 1179 1141 1246 voluntario
1158 1186 1276 1247 contra
1292 1182 1355 1245 ati-

180 1324 280 1388 qaem
304 1305 489 1371 articulum
516 1305 595 1390 fidei
626 1324 702 1370 mim
729 1304 925 1388 pertinacia
956 1305 1155 1370 coniunctus
1172 1327 1201 1378 a,
1227 1325 1270 1371 ex
1293 1325 1356 1390 qua

180 1431 298 1515 optima
314 1427 498 1494 definitione
513 1433 603 1512 patet
624 1428 772 1494 haeresis
787 1429 942 1511 requisita
966 1449 1046 1510 esse,
1063 1448 1193 1514 nempe:
1218 1433 1253 1512 a)
1269 1421 1357 1496 erra-

181 1575 249 1619 rem
279 1556 313 1618 in
343 1555 518 1626 intellectu,
545 1554 576 1639 b)
600 1554 822 1635 deliberatum,
847 1554 876 1638 c)
900 1557 1100 1640 pertinacem
1132 1576 1189 1621 seu
1221 1561 1357 1622 externe

180 1678 394 1766 significatum
422 1701 494 1746 cum
522 1681 618 1766 plena
642 1682 824 1766 cognitione
847 1680 1082 1765 reprobationis
1106 1681 1274 1748 Ecclesiae
1298 1680 1355 1765 (l).

181 1803 273 1868 Haec
304 1809 352 1869 est
381 1805 527 1869 haeresis
558 1823 640 1888 quae
671 1806 783 1889 poenis
816 1804 983 1869 Ecclesiae
1018 1804 1218 1888 percellitur,
1242 1823 1358 1890 nempe

181 1933 324 1993 cartana
351 1932 383 1992 et
403 1927 562 2008 formalis
586 1928 730 2010 quamvis
753 1925 864 1992 forsan
889 1927 1028 2002 occulta,
1054 1932 1088 1991 ut
1115 1928 1270 2032 appanis
1293 1931 1358 1992 exi·

181 2057 288 2116 matur
303 2051 447 2116 haeresis
463 2051 651 2118 ritatemalis
666 2051 719 2116 vel
738 2051 894 2132 iaetantia,⁸
919 2070 993 2116 nam
1018 2051 1205 2117 inaterialis
1221 2071 1286 2116 non
1310 2058 1359 2117 est
1401 2076 1409 2089 ·

181 2195 260 2240 vere
271 2175 417 2240 haeresis
433 2175 466 2238 in
482 2175 666 2251 intellectu;
687 2175 824 2240 interna
836 2195 901 2240 non
914 2181 963 2240 est
975 2181 1113 2240 externo
1127 2177 1198 2240 loro
1215 2177 1359 2244 subiecta

181 2301 215 2362 in
238 2319 300 2383 quo
325 2299 539 2363 criminaliter
561 2301 653 2384 punit
676 2299 824 2364 Ecclesia
842 2296 897 2382 (2).

271 2425 346 2489 331.
373 2425 571 2490 Inerticula
595 2425 648 2488 eit.
675 2423 785 2490 Consi.
809 2425 875 2506 Ap.
908 2421 1007 2490 Sedis
1035 2431 1171 2509 apparet
1197 2425 1358 2509 xquomodo
1453 2421 1454 2424 ’

183 2551 356 2616 haereticis
391 2557 626 2614 accenseantur
661 2549 842 2628 credentes,
871 2554 1062 2630 receptores
1095 2554 1127 2614 et
1150 2547 1304 2630 fautores
1327 2555 1360 2614 et

182 2671 389 2757 peaeratiter
412 2669 544 2753 quilibet
564 2668 766 2751 defensores,
783 2671 929 2753 quamvis
945 2675 1052 2735 sectae
1068 2690 1187 2735 nomen
1204 2689 1360 2755 expresse

183 2814 248 2859 non
272 2794 431 2860 dederint.

275 2917 413 2982 Praeter
439 2919 524 3002 ipsos
548 2918 739 2988 haereticos,
764 2916 823 2980 hos
839 2935 965 3000 quoque
989 2915 1160 3000 complices
1184 2918 1361 2984 haeretico-

187 3061 257 3107 rum
275 3043 390 3126 punire
406 3043 516 3107 statuit
536 3041 743 3107 Innocentius
759 3040 810 3106 ΙΙΙ
835 3043 868 3105 in
892 3041 970 3126 Syn.
996 3041 1065 3106 Lat.
1093 3040 1158 3116 lV;
1175 3047 1209 3106 at
1231 3048 1361 3107 servato

185 3166 291 3248 aliquo
307 3164 502 3238 discrimine,
520 3167 594 3249 quia
610 3165 684 3230 dum
701 3164 858 3231 haeretici
874 3161 956 3229 flunt
977 3165 1085 3231 statim
1107 3164 1253 3247 infames,
1270 3167 1362 3232 iuxta

186 3309 226 3354 ea
241 3309 323 3374 quae
340 3291 581 3375 explicavimus,
599 3309 697 3376 supra
713 3309 745 3356 n.
758 3289 834 3362 266,
848 3289 924 3370 267,
941 3289 1112 3356 credentes
1129 3291 1232 3355 etalii
1248 3291 1363 3355 solum·

274 3573 313 3644 (l)
333 3573 392 3629 Hac
411 3573 520 3628 ratione
539 3572 725 3643 intelligenda
743 3578 786 3627 est
799 3572 917 3628 celebris
930 3574 1070 3629 sententia
1083 3573 1249 3643 Augustini:
1263 3591 1364 3630 errare

186 3697 300 3750 possum
318 3684 368 3736 sed
385 3683 542 3736 haereticas
560 3699 616 3735 non
630 3698 687 3736 ero.

266 3788 316 3858 ’(2)
330 3787 416 3844 Docet
429 3793 504 3868 recte
519 3787 745 3854 D'Annibale,1n
758 3788 952 3858 Const.Apost.
968 3788 1056 3854 Sedis,
1070 3799 1212 3845 commeat.
1227 3791 1271 3842 cit.
1280 3807 1308 3843 n.
1319 3788 1363 3844 31.

187 3891 288 3946 «titud
313 3910 368 3947 non
399 3895 529 3960 interest,
555 3910 618 3947 cum
642 3893 735 3948 verbis
760 3909 820 3949 eam
845 3892 979 3962 prodidit,
1004 3898 1095 3946 utram
1120 3892 1222 3964 aliquis
1246 3893 1365 3948 audierit

187 3997 356 4068 loquentem,
375 4016 411 4052 an
430 4015 526 4066 nemo3
545 4000 617 4052 sorte
636 3998 702 4068 qaia
723 4014 806 4052 nemo
831 4014 962 4067 praesens
987 4003 1056 4064 eret,
1081 3998 1103 4051 si
1129 3999 1211 4053 modo
1236 4015 1365 4068 praesens

188 4105 320 4159 exaudire
339 4105 488 4174 potuisset:
507 4121 568 4171 nec,
587 4104 609 4157 si
629 4120 690 4159 eam
710 4104 830 4174 prodidit
849 4109 1006 4175 factaque
1024 4108 1098 4176 sacto
1119 4121 1180 4158 eam
1199 4084 1367 4174 prodiderit,

188 4215 220 4263 ut
239 4215 307 4280 puta
324 4211 347 4264 si
368 4211 463 4266 abdita
481 4210 607 4265 cordium
629 4211 709 4276 scire,
736 4210 781 4265 vel
806 4213 915 4264 futuras
943 4209 1084 4264 hominum
1114 4209 1217 4265 liberas
1241 4211 1366 4265 actiones

189 4316 272 4386 (quae
290 4315 343 4370 soli
362 4315 419 4371 Deo
439 4316 548 4386 patent)
567 4317 693 4373 divinare
706 4321 823 4372 conatus
840 4317 927 4372 tuerit
946 4332 994 4386 per
1008 4315 1130 4370 Tabulas
1148 4321 1237 4372 semet
1253 4333 1366 4371 moven-

191 4426 243 4488 tes,
261 4421 306 4476 vel
327 4423 477 4490 Madiama,
496 4423 542 4478 vel
564 4423 700 4478 Crisiacos
719 4423 945 4493 (Mapnettzatos)
967 4439 1036 4494 quos
1054 4427 1156 4476 vocant
1168 4437 1193 4480 a.

300 4547 360 4604 Sec.
379 4549 458 4620 Lapa
1224 4549 1259 4602 27
