3202 5104
452 315 497 364 ns
522 315 676 364 nnurcms
700 317 743 363 ar
767 317 887 364 rossus
1200 298 1267 366 209

80 441 278 513 inserviunt
295 440 396 508 veluti
420 438 528 506 officia
550 443 583 506 et
605 437 762 507 beneficia
785 439 1024 517 ecclesiastica;
1048 441 1101 506 vel
1124 441 1267 526 pendent

80 563 125 628 ab
154 563 293 630 arbitrio
321 570 353 630 et
381 566 574 631 auctoritate
601 565 841 630 moderatorum
866 564 962 630 buius
992 564 1165 642 societatis,
1189 571 1267 653 puta

80 691 212 776 gratiae
228 695 261 756 et
276 691 500 756 concessiones
514 709 574 776 per
590 691 750 776 rescripta
765 687 928 776 pontificia
943 691 1142 776 impertitam
1165 697 1197 756 et
1212 711 1265 756 ce-

76 819 154 880 tera
165 814 199 880 id
211 835 315 900 genus
330 816 402 880 iura
416 835 477 901 per
492 815 583 902 leges
598 835 784 880 communes
799 820 995 900 comparata,
1008 815 1107 882 veluti
1120 817 1266 882 actiones

77 939 259 1006 iudiciales.
277 939 403 1006 Horum
414 939 573 1006 bonorum
586 959 697 1004 omnes
712 937 823 1005 fideles
839 945 914 1005 sunt
929 959 1073 1024 capaces,
1089 959 1266 1025 eorumque

78 1085 143 1130 usu
166 1064 338 1140 truentum
371 1062 569 1130 solummodo
600 1061 708 1130 officia
730 1067 763 1129 et
791 1059 950 1127 beneficia
980 1062 1200 1128 ecclesiastica
1224 1062 1264 1128 ob

80 1187 245 1254 adnexam
262 1188 562 1262 iurisdictionem‚a
584 1187 713 1254 clericis
735 1192 859 1254 tantum
884 1187 1022 1253 obtineri
1045 1188 1164 1262 valent,
1190 1189 1266 1274 quia

80 1314 198 1380 clerici
220 1317 344 1379 tantum
367 1317 442 1378 sunt
463 1333 601 1398 capaces
623 1313 855 1378 iurisdictionis
879 1311 1127 1378 ecclesiasticae.

175 1437 456 1504 Excommunicati
471 1436 606 1522 proinde
623 1456 745 1518 omnes,
761 1437 829 1501 sive
846 1435 959 1501 clerici
976 1437 1046 1502 sive
1060 1436 1146 1518 laici,
1163 1436 1266 1523 repel-

80 1562 197 1627 luntur
219 1561 259 1626 ab
283 1582 343 1627 usu
361 1562 501 1646 passivo
525 1567 804 1628 sacramentorum
829 1565 862 1626 et
884 1561 1177 1628 sacramentalium.
1202 1561 1266 1627 Sed

80 1687 157 1753 addi
175 1688 258 1753 solet
273 1693 415 1771 eccepto
437 1689 635 1774 poenitentia
658 1707 682 1753 o
704 1705 774 1773 qua
796 1706 860 1754 acc
881 1688 1042 1753 vitandus
1051 1686 1262 1771 prohibetur.

82 1813 159 1878 Hoc
182 1814 227 1878 ita
250 1813 387 1900 intelligi
412 1812 515 1879 debet.
541 1813 847 1878 Excommunicatus
870 1832 989 1898 perse
1013 1813 1072 1878 etsi
1094 1812 1264 1886 vitandus,

81 1945 291 2004 sacramenta
317 1938 422 2004 valide
445 1939 571 2024 recipit.
588 1939 663 2023 quia
677 1939 968 2004 excommunicatio
992 1942 1041 2002 est
1062 1935 1266 2021 impedimen·
1315 1923 1318 1929 Δ

81 2069 153 2126 tum
177 2061 264 2128 iuris
286 2063 398 2130 eccles.
423 2067 455 2128 et
479 2062 626 2127 Ecclesia
649 2082 714 2127 non
746 2063 875 2147 attingit
905 2061 1048 2126 valorem
1079 2080 1266 2127 sacremen-

82 2193 202 2260 torum
229 2189 255 2252 si
279 2189 422 2273 excipias
444 2189 690 2272 poeniteutiam
714 2193 748 2254 et
769 2187 1038 2260 matrimonium,
1061 2187 1095 2250 in
1118 2205 1200 2270 quae
1223 2186 1268 2251 di·

81 2317 177 2378 recte
199 2317 255 2378 aut
276 2312 436 2378 indirecte
466 2312 574 2397 aliqua
604 2315 714 2378 statuit
741 2313 938 2400 pertinentia
961 2312 1001 2377 ad
1024 2313 1186 2386 colorem,
1211 2331 1266 2377 ra-

81 2439 174 2503 tione
196 2437 449 2505 iurisdictionis.

153 2561 267 2636 Quoad
293 2560 535 2644 poenitentiam
558 2581 638 2626 vero
670 2560 783 2626 nullibi
807 2563 839 2626 in
861 2561 936 2648 lege
967 2565 1097 2628 cautum
1120 2567 1178 2642 est,
1205 2560 1264 2642 (cf.

83 2686 217 2768 Suarez,
230 2684 266 2772 3)
283 2685 489 2751 confessariis
506 2685 685 2770 ademptam
704 2685 804 2752 fuisse
820 2687 1072 2751 iurisdictionem
1085 2687 1118 2750 in
1135 2705 1266 2751 excom-

82 2813 275 2884 municatos,
292 2813 437 2896 quamvis
461 2831 599 2877 censura
622 2813 664 2876 sit
686 2816 864 2876 reservata.
889 2811 1032 2876 Peccata
1054 2811 1149 2892 enirn,
1166 2813 1192 2876 si
1208 2831 1263 2876 re-

83 2937 228 3002 servatio
243 2955 309 3000 non
326 2941 439 3017 cesset,
454 2936 555 3000 veluti
572 2941 677 3001 cessat
701 2937 734 3000 in
750 2935 887 3000 articulo
903 2937 1016 3001 mortis
1031 2935 1085 3000 vel
1101 2937 1194 3022 gravi
1210 2935 1267 3001 ob·

83 3064 192 3127 stante
216 3059 452 3145 impedimento,
469 3059 523 3146 (cf.
541 3080 641 3146 supra
659 3081 690 3124 n.
712 3059 784 3140 129,
802 3080 888 3144 resp.
906 3059 937 3126 S.
956 3057 1017 3126 Off.
1035 3061 1104 3126 diei
1118 3060 1161 3126 19
1176 3060 1266 3148 Amy.

84 3183 203 3268 1891),
226 3181 391 3250 indirecte
420 3183 546 3248 absolvi
577 3187 718 3268 possunt.
755 3181 971 3256 Quamobrem
995 3183 1020 3247 si
1045 3183 1267 3247 excommuni-

84 3313 177 3372 catus
202 3312 235 3372 et
257 3307 325 3392 ipse
355 3309 483 3394 ignoret
510 3327 546 3372 se
577 3327 716 3374 censura
743 3306 896 3372 laborare
926 3313 982 3373 aut
1011 3308 1097 3373 hanc
1125 3328 1195 3374 esse
1219 3327 1269 3372 re-

84 3437 264 3506 servatam,
293 3431 455 3500 mdirecte
478 3432 655 3499 absolvitur
678 3454 698 3498 a
720 3433 879 3519 peccatis;
904 3434 930 3498 si
954 3434 1064 3519 gravis
1090 3434 1188 3498 instet
1210 3453 1268 3498 ne-

85 3559 230 3638 cessitas,
247 3563 396 3622 cessante
412 3559 635 3624 reservatione
651 3557 709 3622 sub
725 3557 959 3623 conditionibus
974 3564 1071 3624 antea
1086 3558 1266 3643 explicatis,

86 3681 214 3746 directe
230 3679 408 3746 absolvitur
424 3701 444 3745 a
458 3682 611 3766 peccatis.
631 3717 647 3730 -
665 3682 748 3748 Item
762 3681 960 3746 matrimonii
976 3683 1120 3747 valorem
1136 3701 1201 3746 non
1218 3683 1268 3747 in-

84 3805 155 3872 ficit
178 3807 478 3883 excommunicatio;
503 3807 658 3890 siquidem
678 3806 761 3872 haec
784 3827 849 3871 non
872 3811 920 3874 est
943 3806 1203 3892 impedimentum
1220 3805 1268 3871 di-

85 3931 225 4006 rimens;
249 3929 334 3996 unde
356 3897 595 3996 matrimonium
618 3929 835 3997 administrari
859 3937 963 4018 potest
979 3933 1266 4007 excommunicato,

85 4061 201 4142 utputa
224 4055 265 4120 ad
287 4055 469 4122 evitandam
492 4056 646 4123 infamiae
669 4061 788 4139 notam,
821 4078 895 4122 cum
916 4059 1007 4144 leges
1030 4057 1269 4124 ecclesiasticae

85 4200 152 4246 non
176 4180 321 4265 obligent
343 4201 416 4246 cum
439 4183 532 4267 gravi
556 4181 766 4247 incommodo,
784 4181 999 4256 Quamobrem
1023 4183 1119 4247 etiam
1143 4180 1270 4246 Eucha-

86 4303 180 4369 ristia
203 4325 263 4392 per
288 4305 452 4373 Viaticnm
483 4307 761 4372 excommunicato
784 4307 844 4372 etsi
867 4306 997 4371 vitando
1025 4305 1080 4370 sed
1103 4306 1167 4369 iarn
1191 4324 1269 4370 con-

85 4429 173 4494 fesso
191 4449 256 4494 non
273 4430 401 4496 videtur
420 4429 618 4517 deneganda.
636 4432 707 4496 Non
723 4432 800 4497 item
817 4431 974 4497 Extrema
991 4432 1116 4498 Unctio.
1132 4465 1145 4477 ·
1164 4431 1269 4494 Porro

234 4551 296 4606 Suc.
315 4552 401 4622 Lapa.
1131 4551 1163 4606 14
