3312 5108
547 342 591 388 nn
616 341 770 392 eumcum
794 341 837 388 nr
861 340 979 388 ronrus
1044 385 1049 396 ,
1304 323 1345 390 31
1377 319 1381 330 ’

168 468 304 532 crimine
328 472 419 532 certa
442 467 568 532 ratione
591 465 743 530 admisso.
768 466 811 530 Et
826 485 948 550 poenae
964 461 1129 548 seraidoe
1151 467 1347 554 sententiae,

168 594 229 656 etsi
252 611 272 656 a
295 592 365 656 iure
389 590 582 656 adamussim
606 589 840 654 determinatae
864 591 936 670 sint,
957 594 1066 654 tamen
1089 592 1122 654 in
1146 592 1347 664 executione.

168 737 228 803 pro
252 719 412 803 grauitate
436 717 596 798 criminis,
620 715 740 802 aliquid
763 717 950 800 relinquunt
980 716 1130 802 prudenti
1159 717 1271 782 iudicis
1294 737 1348 780 ar-

168 841 281 916 bitrio;
305 847 348 914 at,
373 843 582 912 communius,
607 861 672 906 nou
697 845 771 906 sunt
797 842 882 904 omni
899 861 918 904 e
933 844 1027 925 parte
1043 839 1276 908 determinatae
1292 841 1349 906 sed

169 972 244 1032 sunt
265 966 449 1057 aliqualiter
468 967 684 1033 arbitrariae.
700 999 717 1014 -
733 966 882 1030 lamvero
905 983 1029 1051 poenae
1052 966 1143 1031 tatae
1165 965 1348 1032 sententiae

170 1089 320 1154 delictum
351 1089 505 1163 afficiunt,
538 1110 634 1175 quum
665 1090 766 1154 fuerit
789 1109 827 1154 ea
851 1091 977 1155 ratione
1008 1095 1262 1155 consummatum
1287 1109 1349 1174 qua

167 1216 240 1299 lege
263 1233 419 1300 expresse
442 1215 644 1278 continetur:
669 1212 877 1298 quamobrem
894 1211 1075 1280 huiusmodi
1101 1232 1226 1298 poenae
1242 1211 1282 1278 ad
1299 1231 1349 1278 co·

167 1343 279 1404 natum
295 1361 352 1404 seu
368 1340 414 1404 ad
429 1359 552 1406 aueum
576 1357 641 1404 non
666 1337 888 1404 extenduntur
905 1339 964 1402 uisi
983 1338 1135 1424 explicite
1153 1337 1309 1403 edicatur.
1329 1373 1346 1386 -

170 1461 300 1525 Poenae
322 1479 402 1526 vero
431 1459 596 1543 ferendae
626 1459 811 1525 sententiae
842 1461 988 1544 quamvis
1012 1459 1052 1524 ad
1081 1464 1206 1524 certum
1238 1479 1349 1525 cesum

167 1583 417 1658 determinatae,
441 1567 564 1650 attenta
586 1584 693 1650 indole
716 1586 795 1650 iuris
819 1605 889 1649 can.
915 1586 1034 1670 aliquid
1065 1586 1247 1652 concedunt
1270 1607 1348 1672 pru·

168 1706 255 1772 denti
286 1707 400 1778 iudicis
427 1707 576 1779 arbitrio,
602 1708 1039 1793 quivaleret‚prore1um
1072 1715 1104 1773 et
1134 1728 1347 1794 personarum

166 1829 336 1912 adiunctis,
361 1851 497 1918 poenam
521 1831 693 1906 moderari,
710 1834 762 1898 vel
787 1833 931 1898 eamdem
955 1834 1121 1918 applicare
1146 1833 1262 1898 delicto
1287 1833 1346 1898 etsi

167 1973 231 2017 non
255 1953 467 2039 undequaque
489 1955 636 2040 perlecto
657 1961 689 2020 et
714 1961 943 2037 consummato,
961 1958 987 2020 si
1012 1956 1131 2021 exinde
1155 1976 1220 2020 non
1244 1957 1347 2022 minus

167 2077 356 2144 deturbatus
370 2078 483 2146 fuisset
499 2079 578 2145 ordo
595 2081 732 2146 socialis,
752 2115 769 2129 -
788 2064 1003 2155 Quamobre'm
1020 2082 1046 2145 si
1062 2099 1167 2166 poena
1181 2081 1348 2164 serendae

166 2204 351 2269 sententiae
372 2205 426 2268 vel
449 2225 514 2269 non
537 2208 579 2270 sit
602 2207 730 2271 omnino
764 2205 976 2270 determinata
999 2206 1051 2270 vel
1076 2208 1117 2271 sit
1140 2207 1345 2280 arbitraria,

167 2332 322 2415 applicari
346 2337 451 2416 potest
472 2331 513 2396 ad
536 2331 803 2417 compescendum
831 2338 980 2397 conatum
1010 2334 1042 2404 in
1075 2333 1201 2396 crimen
1220 2331 1346 2416 prorai-

168 2475 272 2536 mum‚
296 2475 336 2520 ea
357 2461 465 2520 tamen
490 2461 619 2520 servata
642 2457 766 2542 regula,
785 2461 820 2520 ut
849 2457 967 2520 mitiori
991 2477 1095 2542 poena
1117 2458 1269 2541 puniatur
1293 2476 1346 2521 co-

167 2585 260 2644 natus
284 2599 378 2662 quam
401 2581 523 2644 crimen
547 2586 812 2644 consummatum.
832 2579 880 2645 Ol.
906 2576 1072 2646 Reidenst
1100 2580 1134 2644 V.
1160 2579 1208 2646 37
1225 2601 1258 2645 n.
1277 2580 1347 2646 det

165 2703 322 2790 Smalzgr.
347 2705 419 2771 eod.
444 2705 491 2770 tit.
514 2725 548 2770 a.
573 2703 617 2771 31
628 2725 677 2790 sq.

256 2827 398 2892 Conatus
432 2831 539 2892 autem
574 2829 635 2893 etei
658 2833 809 2894 remotae
844 2828 1013 2912 aliquando
1039 2833 1088 2894 est
1118 2828 1269 2893 delictum
1292 2829 1346 2894 sui

163 2950 300 3035 qenais
322 2956 356 3016 et
378 2957 455 3014 tunc
476 2951 658 3036 puniendus
683 2957 741 3024 est,
767 2971 829 3035 qua
853 2957 902 3017 est
928 2952 1089 3025 delictum,
1115 2956 1148 3016 et
1170 2951 1341 3035 aliquando

164 3083 215 3142 est
237 3095 343 3160 poena
372 3079 504 3162 grauior
533 3075 707 3163 infligenda
738 3076 777 3141 ob
809 3078 994 3160 qualitatem
1022 3083 1183 3161 conataa;
1207 3079 1346 3144 ethaeo

165 3201 416 3284 exploratissimi
444 3201 524 3264 iuris
547 3205 630 3266 sunt.
828 3247 831 3254 ·

253 3321 304 3386 Ad
336 3341 405 3385 rem
436 3323 518 3388 haec
550 3323 647 3390 habet
671 3325 856 3388 Thesaurus
891 3321 955 3407 (Dc
973 3324 1107 3405 poenis,
1132 3323 1171 3388 P.
1197 3325 1225 3399 I,
1250 3345 1279 3390 o.
1298 3322 1344 3412 8),

162 3441 277 3510 doctor
301 3445 363 3509 hac
385 3448 417 3510 in
434 3465 471 3509 re
487 3445 584 3511 lacile
608 3447 770 3531 princeps,
785 3448 847 3530 qui,
861 3448 965 3531 posita
989 3446 1205 3527 conclusione,
1224 3465 1345 3532 poenas

164 3585 229 3630 uon
252 3567 376 3632 incurri
398 3569 457 3632 nisi
480 3573 555 3632 actu
578 3573 808 3649 consummata
827 3568 1006 3654 subiungit:
1029 3569 1247 3654 «Ampliatur
1261 3569 1343 3636 haec

163 3693 338 3766 conclusio,
362 3694 437 3776 quia
460 3695 584 3759 etiamsi
608 3695 641 3758 in
665 3695 880 3760 atrocioribus
904 3693 1051 3766 sufficiat,
1077 3702 1210 3761 conatus
1233 3695 1343 3760 delicti

162 3817 331 3902 proximus
354 3815 395 3880 ad
418 3835 554 3902 poenam
577 3819 762 3884 sententiae
783 3819 949 3902 ferendae
1048 3824 1158 3884 tamen
1174 3819 1214 3884 ad
1238 3821 1344 3885 incur·

162 3941 299 4006 rendam
315 3957 451 4025 poenam
467 3943 557 4006 totae
570 3941 753 4007 sententiae
769 3961 833 4005 non
850 3941 975 4016 sufficit,
989 3941 1044 4006 sed
1060 3943 1236 4025 requiritur
1251 3947 1343 4008 actus

161 4071 401 4131 consummatus
417 4087 447 4128 ›.

253 4189 306 4254 21.
332 4188 396 4255 Sed
419 4195 590 4275 praeterea
613 4191 731 4276 inquiri
748 4190 851 4266 debet,
866 4211 907 4255 an
924 4191 1019 4276 plura
1041 4190 1138 4264 facta,
1160 4195 1272 4276 suapte
1288 4209 1342 4255 na·

160 4318 245 4388 tura,
271 4316 445 4380 criminosa
460 4317 486 4380 si
502 4315 718 4382 adhibeantur
741 4318 832 4400 quasi
856 4321 947 4384 actus
972 4317 1133 4382 executivi
1157 4317 1251 4382 unius
1275 4318 1341 4382 cri-

162 4439 267 4522 minis,
291 4441 513 4516 incontinenti,
531 4441 643 4508 eodem
663 4443 781 4526 impetu
799 4447 830 4505 et
846 4441 1019 4526 proposito,
1037 4441 1119 4506 haec
1142 4441 1237 4526 plura
1252 4441 1341 4507 facta
1375 4516 1377 4520 ‚
