3202 5104
452 313 496 362 na
520 313 674 361 natlcms
698 315 741 362 ar
764 313 884 362 rossus
1190 295 1253 362 211

99 437 265 504 executioni
281 437 465 502 demandari
479 457 582 523 posse.
601 437 703 524 Caput
715 457 793 504 vero
806 438 863 504 ult.
879 437 933 504 De
943 439 1051 522 sepul.
1061 437 1094 502 X
1110 436 1184 521 (III,
1197 437 1255 523 28)

98 567 187 634 caret,
201 565 483 646 excommunicato,
500 564 541 629 ad
557 563 783 650 recuperanda
805 562 1002 629 christianae
1023 563 1256 630 communionis

98 687 169 760 iura,
185 686 333 753 sufficere
354 688 586 756 absolutionem
605 689 759 774 simplicis
776 688 966 754 confessarii
989 694 1046 754 aut
1067 687 1254 770 sacerdotis,

96 813 124 876 in
148 812 278 878 articulo
309 815 434 887 mortis,
460 813 587 899 quando
617 816 720 878 omnis
751 817 857 880 cessat
885 815 1075 879 reservatio.
1102 813 1141 878 In
1171 811 1256 898 quod

96 939 277 1020 propositum
299 937 497 1011 advertatur,
523 936 703 1004 huiusmodi
727 937 962 1004 absolutionem
985 937 1017 1002 iu
1046 957 1123 1002 casu
1146 955 1257 1002 neces·

97 1059 184 1124 sitatis
198 1061 391 1146 impertitam
406 1061 517 1125 valere
540 1081 600 1146 pro
624 1066 760 1144 utroque
776 1060 859 1143 fore,
877 1059 1044 1126 dummodo
1060 1062 1094 1125 in
1117 1065 1255 1126 externo

97 1181 156 1246 loro
177 1189 308 1259 constet,
326 1192 532 1253 censuratum
555 1185 734 1252 absolutum
752 1187 852 1253 fuisse
875 1186 916 1252 ad
939 1183 1165 1273 praecavenda
1180 1183 1255 1250 fide·

96 1305 162 1372 lium
183 1309 342 1375 scandala.
367 1313 417 1376 Ne
439 1317 649 1398 pervertatur
671 1332 751 1378 vero
775 1311 1003 1378 iurisdictionis
1026 1309 1116 1393 orde,
1133 1331 1190 1376 seu
1215 1329 1256 1374 ne

97 1430 149 1495 tori
176 1433 292 1499 interni
320 1439 354 1502 et
384 1437 512 1502 externi
541 1438 739 1502 misceantur
766 1437 853 1519 iura,
877 1437 1113 1521 praescriptum
1137 1440 1195 1516 est,
1221 1437 1257 1501 ut

96 1555 321 1641 explicavimus,
344 1558 427 1643 quod
451 1564 575 1626 cessato
598 1559 834 1646 impedimento,
859 1564 1050 1626 censuratus
1081 1563 1144 1624 stet
1173 1559 1255 1644 legi-

95 1681 151 1744 timi
172 1682 347 1766 superioris
369 1683 537 1767 mandatis,
561 1684 620 1750 sub
643 1705 748 1771 poena
779 1683 1023 1750 reincidentiae.
1048 1721 1060 1732 -
1087 1683 1254 1749 Hactenus

93 1803 182 1887 quoad
208 1829 300 1873 usum
328 1829 438 1873 rerum
469 1829 637 1875 sacrarum
656 1809 849 1894 passiam
871 1808 970 1874 modo
993 1807 1033 1874 de
1056 1829 1115 1874 usu
1146 1808 1254 1876 actium

95 1935 364 2014 sacramentorum,
389 1930 633 2018 officiorumque
649 1953 706 1999 seu
720 1931 968 1999 beneficiorum:
985 1938 1019 1999 et
1033 1933 1090 1997 illa
1104 1929 1254 1997 indiscri-

94 2054 220 2120 minatim
235 2058 402 2142 pertinent
418 2056 457 2123 ad
473 2059 610 2124 clericos
626 2063 659 2123 et
672 2058 788 2134 laicos;
805 2058 888 2125 haec
901 2063 1025 2124 tantum
1041 2057 1082 2124 ad
1106 2057 1253 2123 clericos.

171 2179 396 2247 loommin
426 2179 535 2249 officia
564 2189 596 2249 et
626 2181 801 2257 beneficia,
825 2185 941 2271 quippe
972 2202 1098 2248 sacram
1125 2182 1254 2248 iurisdi-

93 2302 215 2367 ctionem
238 2310 295 2370 aut
319 2304 449 2372 Ordinis
472 2311 661 2392 potestatem
685 2307 846 2374 adnexam
869 2307 1020 2389 habeant,
1045 2307 1212 2374 dumtaxat
1235 2327 1255 2372 a

94 2422 206 2490 clericis
235 2431 387 2494 exerceri
413 2430 534 2496 valent.
562 2430 759 2496 Eorumdem
787 2451 863 2496 usus
892 2450 971 2495 vero
994 2450 1055 2516 per
1082 2449 1254 2495 censuram

93 2553 415 2619 excommunicationis
438 2554 600 2621 indirecte
624 2555 753 2620 clericis
775 2554 981 2640 prohibetur;
1004 2575 1080 2620 nam
1103 2555 1256 2622 remotia

93 2668 216 2744 fidelium
236 2679 471 2758 communione,
495 2679 649 2764 implicite
672 2684 827 2744 arcentur
850 2698 870 2743 a
892 2698 986 2744 sacro
1010 2679 1187 2744 ministerio
1208 2681 1254 2744 uti

92 2815 143 2880 par
163 2805 217 2865 est.
243 2836 261 2849 -
286 2801 332 2866 At
348 2801 459 2867 sedulo
474 2802 689 2889 distinguatur
711 2803 871 2870 uitandus
887 2823 907 2868 a
922 2805 1073 2872 tolerato.
1097 2805 1178 2868 Nam
1200 2805 1254 2888 qui

91 2927 155 2986 sunt
179 2927 446 2991 excommunicati
477 2927 625 3002 mtoadt,
661 2927 749 2994 licite
789 2933 993 2994 sacramenta
1027 2927 1254 2994 administrare

91 3065 146 3112 non
166 3056 306 3134 possunt,
331 3057 468 3138 excepto
491 3053 611 3120 mortis
635 3055 779 3122 articttto
803 3074 861 3120 sau
880 3055 1034 3136 peracuto
1058 3073 1120 3139 quo
1143 3071 1252 3118 sacra-

91 3179 187 3238 menta
214 3179 431 3252 necessitatis,
455 3179 481 3244 si
512 3179 594 3245 alius
617 3177 717 3261 desit,
740 3199 855 3266 nempe
878 3179 1067 3265 baptismum
1092 3183 1125 3246 et
1147 3181 1255 3264 poeni·

91 3298 218 3382 tentiam,
244 3305 277 3368 et
309 3303 405 3368 etiam
427 3302 667 3370 Eucharistiam
691 3305 837 3388 quamvis
860 3323 924 3368 non
952 3305 1087 3369 strictae
1118 3305 1254 3370 necessi-

90 3421 163 3494 tatis,
187 3443 227 3489 ex
250 3431 458 3512 praesumpta
485 3425 684 3512 benignitate
711 3427 878 3493 Ecclesiae
901 3425 1113 3513 (D'Annibale
1138 3428 1254 3512 1,,360

91 3549 147 3608 not.
172 3546 214 3635 5.)
238 3549 426 3615 ministrare
449 3557 591 3636 possunt.
616 3552 661 3618 At
684 3571 765 3636 quae
789 3572 853 3618 non
878 3552 1046 3618 dumtaxat
1060 3573 1080 3617 a
1096 3557 1254 3638 potestate

92 3666 209 3738 Ordinis
231 3674 385 3759 pendent,
402 3675 501 3741 veluti
516 3675 674 3742 absolutio
698 3683 905 3763 peccatorum
929 3678 1183 3761 sacramentalis,
1200 3683 1255 3743 aut

92 3798 157 3859 sunt
171 3799 323 3885 simplicis
335 3799 565 3866 iurisdictionis
578 3803 647 3867 sive
658 3801 844 3868 ordinariae
858 3803 927 3869 sive
942 3801 1118 3889 delegatae,
1132 3807 1168 3869 ut
1177 3807 1256 3888 puta

91 3933 234 3987 censuras
253 3922 355 3998 ferre,
372 3922 530 3990 beneficia
553 3926 715 4002 conferre,
733 3927 909 3993 sententias
924 3927 1044 4009 dicere,
1061 3927 1254 4014 approbare,

90 4041 271 4113 confirmare
294 4052 377 4125 acta,
401 4049 484 4114 baec
507 4051 660 4116 uniuersa
683 4052 862 4118 evitando
886 4053 999 4138 posita,
1024 4057 1099 4118 sunt
1121 4071 1256 4139 prorsus

91 4161 183 4251 irrita,
210 4177 346 4258 excepto
362 4172 509 4258 equidem
525 4195 601 4241 casu
625 4175 755 4243 erroris
781 4177 987 4252 communic,
1016 4197 1078 4262 quo
1106 4177 1255 4244 Ecclesia

91 4293 205 4376 supplet
231 4297 459 4364 iurisdictionis
490 4299 661 4366 defectum.
685 4301 777 4367 Unde
801 4303 895 4368 irrita
922 4300 1011 4369 esset'
1029 4301 1177 4369 beneficii
1201 4305 1255 4370 vel

92 4409 178 4482 olflcii
200 4421 328 4488 collatio
351 4421 438 4489 iacta
462 4425 739 4490 excommunicato
762 4425 911 4502 citando,
936 4429 990 4512 qui
1021 4426 1098 4493 huic
1125 4429 1254 4493 muneri
