3290 5100
286 307 353 374 490
809 329 894 376 raas
918 329 939 374 1.

380 449 455 515 423.
481 451 520 515 ln
543 451 605 516 hac
629 471 666 516 re
689 451 821 517 maximi
844 453 997 517 momenti
1014 458 1063 517 est
1085 453 1231 536 quaestio
1252 471 1296 516 an
1318 451 1474 536 expediat

287 573 476 659 permittere
519 575 752 642 catholicorum
786 578 1065 643 conversationem
1104 596 1178 641 cum
1216 575 1406 640 acatholicis
1436 576 1473 638 in

284 699 448 784 collegiis,
483 699 514 762 in
545 698 675 765 scholis.
707 735 724 746 -
750 700 855 764 Maior
886 698 1058 764 difficultas
1089 697 1193 764 obstat
1223 699 1313 763 circa
1342 699 1474 764 institu-

290 821 409 887 tionem
442 822 637 908 religiosam.
669 823 818 888 lamvero
849 823 941 897 haec,
966 823 1000 886 in
1031 823 1153 889 scholis
1179 822 1475 896 acutissumis

291 944 460 1010 catholicis
490 963 661 1031 sempera
684 945 853 1012 catholicis
882 944 1065 1011 homiuibus
1088 946 1195 1012 danda
1217 951 1267 1011 est
1293 966 1355 1011 nec
1376 951 1475 1010 actus

289 1072 395 1137 cultus
411 1071 530 1137 debent
545 1062 616 1137 es'se
637 1091 833 1154 communes,
849 1073 876 1138 si
892 1071 1032 1139 forsitan
1055 1072 1128 1138 illos
1150 1073 1295 1158 excipias
1317 1073 1371 1154 qui
1394 1071 1475 1156 poni

284 1197 391 1262 solent
419 1202 514 1264 extra
548 1197 669 1282 templa
699 1195 820 1281 absque
851 1196 918 1261 ulla
947 1199 1151 1263 solemnitate
1182 1199 1277 1279 ritus,
1304 1197 1407 1263 veluti
1437 1199 1474 1261 in

287 1323 345 1388 Dei
378 1322 535 1387 honorem
565 1322 704 1407 aliquam
739 1320 934 1387 cantilenam
965 1322 998 1386 in
1024 1322 1098 1386 loco
1126 1340 1193 1385 non
1223 1341 1317 1386 sacro
1348 1324 1478 1387 musice

266 1417 407 1513 ¹canere
430 1452 486 1512 aut
509 1448 659 1512 recitare.
679 1483 696 1495 -
715 1446 754 1512 In
778 1446 961 1513 civitatibus
982 1467 1063 1512 vero
1092 1449 1161 1512 sive
1189 1446 1476 1513 communitatibus

287 1572 332 1636 ita
356 1571 474 1642 nrixtis,
498 1569 642 1636 solemne
665 1569 728 1635 hoo
755 1569 869 1636 haberi
893 1569 987 1637 debet
1009 1573 1045 1636 ut
1064 1569 1171 1635 nullus
1185 1569 1360 1635 acatholici
1376 1567 1476 1649 tilius,

285 1696 411 1782 patriae
438 1694 599 1760 subiectus
622 1696 786 1780 potestati,
803 1694 990 1760 admittatur
1007 1693 1048 1759 ad
1072 1693 1264 1760 catholicam
1280 1694 1475 1780 religionem

289 1821 390 1885 invito
414 1824 519 1906 patre,
545 1820 585 1884 ob
619 1819 763 1885 eamdem
795 1797 955 1886 rationem
987 1839 1050 1904 qua
1077 1820 1227 1886 Ecclesia
1254 1840 1319 1885 non
1342 1820 1414 1885 vult
1438 1826 1474 1884 ut

292 1946 402 2010 invitis
424 1944 610 2030 parentibus
634 1943 690 2009 tilii
713 1945 930 2031 baptizentur:
954 1943 1046 2010 adest
1069 1946 1155 2011 enim
1182 1963 1333 2030 magnum
1354 1945 1388 2008 in
1408 1946 1474 2010 hoc

292 2069 513 2154 perversionis
525 2069 706 2153 periculum
721 2072 753 2133 et
768 2088 827 2154 pro
844 2068 1014 2156 Religione
1030 2069 1163 2154 gravius
1178 2068 1476 2154 pertimescendum

286 2194 438 2261 damnum
454 2193 510 2282 (l).
528 2209 537 2234 ·

311 2353 313 2358 ,
379 2318 459 2383 425.
485 2317 567 2382 Nam
584 2317 620 2382 iu
636 2317 761 2384 divinis
776 2337 848 2382 cum
864 2315 1056 2382 acatholicis
1069 2318 1316 2383 communicatio
1336 2323 1387 2382 est
1400 2338 1474 2403 pro

294 2440 406 2515 hibita,
431 2445 589 2525 quatenns
615 2439 878 2526 approbationem
902 2439 1105 2506 secumierre
1126 2439 1254 2506 videtur
1277 2445 1334 2505 aut
1355 2439 1476 2506 adhae-

290 2568 413 2632 sionem
430 2567 530 2631 cultui
554 2565 748 2633 acatholico.
772 2566 815 2631 nt
839 2566 871 2631 in
895 2585 972 2632 casu
988 2566 1199 2648 necessitatis,
1215 2565 1323 2632 debita
1341 2573 1477 2632 seruata

287 2691 403 2766 forma,
421 2696 453 2757 et
476 2697 599 2757 remoto
622 2690 776 2756 scandalo
791 2690 833 2756 ab
852 2691 1042 2756 acatholicis
1064 2699 1270 2759 sacramenta
1283 2695 1386 2780 recipi
1403 2713 1477 2780 pos·

288 2822 364 2884 sunt
380 2815 435 2904 (2).
454 2817 522 2882 lino
538 2816 718 2900 aliquando,
736 2815 896 2882 scandalo
912 2822 946 2882 et
959 2818 1178 2902 perversionis
1193 2819 1338 2904 periculo
1353 2823 1475 2892 amoto,

287 2943 396 3027 aliqua
423 2943 456 3007 in
481 2942 598 3008 divinis
615 2943 861 3008 communicatio
877 2942 966 3008 licita
988 2949 1038 3010 est
1061 2961 1104 3009 ex
1126 2945 1246 3009 motivo
1269 2943 1477 3021 ral.iouabili;

293 3089 335 3135 ex
352 3089 379 3135 c.
398 3070 424 3135 si
448 3067 602 3134 officiales
624 3073 681 3134 aut
703 3069 910 3154 magistratus
926 3069 1085 3144 catholici,
1102 3070 1135 3135 ri
1158 3066 1303 3137 muneris
1322 3072 1381 3144 sui,
1399 3089 1476 3136 con-

379 3280 418 3352 (1)
437 3280 508 3335 Nam
533 3281 560 3334 S.
579 3280 705 3335 Officium
729 3283 777 3337 dic
800 3283 836 3335 13
858 3292 926 3352 sept.
948 3281 1030 3336 1827
1053 3282 1207 3338 declararit
1232 3285 1268 3336 ab
1294 3282 1348 3337 hac
1373 3283 1478 3360 regula

288 3388 317 3440 in
338 3387 416 3456 praxi
435 3385 538 3440 discedi
557 3401 610 3439 nou
630 3385 743 3440 debere:
762 3385 920 3458 «infantes
938 3387 1126 3441 hereticorum
1145 3405 1162 3440 a
1181 3387 1344 3457 parentibus
1361 3385 1478 3441 oblatos

288 3513 344 3550 non
363 3511 423 3550 esse
441 3494 630 3563 baptizandos,
649 3494 702 3547 nisi
721 3494 875 3563 probabilis
893 3494 1030 3564 effulgeat
1042 3512 1105 3564 spes
1123 3493 1279 3550 catholicae
1297 3511 1393 3550 eorum
1407 3495 1478 3550 edu·

287 3601 443 3655 cationis».
464 3593 638 3666 Ct'tiiraldi,
652 3616 695 3670 op.
709 3600 762 3665 cit,
777 3600 795 3651 l.
808 3617 836 3668 p.
854 3599 918 3652 764
931 3615 968 3669 sq.
984 3599 1030 3653 ubi
1052 3601 1138 3654 refert
1152 3599 1367 3656 instructionem
1379 3598 1408 3654 S.
1421 3599 1477 3654 on.

287 3707 344 3762 diei
359 3709 394 3761 10
406 3707 466 3762 Mai
480 3707 571 3760 1753.
586 3705 654 3761 Item
668 3707 703 3759 cl.
714 3704 808 3761 Zitelli
822 3707 988 3776 Apparatus
1000 3709 1055 3760 iim.
1069 3708 1168 3762 eccles.
1184 3708 1247 3762 edit.
1258 3707 1287 3772 2,
1296 3725 1326 3778 p.
1336 3707 1412 3772 256,
1425 3709 1477 3762 ubi

288 3815 346 3870 late
360 3814 470 3870 disserit
488 3814 522 3867 de
540 3812 593 3868 hac
605 3813 768 3885 quaestione
787 3817 816 3868 et
835 3812 916 3882 plura
930 3813 1013 3868 affert
1029 3813 1142 3868 decreta
1154 3813 1181 3867 S.
1195 3813 1280 3869 Sedis.
1293 3814 1363 3868 Item
1377 3813 1477 3870 Consi.

289 3921 369 3976 Inter
381 3921 544 3990 omnigenas
557 3919 657 3973 Rened.
672 3917 753 3983 xtv3
766 3918 880 3989 eiusque
893 3934 963 3988 opus
977 3919 1020 3974 Dc
1034 3920 1108 3988 Sym,
1120 3919 1153 3973 L.
1166 3918 1195 3984 6,
1208 3937 1267 3990 cup.
1279 3920 1309 3973 5.
1319 3918 1478 3974 Historiam

290 4027 457 4083 tolerantiae
480 4025 600 4080 maxime
616 4025 749 4096 politicae
768 4029 798 4078 et
817 4025 910 4079 civilis
935 4025 1007 4080 texit
1027 4024 1136 4091 Deroti,
1154 4025 1221 4080 Just.
1243 4025 1308 4080 Cau.
1327 4025 1407 4080 Toni.
1427 4025 1480 4092 IV,

288 4137 328 4189 at.
350 4135 379 4202 6,
397 4133 455 4188 late
475 4133 597 4187 reterens
613 4132 799 4186 literaturam.
813 4161 830 4172 -
843 4131 873 4185 ln
887 4129 1070 4188 Collectanea
1087 4131 1121 4186 de
1141 4131 1222 4202 Prop.
1242 4131 1318 4191 Fide,
1336 4149 1362 4186 a.
1382 4129 1480 4197 1893,

289 4241 352 4297 vide
370 4244 462 4310 caput
482 4237 528 4304 IV,
548 4239 591 4293 Da
609 4238 857 4292 communicatione
876 4240 905 4291 in
924 4238 1026 4291 cliuims
1046 4255 1111 4292 cum
1129 4239 1299 4304 acatholicis,
1316 4255 1344 4308 p.
1361 4237 1437 4291 470.

378 4344 419 4414 (2)
439 4341 588 4414 Siquidem,
601 4357 650 4412 pro
664 4342 772 4397 ratione
792 4340 978 4409 necessitatis,
994 4340 1183 4396 administrari
1202 4346 1318 4411 possunt
1336 4339 1475 4396 nonnulla

290 4454 466 4506 sacramenta
484 4450 570 4505 etism
589 4450 624 4504 ab
643 4449 891 4504 excommunicatis
910 4451 1042 4504 vitandis.
1062 4449 1106 4505 01.
1124 4465 1209 4520 supra
1227 4467 1254 4504 n.
1276 4447 1335 4504 140.
