3296 5108
555 323 600 370 nn
624 321 779 370 nsurcms
803 323 845 368 nr
868 322 988 370 eonius
1293 303 1358 370 457

180 463 244 528 qua
273 445 456 518 revelatae,
481 444 671 512 catholicae.
697 445 787 512 Unde
813 445 913 512 infert
939 445 1190 530 ‹Attinguntur
1218 449 1296 510 tunc
1319 464 1359 510 ea

179 573 305 633 tantum
328 569 407 634 lolia
426 587 508 654 qnae
531 568 739 637 habitualiter
755 576 968 656 'propugnant
989 569 1190 642 atheismum
1208 569 1357 634 materia·

179 693 306 760 lismum
337 701 370 761 et
393 696 473 762 alios
497 715 628 764 errores
657 697 841 765 modernos
871 697 984 782 quibus
1014 697 1214 782 extinguitur
1245 713 1357 760 sensus

179 820 319 886 hominis
341 821 546 906 religiosus»
573 820 630 910 (1).

269 944 332 1012 Sed
347 943 511 1012 efficacior
526 951 559 1012 et
574 948 685 1012 verior
700 947 829 1012 videtur
843 946 959 1018 solutio
976 947 1172 1030 quaestionis
1195 947 1222 1010 si
1244 945 1357 1011 adver·

179 1070 283 1148 tatur,
315 1067 375 1152 per
401 1087 453 1139 se,
484 1087 543 1153 per
573 1067 748 1133 articulum
775 1067 904 1132 delendi
930 1067 1131 1154 retipionem
1160 1069 1355 1142 revelatam,

179 1209 295 1275 nempe
315 1210 444 1263 ream.
461 1191 517 1256 sed
539 1210 641 1275 aeque
664 1191 830 1276 prohiberi
847 1191 959 1273 diaria,
977 1191 1056 1257 lolia
1071 1211 1153 1276 quae
1169 1194 1356 1278 impugnant

179 1312 390 1381 fundamenta
421 1314 587 1401 religionis
617 1321 653 1380 ut
682 1319 758 1401 puta
786 1316 949 1381 Mosaicae
975 1321 1007 1380 et
1034 1315 1200 1401 religionis
1231 1335 1356 1400 quoque

180 1457 262 1520 pene
278 1438 436 1505 naturalis
452 1441 569 1525 qnippe
589 1445 622 1504 et
636 1439 751 1525 religio
768 1441 910 1505 Mosaios
933 1445 966 1506 et
982 1440 1101 1506 Christi
1118 1440 1232 1526 religio
1247 1459 1356 1506 ueces-

179 1561 265 1626 sario
281 1568 485 1636 corruerent,
503 1565 529 1628 si
552 1566 598 1630 uti
622 1565 840 1630 commentitia
865 1562 1024 1630 habeatur
1048 1565 1161 1650 religio
1185 1564 1355 1645 naturalis3

178 1687 286 1770 prouti
309 1707 463 1774 expresse
478 1693 572 1755 cavet
593 1688 760 1775 legislator
776 1694 840 1754 art.
856 1689 890 1753 2.
910 1690 1039 1755 Revera
1062 1707 1156 1753 secus
1179 1707 1261 1773 pene
1284 1689 1355 1752 inu-

179 1809 243 1876 tilis
270 1811 424 1878 eraderet
451 1813 533 1878 haec
564 1813 646 1899 legis
677 1814 890 1899 praescriptio
921 1833 1020 1898 quae,
1046 1817 1218 1885 econtra,
1243 1817 1355 1896 suapte

177 1940 296 2000 natura
318 1941 394 2001 nata
417 1941 466 2003 est
481 1957 657 2004 occurrere
682 1939 820 2002 maximo
837 1943 1020 2003 nostrorum
1043 1943 1223 2022 temporum
1244 1936 1355 2002 discri-

178 2061 266 2126 mini.
291 2060 339 2127 Cl.
365 2063 552 2128 Pennacchi
571 2063 702 2146 p.162.
719 2064 853 2128 Forsam
875 2061 971 2128 dictio
997 2064 1086 2146 -qui
1109 2062 1353 2148 teleptensem...

177 2184 345 2268 impetunt
362 2221 379 2234 -
404 2186 682 2272 comprehendens
705 2187 895 2273 simpliciter
911 2186 1110 2272 retipionem
1130 2187 1175 2250 ita
1197 2191 1355 2271 concepta

177 2313 228 2376 est
251 2313 286 2373 ut
309 2309 493 2396 intelligere
524 2308 696 2376 debeamus
722 2311 922 2398 retipionem
944 2311 1102 2377 universe
1126 2317 1238 2376 tamen
1261 2331 1353 2377 sum·

172 2439 272 2516 ptam
288 2433 369 2499 adeo
384 2441 419 2500 ut
436 2435 589 2520 impetitio
607 2437 699 2500 unius
715 2435 871 2521 dogmatis
887 2436 987 2500 veluti
1003 2434 1253 2518 infallibilitate
1264 2454 1353 2519 pon·

178 2558 308 2642 thiriae,
326 2561 444 2626 ceteris
467 2566 580 2646 aperte
594 2560 741 2626 admissis
765 2567 797 2625 et
819 2557 1019 2627 confirmatis
1042 2581 1106 2626 non
1125 2561 1298 2626 constituat
1321 2561 1353 2625 in

176 2701 274 2748 sensu
297 2685 426 2750 articuli
449 2685 611 2769 impetere
633 2685 833 2769 simpliciter
855 2685 1055 2772 retipioeem
1069 2721 1086 2734 -
1101 2685 1237 2752 Genicot
1262 2686 1351 2752 Teot.

176 2810 298 2875 encrat.
316 2811 344 2882 Ι,
362 2811 442 2886 452,
461 2813 492 2882 9,
510 2810 627 2896 probat
648 2812 734 2877 hanc
756 2813 969 2897 posteriorem
985 2812 1176 2877 sententiam
1200 2809 1256 2876 sed
1280 2829 1353 2875 con·

176 2932 293 2998 cludit:
321 2937 508 3000 «Attamen
532 2933 681 3018 quamdiu
704 2935 794 2999 nulla
813 2935 1035 3000 intercesserit
1058 2933 1141 2998 sedis
1166 2933 1351 3006 declaratio,

176 3055 274 3119 etiam
302 3055 535 3140 benipniorem
558 3056 757 3122 sententiam
779 3057 813 3120 in
840 3057 934 3140 praxi
959 3055 1073 3120 deduci
1095 3075 1188 3140 posse
1212 3055 1351 3120 arbitra-

176 3199 293 3246 mur.»
315 3180 377 3246 Sed
400 3181 477 3246 huic
499 3181 696 3246 conclusioni
721 3201 785 3245 non
809 3180 904 3265 plene
928 3179 1150 3246 adhaeremus.

267 3304 346 3369 Nam
374 3325 433 3390 pro
460 3307 555 3391 praxi
579 3305 711 3370 maximi
734 3303 886 3390 ponderis
909 3311 958 3370 est
981 3305 1113 3369 monitio
1139 3321 1295 3387 expressa
1318 3305 1351 3369 in

175 3425 404 3522 ultimatparte
427 3429 572 3504 articuli;
590 3447 722 3513 nempe:
742 3447 759 3490 ‹
781 3425 907 3494 Carent
932 3426 1151 3493 metuerit...
1176 3427 1217 3492 cte
1242 3426 1351 3491 lautus·

174 3551 269 3618 modi
292 3553 442 3622 lectionis
460 3555 615 3638 periculo
635 3561 667 3621 et
681 3555 808 3620 dernrw
827 3554 943 3639 fideles
958 3561 1149 3636 opportuna
1164 3571 1303 3618 rsonae
1319 3574 1350 3616 ».

175 3675 332 3742 Nimirum
349 3698 539 3764 comparare
554 3679 651 3744 liceat
666 3677 914 3763 prohibitionem
927 3683 991 3743 art.
1005 3678 1059 3760 21,
1072 3697 1207 3761 poenae
1223 3681 1243 3744 l.
1257 3683 1351 3758 sent,

174 3819 257 3885 quae
280 3808 388 3869 tamen
411 3805 445 3868 in
467 3805 660 3869 executione
683 3802 844 3868 desiderat
860 3802 1059 3868 sententiam
1075 3803 1350 3884 declaraturam,

172 3945 212 3991 eo
235 3929 338 4012 magis
361 3933 572 4013 opportunam
596 3927 635 3993 ob
660 3928 805 3993 diversas
829 3929 1113 4012 interpretationes
1134 3927 1351 3992 adanonistis

170 4049 263 4118 datas
285 4052 361 4118 huic
392 4053 539 4120 articulo.
564 4053 649 4120 Sane
682 4058 715 4120 ut
737 4052 820 4118 bene
850 4050 991 4117 advertit
1014 4052 1232 4127 Vermeerch‚
1256 4051 1351 4116 hodie

261 4229 299 4300 (l)
319 4229 392 4283 ldem
411 4230 541 4299 opinatur
559 4229 663 4295 Zitelli‚
683 4231 844 4300 Apparatus
863 4229 935 4283 turis
954 4227 1051 4282 eccles.
1069 4247 1098 4298 p.
1120 4227 1184 4280 540
1202 4238 1265 4284 etot..
1286 4227 1350 4281 dum

168 4335 293 4404 explicat
312 4335 466 4390 clausulam
486 4335 587 4406 apponi
607 4335 719 4389 solitam
739 4335 874 4404 rescripto
893 4334 1037 4388 facultatis
1050 4333 1162 4404 legendi
1179 4333 1265 4388 libros
1285 4350 1350 4403 pro·

169 4437 283 4506 hibitus,
301 4442 451 4496 dummodo
470 4443 500 4494 hi
518 4451 615 4496 contra
633 4440 801 4510 relipioncm
821 4457 857 4494 ee
874 4443 1002 4511 professo
1022 4455 1078 4493 non
1097 4450 1191 4509 cpont.
