3202 5104
464 339 509 386 DE
533 337 685 386 nanterre
709 337 752 384 ΕΤ
774 335 896 384 POENIS
1203 313 1266 381 201

108 483 188 550 qaae
208 462 331 546 incipit.
348 465 402 530 An
417 479 612 537 neironem
637 459 700 527 boc
717 465 858 544 eccepto
874 457 966 544 quod
982 458 1274 526 communicantes

108 609 178 656 cnm
206 587 505 656 eaccmmuntcatis
530 585 681 654 vitandis
713 585 812 652 bodie
841 604 912 651 non
934 585 1118 651 incurrunt
1141 602 1273 650 cacam·

108 714 358 781 manicationcm
382 681 555 780 ¹tenuiorem
579 709 625 798 (l)
646 717 790 796 praeter
815 731 916 778 canes
945 709 1207 793 comprehensae
1236 707 1274 776 in

112 838 210 904 Germ.
234 832 482 904 Arosr.Snn1s
507 835 527 900 1
535 831 566 900 V
583 835 663 902 idue
687 833 754 901 Oct.
778 832 916 900 1869».
941 833 984 897 Hi
1008 851 1102 898 casus
1125 835 1200 896 sunt
1222 849 1275 896 se-

108 965 238 1044 quantes.

186 1086 277 1153 Inter
299 1083 647 1152 excommunicationes
669 1082 690 1147 l.
707 1101 734 1148 o.
750 1080 950 1164 simpliciter
966 1082 1075 1167 Papae
1091 1085 1276 1148 reservatas

109 1209 159 1276 sub
179 1231 212 1275 n.
235 1210 278 1276 16
301 1209 635 1276 excommunicatione
665 1207 908 1294 percelluntur:
935 1227 953 1270 ‹
980 1205 1277 1274 communicantes

109 1355 176 1400 cum
191 1334 484 1402 eacontmunicato
499 1332 703 1400 mminatim
718 1351 742 1398 a
753 1331 853 1416 Papa
869 1332 907 1397 in
923 1331 1066 1398 crimine
1081 1329 1275 1406 criminoso,

109 1459 272 1526 cismlicet
295 1457 525 1542 impendendo
549 1458 722 1525 ancilium
744 1457 798 1524 vel
819 1456 975 1540 facerem
999 1477 1031 1522 a.
1055 1455 1187 1524 Crimen
1211 1455 1276 1522 cri-

109 1583 252 1648 minosum
267 1587 319 1649 est
334 1582 437 1668 ipsum
452 1583 576 1647 crimen
600 1579 641 1646 ob
665 1580 749 1667 quod
764 1580 1062 1645 excommunicatus
1081 1579 1151 1662 quis
1173 1577 1245 1644 tuit.
1261 1611 1277 1626 -

109 1705 165 1771 Sub
178 1726 209 1771 n.
223 1707 263 1772 17
280 1707 393 1773 eadem
411 1707 550 1772 censura
564 1707 761 1792 puniuntur:
780 1724 798 1768 ‹
818 1703 942 1771 Clerici
955 1703 1099 1770 scienter
1113 1708 1145 1770 et
1158 1707 1279 1787 sponte

109 1823 385 1898 communicantes
406 1831 444 1897 in
467 1831 592 1898 dianio
618 1850 697 1898 cam
715 1829 876 1914 personis
898 1847 921 1894 a
943 1829 985 1894 ll.
1008 1828 1050 1894 P.
1073 1825 1278 1894 nominatim

109 1954 412 2031 encommunicatis,
436 1960 468 2022 et
489 1955 582 2040 ipsos
604 1954 642 2019 in
661 1953 779 2040 officiis
794 1953 994 2038 recipientes
1010 1973 1040 2018 ›.
1065 1951 1183 2018 Clerici
1198 1969 1278 2016 vero

110 2081 292 2166 recipientes
315 2081 356 2146 ad
380 2081 489 2146 divina
511 2079 617 2147 officia
631 2081 930 2147 excommunicatos
945 2079 1134 2145 nominatim
1157 2077 1198 2144 ab
1215 2077 1278 2146 Or·

109 2202 240 2278 dinariis,
265 2207 441 2272 incurrunt
470 2204 676 2272 interdictum
707 2204 747 2269 ab
776 2205 925 2290 ingressu
948 2203 1117 2270 Ecclesiae
1147 2202 1279 2289 speciali

111 2328 193 2394 modo
221 2330 251 2397 S.
278 2330 375 2396 Pont.
399 2335 613 2396 reservatum.
629 2363 645 2378 -
668 2329 749 2395 ltem
773 2329 849 2415 quia
872 2329 1111 2394 communicare
1135 2347 1200 2393 non
1223 2325 1277 2394 de·

109 2449 209 2520 bemus
231 2453 404 2538 defunctis,
421 2455 535 2540 quibus
554 2473 619 2520 non
634 2453 939 2520 communicavimus
958 2453 1051 2535 vivis,
1068 2457 1222 2539 cogentes
1245 2457 1278 2520 el

110 2575 286 2644 mandantes
311 2577 396 2642 tradi
423 2577 609 2663 sepulturae
640 2577 880 2642 ecclesiasticae
910 2577 1205 2642 excommunicatos
1228 2577 1278 2640 vi·

109 2698 221 2782 undas,
232 2703 407 2768 incurrunt
419 2700 782 2768 excommunicationem
798 2701 919 2766 nemini
937 2705 1147 2766 reservatam.
1162 2701 1189 2764 li
1200 2718 1280 2764 vero

109 2824 156 2905 qui
177 2844 220 2892 ea
242 2827 351 2912 officio
376 2827 542 2912 expellere
566 2825 732 2900 deberent,
756 2831 790 2891 et
811 2844 831 2892 e
853 2831 968 2892 contre
990 2824 1177 2900 admittunt;
1198 2823 1281 2890 «in

109 2947 277 3016 terdictam
297 2949 341 3016 ab
356 2949 513 3037 inpressu
528 2948 700 3016 Eccleriae
715 2949 789 3032 ipso
803 2948 895 3033 facto
911 2949 1095 3015 incurrunt
1111 2947 1219 3014 donec
1233 2947 1282 3014 ccl
1297 3013 1300 3022 ,

110 3067 281 3138 arbitrium
305 3071 378 3139 citur
400 3071 497 3140 caius
519 3071 719 3138 sententiam
747 3076 1030 3154 contempserunt,
1054 3074 1283 3154 competenter

109 3193 324 3277 satisfecerint
347 3218 378 3260 ›.
404 3198 495 3270 Item,
520 3193 633 3262 eadem
656 3195 697 3262 de
720 3198 855 3270 ratione,
881 3195 1086 3262 interdictum
1109 3196 1282 3260 incurrunt

108 3309 200 3382 letum
222 3320 280 3385 sub
305 3320 420 3386 eodem
442 3340 476 3385 n.
500 3320 545 3386 2:
571 3340 589 3385 ‹
613 3318 764 3388 Scienter
790 3319 997 3388 celebrantes
1028 3319 1080 3386 ael
1111 3318 1283 3386 celebrare

108 3440 262 3522 sanantes
278 3445 398 3512 diuina
420 3445 457 3512 in
481 3445 562 3513 lacis
577 3444 621 3513 ab
639 3443 823 3512 Ordinatio
847 3446 900 3511 ael
923 3445 1076 3532 clelepatc
1096 3443 1208 3510 iudice
1230 3443 1283 3510 cel

109 3565 220 3633 aiure
242 3569 519 3643 interluceant
541 3567 746 3637 nominatim
761 3569 1073 3637 excommunicatos
1096 3568 1143 3634 ad
1166 3566 1284 3634 dimna
1325 3560 1329 3566 ’

109 3689 210 3772 officia
232 3712 293 3760 sen
315 3693 542 3761 ecelesiastica
564 3698 782 3760 samamcnta
804 3693 856 3758 ael
880 3691 1154 3760 Ecclesiasticam
1175 3691 1285 3774 repul-

110 3815 214 3880 taram
229 3816 487 3884 admittentem...
505 3838 524 3880 a
542 3837 585 3883 ex
601 3815 711 3884 const.
728 3817 790 3902 Ap.
808 3815 881 3882 Sed.
898 3817 988 3882 inter
1002 3815 1182 3882 interdicta
1196 3835 1230 3880 n.
1245 3813 1282 3896 2,

109 3945 286 4006 reservata.

194 4063 432 4134 Subdivisiones
448 4066 789 4133 excommunicationis
804 4065 948 4134 maioris
968 4067 1013 4132 ila
1029 4065 1132 4130 refert
1147 4062 1282 4130 Benedi-

111 4189 174 4254 ctus
190 4189 274 4258 XIV
288 4191 340 4257 De
354 4189 437 4279 Syn.
454 4191 559 4259 dioec.
575 4186 618 4268 X,
635 4212 664 4259 c.
676 4192 704 4268 1,
720 4211 755 4258 n.
774 4191 798 4258 7
814 4211 832 4254 ‹
849 4192 976 4258 Norunt
991 4209 1102 4256 omnes
1119 4189 1181 4255 viri
1197 4185 1283 4255 docti

194 4347 234 4417 (l)
254 4347 321 4403 lure
338 4349 414 4404 enim
432 4347 622 4404 Decrecelium
640 4364 696 4403 non
714 4348 801 4404 semel
820 4347 889 4404 haec
909 4347 1050 4419 prohibita
1069 4345 1285 4402 communicatio

90 4448 290 4509 mulctabatur
302 4459 442 4511 ‘excomm
461 4457 584 4512 maore:
604 4459 639 4512 ci.
657 4455 773 4512 Berardi
794 4457 813 4511 l.
833 4458 877 4512 cit.
