3296 5108
554 313 598 356 ou
622 311 775 358 urnrcms
800 313 841 358 ur
866 311 984 359 reatus
1291 291 1355 358 409

182 433 328 498 Proinde
360 438 454 500 restes
482 433 536 517 qui
563 441 722 520 coguntur
753 435 972 501 attestationes
1004 432 1110 515 edere,
1139 434 1261 500 milites
1291 436 1355 518 qui,

181 557 264 643 legis
287 559 431 642 imperio.
457 558 598 622 militiam
624 558 746 623 iaciunt
769 561 913 642 quamvis
936 557 1150 624 adhibeantur
1173 561 1218 625 uti
1242 578 1356 624 execu-

179 689 271 748 tores
298 703 419 769 poenae
451 684 596 770 capitalis
628 685 660 750 in
692 705 782 750 suum
811 685 1068 758 commilitonem,
1094 705 1157 750 non
1186 688 1356 751 incurrunt

178 809 472 894 irregularitatem:
490 810 602 874 saltem
620 830 672 875 res
688 809 783 874 dubia
799 815 864 886 est;
881 811 955 895 quia
972 811 1021 875 isti
1038 830 1103 876 uon
1118 816 1217 897 agunt
1232 812 1355 876 ratione

182 931 278 998 officii
300 940 420 1017 sponte
443 935 591 1019 suscepti.
618 935 708 1009 Quod
732 937 758 1000 si
782 938 876 1000 etiam
901 937 1033 1002 militiae
1056 955 1172 1000 nomeu
1197 935 1355 1000 dederunt

180 1063 305 1142 sponte.
331 1065 365 1124 at
388 1080 429 1124 ne
453 1061 636 1144 cogitarunt
660 1058 786 1144 quidem
810 1059 850 1125 de
874 1080 949 1126 casu
973 1079 1036 1144 quo
1062 1071 1259 1145 cogerentur
1284 1077 1355 1124 esse

181 1183 320 1246 ministri
345 1203 469 1267 poenae
493 1184 649 1268 capitalis.
673 1183 720 1249 cf.
747 1181 889 1249 Reiffest.
916 1185 956 1256 V,
984 1185 1024 1250 12
1053 1184 1131 1259 105;
1156 1182 1355 1249 D’Annibale

183 1308 209 1384 l,
233 1306 308 1376 426.
334 1313 366 1371 et
390 1309 546 1393 Gasparri
571 1309 636 1373 454
651 1309 712 1390 (1).

272 1429 348 1494 320.
374 1431 588 1496 Homicidium
613 1438 645 1496 et
668 1433 823 1498 mutilatio
847 1447 936 1515 quae·
952 1429 1031 1498 fiant
1053 1432 1090 1496 iu
1114 1431 1197 1498 bello
1226 1432 1355 1516 pariunt

90 1645 91 1648 Ἴ
181 1555 457 1639 irregularitatem
477 1555 533 1620 sed
550 1555 763 1621 diversimode
777 1561 844 1620 turn
861 1556 964 1639 quoad
982 1574 1122 1624 causam
1141 1555 1353 1640 promineant,

180 1683 247 1742 turn
272 1678 377 1761 quoad
395 1698 573 1762 personas.

271 1799 302 1866 Si
327 1801 445 1866 bellum
470 1803 511 1866 sit
533 1801 697 1868 iniustum
720 1807 786 1866 tum
811 1821 907 1866 causa
931 1801 1078 1887 proxima
1105 1800 1354 1886 irregularitatis

177 1931 230 1991 est
253 1927 410 1994 delictum
432 1934 465 1993 et
488 1928 656 1993 dummodo
680 1947 762 1992 unus
785 1933 907 1994 tantum
925 1927 1089 1992 occidatur
1112 1933 1167 1992 aut
1190 1927 1355 1991 mutiletur

178 2070 292 2116 omnes
315 2049 395 2117 fiunt
419 2053 617 2137 irregulares
641 2055 693 2136 qui
718 2054 749 2116 in
774 2051 927 2118 eiusmodi
951 2053 1068 2117 bellum
1092 2057 1205 2138 sponte
1222 2071 1354 2117 concur·

180 2184 305 2242 rerunt.
324 2213 342 2225 -
362 2179 494 2261 inquam
517 2184 636 2261 sponte
643 2199 657 2260 ,·
680 2198 753 2242 nam
778 2179 831 2261 qui
854 2178 950 2242 inuiti
972 2178 1104 2244 militiae
1127 2197 1241 2241 nornen
1260 2175 1353 2241 dede·

180 2307 258 2366 runt
274 2305 380 2388 prouti
395 2301 491 2368 hodie
514 2303 662 2368 accidere
677 2303 758 2367 solet
774 2323 872 2387 penes
889 2323 956 2374 nos,
973 2303 1124 2368 videntur
1140 2303 1298 2366 immunes
1313 2300 1353 2364 ab

182 2427 432 2513 irregularitate,
450 2427 618 2494 dummodo
642 2427 682 2492 de
705 2427 791 2492 iacto
806 2429 968 2493 neminem
992 2427 1173 2494 occiderint
1187 2432 1242 2492 aut
1265 2427 1354 2491 muti-

180 2553 323 2617 laverint
345 2571 450 2636 neque
473 2552 552 2616 alios
568 2550 608 2615 ad
628 2550 659 2616 id
675 2552 900 2616 excitaverint.
919 2552 968 2615 lta
983 2550 1111 2617 videtur
1126 2549 1353 2635 intelligendus

180 2677 299 2741 Suarez
324 2677 461 2748 XLVII,
486 2676 561 2750 5,1;
579 2675 620 2740 cs.
640 2674 758 2738 Bened.
785 2675 867 2740 xlv
893 2675 973 2740 lost.
998 2674 1198 2744 ecolesma
1224 2673 1256 2738 8.
1278 2708 1296 2720 -
1315 2674 1352 2737 lu

176 2799 285 2881 dubio,
302 2798 384 2864 bene
408 2799 559 2864 observat
575 2800 729 2883 Gasparri
751 2800 824 2870 448,
843 2797 960 2862 bellum
985 2799 1201 2883 praesumitur
1216 2797 1351 2862 iustum.

212 2915 215 2924 ’
268 2921 306 2986 In
331 2922 415 2986 bello
438 2921 524 2988 iusto
548 2895 731 3004 defensis-0,
758 2939 846 2986 curor
871 2941 934 2984 non
959 2917 1040 2986 fiunt
1067 2920 1265 3005 irregulares
1292 2921 1352 2985 etsi

175 3047 359 3113 occiderint
382 3053 414 3112 et
438 3046 657 3111 mutilaverint
688 3047 795 3110 hostes
819 3050 851 3109 et
874 3050 987 3128 sponte
1011 3045 1044 3108 in
1067 3045 1169 3108 aciem
1201 3062 1353 3108 conscen-

177 3171 295 3236 derint.
321 3172 460 3237 Utamur
483 3172 510 3235 si
541 3178 654 3254 sponte
683 3169 798 3232 milites
821 3189 856 3232 se
879 3168 1134 3252 conscripserint
1158 3173 1190 3232 et
1212 3167 1350 3251 aliquem

176 3296 357 3362 occiderint
380 3304 435 3360 aut
457 3296 678 3362 mutilaverint
701 3295 760 3359 etsi
783 3293 821 3356 ad
847 3295 894 3357 sui
919 3293 1149 3360 defensionem.
1171 3291 1252 3361 fiunt
1272 3295 1352 3359 irre-

176 3420 309 3504 gulares
326 3440 405 3484 sane
421 3439 484 3483 non
501 3439 547 3484 eac
562 3419 682 3484 delicto
698 3418 752 3482 sed
770 3438 812 3482 ex
829 3417 961 3499 defectu
977 3417 1136 3499 lenitatis
1151 3437 1221 3502 arg.
1239 3439 1265 3483 c.
1283 3439 1310 3483 c.
1327 3419 1352 3484 3

178 3545 228 3610 De
259 3545 379 3611 clerico
405 3562 609 3628 percussore
632 3545 665 3607 X
687 3541 740 3624 (V,
766 3541 831 3626 25),
861 3547 893 3606 et
914 3541 963 3606 24
987 3541 1036 3607 De
1060 3542 1215 3608 homicid.
1240 3543 1273 3606 X
1293 3545 1350 3622 (V,

181 3668 245 3755 12).
272 3670 503 3754 lntelliguntur
525 3687 605 3734 vero
629 3667 742 3733 clerici
765 3686 829 3730 non
861 3672 974 3750 sponte
1005 3666 1136 3731 militiae
1167 3668 1350 3750 conscripti,

176 3793 203 3856 si
229 3792 307 3858 laici
330 3790 522 3856 deficiebant
545 3791 598 3856 vel
622 3790 701 3855 alias
725 3788 856 3853 militiae
873 3808 989 3854 nomen
1006 3787 1154 3854 dederint
1176 3789 1208 3852 in
1229 3810 1351 3854 summo

264 4005 304 4074 (l)
326 4003 432 4056 Revera
452 4020 531 4057 casus
550 4021 566 4055 a
586 4002 665 4055 nobis
685 4001 841 4070 propositus
859 4001 952 4053 durior
971 4007 1014 4054 est
1032 4016 1098 4053 casu
1117 4017 1199 4070 quem
1219 4001 1351 4070 Gasparri

172 4111 332 4175 examinat3
351 4110 398 4164 sed
417 4111 545 4179 principii
571 4107 712 4178 generalis
736 4107 807 4161 ratio
831 4107 940 4162 videtur
964 4123 1018 4160 non
1045 4108 1136 4161 miuus
1162 4125 1246 4160 unum
1269 4125 1351 4178 quam

170 4217 293 4271 alterum
313 4233 405 4270 casum
428 4215 671 4286 comprehendere.
696 4217 829 4269 Attamen
854 4213 949 4284 aliqua
975 4213 1170 4283 irregularitas
1194 4217 1350 4284 irreproprr‘o

172 4323 282 4378 videtur
306 4325 417 4378 obstare
442 4323 588 4392 quominus
611 4321 744 4375 eivrsmodi
768 4319 852 4374 homo
877 4339 897 4372 s.
918 4320 1061 4373 ordinibus
1088 4319 1230 4386 initietur,
1255 4321 1348 4388 prouti

170 4429 271 4484 siradet
290 4431 384 4499 prauis
403 4429 429 4482 S.
449 4427 533 4498 Cong.
554 4427 659 4480 Concil.
