3202 5104
467 307 511 355 nr
535 307 689 356 nnnrcrrs
712 309 755 356 cr
779 307 898 356 roeurs
1206 286 1274 353 219

186 432 267 497 Nam
290 431 348 498 sub
370 433 434 497 alia
457 433 583 498 ratione
607 435 792 502 continetur
813 431 991 519 prohibitio
1007 449 1089 515 quae
1105 451 1125 495 a
1140 430 1275 494 nonnul·

99 559 136 622 lis
157 557 255 622 rebus
277 562 401 622 tantum
424 563 581 643 quatenus
604 560 666 624 hae
688 577 810 626 sacrae
832 563 911 624 saal
938 562 971 624 et
993 555 1171 622 destinatae
1194 556 1273 622 arai

101 679 246 763 fidelium,
270 682 436 767 prohibet;
460 683 546 750 unde
568 705 589 750 a
615 685 744 756 Suaraz,
769 682 915 754 XXXII,
942 683 970 757 1,
995 683 1027 756 4,
1052 683 1098 748 ita
1120 678 1273 747 definitur

88 804 300 898 ⁴interdictum
325 825 343 868 ‹
367 805 519 872 Censura
542 807 765 873 ecclesiastica
784 805 971 890 prohibeas
993 824 1095 872 acam
1117 823 1272 890 quaran-

101 927 177 993 dam
190 947 312 994 rerum
332 928 531 996 divinarum
545 933 585 996 ai
597 929 753 1016 fidelibus
768 949 992 1002 commanem,
1010 934 1177 1015 quatenus
1197 926 1274 994 talis

101 1057 145 1118 est
160 1073 189 1117 ›.
215 1053 430 1128 Quamobrem
462 1054 669 1121 interdictum
695 1055 845 1141 percellit
866 1055 967 1122 laicos
990 1061 1023 1120 et
1045 1054 1192 1127 clericos,
1219 1073 1274 1120 eos

102 1197 211 1242 arcens
240 1177 307 1242 nod
331 1199 351 1243 a
374 1181 611 1247 communione
643 1201 717 1246 cum
747 1179 895 1246 Ecclesia
918 1185 951 1247 et
974 1177 1129 1252 fidelibus,
1153 1177 1210 1243 sed
1232 1177 1272 1244 ab

102 1320 170 1375 risu,
193 1321 258 1386 qua
280 1302 347 1377 tali,
371 1323 491 1370 reram
512 1323 696 1372 sacrarum
720 1301 866 1369 fidelibus
889 1303 1122 1371 communiam
1138 1301 1178 1367 ad
1193 1321 1273 1386 quas

102 1425 230 1508 proinde
253 1428 304 1492 ius
326 1427 486 1494 haberent
516 1431 591 1514 quia
613 1434 647 1494 et
668 1430 728 1515 ipsi
758 1431 922 1514 pertinent
948 1427 989 1494 ad
1017 1427 1273 1493 communionem

103 1547 235 1614 fidelium
260 1557 294 1616 et
316 1553 396 1618 istae
419 1571 472 1619 res
495 1551 641 1620 fidelibus
664 1558 739 1619 sunt
768 1573 954 1618 communes
976 1573 996 1617 a
1020 1551 1133 1636 quibus
1157 1551 1273 1616 nihilo·

104 1673 209 1747 minus,
234 1675 268 1738 in
292 1694 428 1760 poenam
451 1675 684 1750 medicinalem,
708 1675 921 1762 prohibentur
943 1649 1054 1740 fideles
1077 1673 1269 1744 interdictis

189 1797 261 1863 146.
287 1799 466 1866 Praeterea
488 1800 678 1866 advertatur
693 1800 856 1867 interdicti
876 1821 946 1866 esse
970 1800 1146 1885 proprium,
1161 1798 1273 1883 prohi-

103 1919 175 1986 bere
197 1944 291 1988 usum
316 1923 525 2008 quarumdam
551 1945 662 1990 rerum
690 1923 871 1989 divinarum
897 1929 931 1990 at
958 1923 1183 2005 diversimode,
1206 1924 1275 1987 siva

104 2045 221 2114 duecte
249 2049 473 2114 interdicendo
495 2069 668 2134 personas,
693 2051 762 2116 sive
786 2050 910 2116 directe
931 2050 1004 2114 loca
1027 2069 1121 2114 sacra
1144 2054 1176 2114 et
1199 2049 1276 2114 hinc

104 2173 258 2241 indirecte
281 2193 449 2261 personas.
473 2211 517 2224 -
537 2175 715 2242 Interdicti
737 2195 817 2240 vero
840 2195 957 2239 nomen
982 2179 1032 2240 est
1053 2175 1098 2239 ita
1121 2173 1275 2260 generale

105 2304 134 2362 et
153 2298 261 2373 latum,
287 2305 323 2365 ut
343 2303 452 2386 pateat
467 2299 624 2383 quomodo
639 2301 697 2366 sub
714 2321 748 2366 se
764 2302 904 2386 potuerit
920 2299 1092 2384 antiquiori
1108 2298 1274 2385 disciplina

105 2423 375 2507 comprehendere
396 2423 687 2498 indiscriminatim,
705 2444 770 2489 non
790 2443 883 2489 secus
906 2443 945 2488 ac
968 2423 1275 2488 excommunicatio-

105 2547 149 2612 nis
170 2546 371 2621 vocabulum,
389 2567 623 2633 quamcumque
646 2550 786 2633 speciem
809 2568 1020 2613 censurarum
1044 2553 1077 2612 et
1099 2567 1275 2632 poenarum

105 2687 181 2751 quae
206 2672 241 2735 in
265 2671 413 2736 Ecclesia
443 2671 608 2758 potissima
638 2669 823 2737 obtinentur
853 2690 913 2756 per
939 2669 1136 2754 prohibitum
1164 2689 1274 2734 rerum

105 2815 265 2862 sacrarum
301 2817 402 2863 usum.
436 2797 484 2863 of.
509 2797 656 2879 Berardi,
684 2798 812 2865 Comm.
835 2796 873 2862 ia
895 2795 949 2862 ius
972 2817 999 2862 o.
1022 2798 1086 2864 ool.
1104 2795 1151 2870 ΙΙ,
1177 2796 1197 2859 l.
1222 2794 1275 2862 cii.

107 2917 172 2986 Dis.
195 2920 228 2994 3,
254 2941 283 2988 c.
307 2919 339 2996 8,
363 2922 386 3004 S
412 2921 577 2988 Ceteram.

187 3045 240 3111 Ex
262 3044 421 3112 hodierna
443 3051 551 3112 autem
574 3045 754 3132 disciplina,
777 3045 984 3110 interdictum
1007 3045 1053 3110 uti
1068 3063 1133 3108 non
1150 3063 1277 3129 semper

106 3167 222 3236 directe
252 3168 353 3236 afficit
383 3190 548 3258 personas,
574 3172 618 3237 ita
641 3191 705 3236 non
730 3189 859 3257 semper
882 3169 1029 3237 eumdem
1051 3169 1149 3235 habet
1176 3168 1275 3234 ambi·-

107 3297 176 3358 tum.
200 3297 331 3362 Revera
361 3295 567 3362 interdictum
592 3295 784 3384 dispescitur
805 3297 839 3360 in
858 3297 1052 3380 personate,
1077 3295 1192 3375 locate,
1216 3293 1276 3358 mi-

107 3424 207 3486 atam.
225 3423 268 3487 Et
289 3427 357 3488 tum
375 3423 569 3506 personate,
586 3428 653 3487 tnm
678 3423 783 3489 locate
805 3426 855 3487 est
866 3423 1080 3505 particulare
1103 3426 1159 3486 aut
1179 3440 1277 3506 perre-

108 3545 183 3610 rale.
209 3580 226 3595 -
250 3545 438 3614 Personate
461 3553 510 3613 ost
533 3567 595 3632 quo
619 3567 759 3634 persona
782 3546 974 3633 prohibetur
1004 3544 1043 3610 ab
1075 3567 1134 3611 usu
1164 3564 1276 3610 rerum

109 3666 299 3748 divinarum3
324 3677 428 3738 otest
449 3674 609 3759 peramato
632 3672 758 3756 quando
782 3673 909 3757 integer
928 3675 1037 3736 coetus
1053 3689 1276 3756 personarum,

109 3792 148 3854 uti
171 3795 354 3880 capitulum,
378 3794 433 3861 rel
455 3797 592 3881 populus
614 3796 678 3861 hoc
700 3793 849 3869 afficitnr;
873 3798 922 3860 est
943 3793 1089 3876 speciale
1111 3795 1136 3858 si
1161 3794 1276 3878 aliquis

109 3914 156 3979 vel
178 3918 274 4004 aliqui
296 3919 343 3983 uti
366 3919 493 4006 singuli,
518 3919 734 4004 prohibitione
757 3919 989 4006 percelluntur.
1016 3954 1034 3967 -
1059 3919 1191 3998 Locate,
1213 3937 1275 4003 quo

110 4057 217 4126 nempe
239 4042 364 4109 directe
387 4047 496 4108 certus
519 4043 610 4108 locus
634 4043 850 4128 prohibitione
881 4041 1029 4115 afficitur,
1054 4047 1103 4108 est
1120 4041 1276 4125 partica-

111 4161 186 4239 lare,
209 4167 236 4231 si
259 4165 409 4252 prohibet
430 4185 492 4250 quo
516 4169 621 4233 minus
651 4167 683 4231 in
712 4173 802 4232 certo
825 4166 897 4231 loco
928 4164 1136 4232 celebrentur
1163 4185 1277 4231 sacrae

111 4285 303 4370 iunctiones3
326 4311 369 4358 en
391 4291 543 4366 adverso,
568 4294 675 4360 locate
706 4293 867 4380 peaeraie
898 4291 1141 4378 comprehendit
1168 4311 1278 4357 omnes

112 4411 268 4483 Ecclesiae
283 4419 402 4485 etloca
424 4439 519 4486 sacra
542 4419 624 4485 certi
647 4419 815 4485 territorii.
837 4417 1052 4494 Quamobrem
1070 4416 1279 4504 particulari
