3296 5108
315 284 381 350 442
841 303 925 352 ruas
949 303 971 352 1.

312 428 370 507 les,
390 430 424 491 in
446 427 594 494 Ecclesia
616 430 770 494 societate
792 435 931 493 externa
951 427 1081 508 visibili,
1104 427 1226 494 habent
1248 427 1354 492 media
1375 427 1493 511 quihus

313 555 515 619 instruantur
537 555 570 618 in
593 551 656 620 fide
679 559 712 618 et
733 553 775 618 ad
797 573 923 619 morum
945 555 1149 620 sanctitatem
1168 553 1361 640 diriguntur,
1377 555 1410 618 in
1426 551 1493 618 hoc

312 678 459 750 articulo,
483 678 566 743 haec
588 676 695 743 media
717 677 936 744 defenduntur
950 697 971 742 a
985 677 1115 763 probris
1137 677 1252 764 quibus
1274 698 1314 744 ea
1332 681 1494 764 impetunt

312 805 439 869 scelesti
455 803 612 870 homines.
628 839 646 853 ·
663 805 830 870 hrticulus
847 805 953 870 tribus
968 811 1094 872 constat
1108 803 1264 891 partibus
1282 839 1301 853 -
1319 805 1357 870 ln
1370 803 1492 886 prima

312 926 505 994 damnantur
520 928 594 994 libri
610 931 664 1013 qni
680 928 856 994 detrahant
867 929 938 996 Dea
953 935 1011 993 ant
1023 929 1149 994 Bautae
1166 928 1201 994 V.
1213 927 1262 992 hi.
1277 929 1327 994 nel
1344 927 1491 1008 Sanctis,

311 1058 371 1118 aul
397 1055 581 1121 catholicae
603 1055 773 1122 Ecclesiae
802 1055 941 1139 eiusmae
970 1054 1076 1120 cultui
1098 1053 1151 1120 rel
1180 1054 1406 1120 sacramentis
1428 1059 1491 1118 aut

311 1180 525 1262 apostoticae
544 1179 624 1248 Sedi
647 1181 848 1247 detrahitur.
866 1216 883 1230 -
903 1180 994 1246 llaec
1017 1179 1180 1244 damnatio
1203 1182 1267 1244 iam
1291 1181 1363 1244 inre
1383 1182 1490 1245 reteri

311 1304 396 1370 edita
407 1311 479 1370 erat
493 1306 526 1370 in
539 1306 636 1372 Decr.
650 1307 730 1373 Gen.
740 1309 762 1390 5
774 1308 866 1382 ILa.
875 1306 919 1372 13
932 1305 984 1372 ubi
1000 1305 1250 1392 prohibentem·
1260 1303 1430 1390 Pasqailli
1441 1305 1491 1390 (l)

309 1449 435 1500 omnes,
452 1430 552 1495 etiam
576 1431 803 1513 omauscripti
825 1449 1010 1514 omnesque
1025 1429 1291 1511 commotiones
1313 1430 1350 1494 ia
1365 1428 1492 1513 quihus

310 1552 379 1619 Deo
402 1559 463 1618 aut
485 1550 618 1620 Sanctis
641 1561 701 1619 aut
728 1553 919 1622 Catholicae
945 1554 1113 1620 Ecclesiae
1134 1559 1167 1620 et
1193 1555 1266 1620 eim
1291 1553 1405 1620 Callai
1427 1559 1492 1618 aat

310 1677 523 1760 Apostolicae
547 1679 628 1745 Sedi
651 1679 966 1776 quomodocumque
996 1677 1198 1743 detrahitur.
1223 1714 1242 1728 ·
1267 1678 1352 1744 Sane
1376 1678 1489 1744 detra·

310 1797 389 1864 here
418 1795 580 1883 significat
610 1799 742 1864 auterre
773 1799 914 1864 debitum
945 1799 1103 1864 honorem
1132 1804 1190 1864 ant
1218 1797 1356 1883 gradum
1386 1797 1490 1884 digni-

308 1923 394 2002 tatis,
411 1921 500 1988 illum
524 1921 706 2007 impetendo
722 1921 851 2007 probris
866 1928 900 1987 et
914 1921 1126 1988 contumeliis.
1145 1957 1164 1972 -
1183 1922 1291 1997 Quare
1307 1906 1491 1988 detrahere

308 2065 373 2111 non
397 2052 445 2112 est
468 2045 704 2131 blasphemare,
729 2067 790 2113 nec
813 2047 963 2133 dogmata
978 2066 1119 2133 negare;
1143 2047 1200 2112 sed
1216 2047 1312 2113 facile
1327 2047 1490 2114 detractio

308 2174 452 2237 continet
465 2172 695 2258 blasphemiam
715 2179 770 2238 aut
785 2171 1001 2259 proficiscitur
1016 2193 1059 2238 ex
1074 2172 1310 2240 incredulitate.
1328 2173 1488 2258 Equidem

307 2301 486 2367 detrahere
510 2308 568 2381 est,
591 2301 693 2386 ipsam
717 2301 906 2374 Ecclesiam,
932 2301 1001 2366 eius
1023 2306 1238 2380 sacramenta,
1259 2299 1391 2378 cultum,
1415 2320 1487 2366 san·

308 2430 377 2491 ctos
392 2428 491 2500 viros,
509 2425 624 2492 Sedem
642 2427 734 2491 Rom.
751 2425 969 2512 Apostolicam
989 2447 1009 2490 e
1026 2426 1141 2511 prada
1156 2425 1294 2491 diuinae
1309 2425 1488 2512 dignitatis

308 2569 369 2634 quo
386 2553 573 2617 consistunt.
584 2551 795 2632 pertrahere.
809 2549 952 2614 dicteriis
968 2556 1001 2614 et
1011 2548 1190 2629 calumniis,
1203 2547 1243 2613 ad
1256 2547 1486 2614 conditionem

308 2675 480 2741 humanae
502 2675 720 2742 institutionis
742 2680 773 2741 et
796 2675 981 2760 dignitatis.
1000 2675 1050 2738 Ila
1064 2675 1242 2757 antiquitus
1265 2655 1486 2739 detractiones

306 2799 478 2884 patrabant
490 2803 542 2892 qui
554 2797 649 2865 fidem
662 2798 824 2864 habebant
835 2799 1028 2864 catholicam
1041 2799 1074 2862 in
1087 2799 1187 2862 Deum
1201 2799 1278 2863 etin
1291 2798 1485 2880 Ecclesiam,

278 2947 281 2958 ·
306 2928 340 2986 at
355 2923 421 2986 Deo
436 2924 488 2988 rel
505 2926 624 2989 sanctis
640 2923 857 3010 appingebant
872 2923 1016 2989 detectus
1032 2929 1065 2988 et
1079 2925 1158 2988 vitia
1172 2928 1230 2988 aut
1245 2923 1411 2989 hominnm
1427 2927 1485 2988 aut

308 3029 445 3112 Deorum
470 3049 684 3114 ethnicorum.
700 3049 815 3136 ¹Hodie
842 3069 860 3114 e
883 3031 999 3114 contra
1021 3048 1239 3115 detractiones
1263 3045 1482 3124 habitualitcr.

307 3163 387 3231 hunt
402 3168 442 3232 ab
457 3169 508 3233 his
524 3171 576 3252 qui
592 3133 819 3245 matemalismo
832 3171 945 3236 intecti
961 3176 1082 3256 negant
1096 3151 1274 3236 efficaciam
1291 3171 1481 3257 redemptio

305 3294 355 3358 nis
371 3292 536 3359 hominum
552 3294 689 3376 divinae,
707 3297 911 3360 sanctitatem
927 3301 959 3360 et
974 3296 1192 3381 integritatem
1208 3295 1244 3358 B.
1263 3295 1481 3381 M.·Virginis.

306 3419 461 3484 miracula
485 3419 695 3495 Sanctorum
712 3421 904 3485 catholicam
920 3420 1100 3486 Ecclesiam
1124 3421 1257 3504 eiusque
1276 3420 1397 3486 cultum
1414 3425 1481 3487 tra·

305 3541 424 3606 ducunt
446 3544 480 3606 in
504 3543 692 3628 religionem
716 3542 821 3608 ferme
844 3543 1041 3618 naturalem
1066 3549 1099 3608 et
1122 3543 1340 3627 apostolicam
1364 3542 1482 3610 sedem

304 3683 368 3729 non
392 3667 494 3751 magis
516 3673 661 3731 sanctam
684 3672 716 3731 et
739 3666 868 3752 dignam
891 3665 1097 3752 praedicant,
1122 3665 1225 3750 quoad
1248 3667 1481 3734 institutionem

303 3807 398 3872 quam
423 3789 543 3856 fuerint
566 3793 688 3876 antiqui
709 3791 910 3858 Sacerdotes.
929 3825 948 3842 ·
965 3793 1091 3858 Verum
1114 3791 1156 3856 ibi
1177 3792 1355 3858 attenditur
1370 3792 1481 3876 Sedes,

305 3917 489 4001 Apostolica
513 3917 605 3982 Rom.
622 3924 779 4001 quatenus
803 3923 852 3983 est
874 3917 983 3982 divina
1007 3919 1162 3983 institutio
1182 3923 1216 3985 et
1238 3937 1482 4004 nonexpresse

303 4037 551 4104 considerantur
567 4041 685 4125 singuli
697 4037 882 4105 Pontifices.
894 4075 910 4088 ·
925 4039 986 4114 Qui
1004 4059 1135 4105 errores
1150 4041 1350 4107 disiunctice
1362 4043 1479 4127 sumpti

391 4322 429 4391 (l)
450 4321 588 4392 Pasquilli
606 4321 691 4392 virlgo
711 4321 886 4392 Paspuinate.
905 4327 971 4376 sunt
992 4323 1117 4377 carmina
1135 4328 1184 4377 aut
1202 4331 1317 4394 satyrae
1335 4341 1384 4378 seu
1403 4323 1479 4377 dicta

301 4430 407 4483 temosa
425 4433 573 4497 etarguta
591 4429 692 4498 quibus
711 4430 855 4498 impetitur
872 4430 947 4483 sama
966 4428 1085 4485 alicuius
1103 4429 1224 4485 bominis
1241 4435 1291 4484 aut
1311 4429 1440 4485 instituti.
