3302 5100
610 321 720 374 ludex
743 321 946 371 SYNOPTICUS

657 562 833 622 TITULUS
854 562 893 622 11.

464 775 503 818 DE
524 775 662 818 NOTIONE
684 775 809 818 ΡΟΕΝΔΕ
825 775 1094 820 acceuslnsrmnu.

185 983 236 1043 47.
257 983 380 1042 Poenae
401 980 629 1042 ecclesiasticae
650 981 681 1040 iu
696 981 802 1058 primis
818 982 978 1041 intendunt
992 979 1228 1058 delinquentium

297 1088 434 1148 obtinere
456 1089 710 1164 emendationem,
732 1089 764 1146 et
784 1105 847 1147 una
867 1087 956 1148 simul
985 1089 1102 1147 ceteros
1124 1087 1227 1146 deter-

294 1211 363 1254 rere
385 1213 404 1255 a
427 1195 623 1272 delinquendo
662 1239 1172 1258 ..........
1204 1210 1281 1270 pap.
1323 1191 1365 1254 80

184 1301 235 1364 48.
255 1303 334 1362 Hinc
354 1319 471 1380 poenae
503 1303 537 1361 in
556 1309 627 1380 soro
657 1307 784 1362 octono
815 1300 899 1363 latae
931 1301 1104 1380 pervadunt
1133 1302 1226 1360 etiam

294 1415 401 1488 forum
421 1410 587 1468 internum.
608 1409 787 1485 antiquiore
808 1407 983 1485 disciplina,
1009 1425 1123 1485 poenas
1147 1407 1227 1484 quod

295 1515 415 1592 attinet,
430 1515 581 1574 distinctio
595 1515 684 1574 unius
698 1519 730 1574 et
744 1514 870 1575 alterius
892 1515 950 1574 lori
965 1531 1041 1591 pene
1062 1516 1132 1574 erat
1145 1514 1227 1574 inco-

296 1622 383 1698 gnita
410 1665 1226 1683 .................
1267 1637 1285 1684 a
1327 1619 1367 1680 81

184 1725 233 1788 49.
255 1727 368 1788 Forum
388 1734 549 1788 externum
571 1729 602 1786 in
624 1727 760 1806 pluribus
782 1729 941 1788 dicendum
955 1731 1002 1790 est
1016 1727 1226 1805 praevaluisse

297 1837 437 1910 interum
459 1837 491 1894 et
511 1835 613 1912 aliquo
636 1836 691 1895 sub
714 1839 841 1912 aspectu
855 1837 1010 1896 internum
1025 1835 1228 1914 praevalebat

292 1948 420 2003 externo
440 1943 550 2020 quippe
570 1943 601 2000 in
623 1943 797 2002 criminibus
816 1941 865 2002 vel
887 1942 1026 2003 civilibus
1048 1943 1223 2004 considera·

295 2049 389 2108 batur
409 2051 492 2109 ratio
509 2051 651 2127 peccati5
674 2048 784 2109 etheo
805 2051 924 2109 ratione
945 2051 1073 2111 erimine
1087 2049 1137 2109 vel
1148 2066 1230 2127 parc

296 2157 413 2231 ciuilia,
422 2155 682 2233 pertrahebantur
692 2157 732 2216 ad
740 2157 974 2233 competentiam
986 2156 1225 2217 ecclesiasticam
1266 2173 1284 2218 a
1325 2155 1366 2216 82

183 2259 234 2322 50.
255 2259 386 2323 Saeculo
406 2263 467 2321 XII
488 2279 556 2322 cum
577 2261 640 2322 late
663 2261 819 2338 vigescere
851 2264 951 2340 coepit
971 2265 1102 2324 studium
1124 2281 1227 2323 rerum

296 2366 575 2428 ecclesiasticarum
589 2371 621 2427 et
635 2367 777 2437 civilium,
790 2368 963 2429 distinctum
978 2372 1026 2428 est
1038 2371 1085 2430 ius
1099 2349 1227 2448 poenale

295 2472 535 2534 ecclesiasticum
557 2493 577 2534 a
597 2474 696 2553 civili;
720 2477 810 2552 etque
829 2479 957 2553 utraque
972 2477 1113 2556 societas,
1128 2477 1158 2536 in
1173 2495 1228 2537 suo

296 2598 408 2658 genere
418 2581 565 2660 perlecta,
577 2583 624 2641 ius
635 2583 778 2660 puniendi
788 2583 846 2642 sibi
860 2583 1009 2642 attribuit.
1021 2583 1094 2643 lude
1104 2582 1228 2644 scholae

296 2689 391 2765 probe
412 2688 617 2748 distinxerunt
638 2688 736 2748 forum
758 2693 918 2748 externum
944 2690 982 2748 ab
1004 2691 1125 2749 interno
1167 2735 1175 2750 .
1218 2736 1225 2748 .
1267 2707 1285 2751 u
1326 2691 1369 2752 ibi

185 2793 236 2853 51.
257 2793 301 2854 De
316 2811 372 2854 usu
387 2795 641 2872 poenitentiarum
656 2797 721 2854 tum
736 2812 774 2854 ex
788 2795 854 2854 iure
869 2797 993 2873 antiquo
1007 2799 1072 2855 tum
1093 2814 1132 2856 ex
1147 2814 1227 2856 novo
1267 2813 1285 2857 u
1328 2797 1369 2857 83

184 2900 236 2962 52.
256 2901 308 2960 Uti
336 2901 424 2960 hodie
457 2901 559 2960 omnia
590 2901 727 2974 crimina,
757 2920 817 2978 qua
844 2905 982 2981 peccata,
1003 2903 1158 2980 pertinent
1188 2905 1228 2964 ad

296 3005 395 3066 forum
409 3006 636 3084 poenitentiale,
651 3008 696 3067 ita
711 3007 879 3084 antiquitus
895 3009 996 3068 omnia
1010 3011 1139 3069 crimina
1153 3009 1229 3070 diiu-

296 3112 480 3174 dicabautur
496 3113 527 3172 iu
542 3112 608 3172 foro
621 3112 840 3185 ecclesiastico,
852 3113 995 3174 adhibitis
1009 3115 1103 3176 etiam
1118 3113 1229 3175 solem·

295 3219 442 3279 nitatibus
463 3217 616 3278 nonnullis
638 3219 787 3279 ordinatis
808 3220 848 3280 ad
870 3219 970 3280 lorum
994 3221 1226 3298 poenitentiale;

297 3325 375 3385 uude
405 3341 528 3392 reorum
560 3325 777 3402 exquirebaiur
805 3327 986 3404 emendatio,
1018 3328 1085 3386 sivo
1112 3345 1227 3404 poenas

295 3431 424 3492 luissent
444 3432 559 3510 civiles,
582 3432 647 3491 sive
669 3432 770 3494 nullas
791 3433 956 3494 subiissent
976 3452 1033 3494 nec
1054 3438 1156 3495 essent
1177 3453 1228 3494 su·

296 3538 390 3598 bituri
411 3579 1226 3604 .................
1267 3559 1285 3604 »
1327 3539 1369 3604 85

702 3733 810 3795 (iurur
831 3737 855 3796 Ι.

353 3917 390 3956 DE
409 3918 542 3959 DIVERSIS
561 3917 713 3958 oenomaus
726 3919 888 3959 POENARUH
906 3920 1199 3960 aeonasrnsrlonnuu.

185 4079 235 4162 53.
258 4081 408 4140 Remedia
423 4081 576 4160 poenalia,
591 4085 656 4142 iure
671 4081 879 4158 decretalium,
897 4083 1040 4144 distincta
1053 4087 1123 4144 suut
1145 4083 1174 4166 1)
1196 4089 1226 4144 iu

297 4187 510 4264 poenitentias,
532 4187 564 4268 2)
588 4205 712 4265 poenas,
734 4187 764 4268 3)
789 4206 934 4250 censuras
970 4233 1178 4251 .....
1209 4209 1286 4268 pop.
1327 4193 1367 4252 87

185 4290 236 4356 54.
256 4293 397 4360 Quanam
412 4297 532 4355 ratione
553 4311 670 4372 poenae
685 4294 759 4356 eccl.
775 4297 893 4356 crimini
908 4297 969 4356 sint
982 4297 1227 4358 accomodandae

296 4417 350 4460 eeu
372 4401 408 4461 de
430 4401 559 4461 diversis
581 4402 800 4478 systematibus
822 4419 985 4464 mensurae
1007 4402 1174 4482 poenalis.
1217 4449 1225 4465 .
1265 4422 1283 4467 a
1326 4405 1368 4464 ibi
