3290 5100
634 299 840 348 iussosruu
865 299 902 346 11.
1289 277 1355 344 547

177 423 248 477 duos
272 439 361 489 casus,
386 426 511 492 tempore
534 421 639 476 iamdiu
664 421 816 492 praeterito
841 422 1042 476 reserebantur.
1062 419 1142 473 Circa
1165 419 1357 502 accusationes

180 531 237 585 ludi
256 531 289 585 ad
311 530 403 601 plures
422 530 512 584 noctis
530 525 614 584 boias
633 529 777 599 protracti,
796 528 822 582 id
843 543 907 582 raro
925 527 1059 582 accidisse
1071 508 1159 582 testea
1173 526 1357 593 affirmabant,

178 639 209 691 et
226 635 337 706 quando
355 635 486 689 imbrium
505 634 548 690 vis
566 633 766 705 impedimento
787 633 888 688 reditui
907 634 988 688 foret.
1069 673 1071 680 .

253 743 377 809 Demum,
396 743 550 796 minoribus
568 742 800 812 imputationibus
818 741 936 808 omissis,
954 741 1050 796 eedem
1069 740 1153 794 Curia
1171 739 1246 793 circa
1265 737 1357 807 negli-

178 855 304 922 gentiam
314 855 342 907 in
353 852 596 908 Sacramentorum
611 851 853 906 administratione
869 849 1064 920 perpendebat,
1078 865 1127 904 sex
1141 853 1249 903 tantum
1262 864 1358 904 nume·

178 961 234 1015 rari
255 959 337 1015 huius
350 959 541 1030 negligentiae
554 975 636 1015 casus
653 959 683 1012 in
703 961 763 1012 toto
781 957 916 1012 decennio
934 971 1018 1011 corae
1037 953 1219 1025 parochialis;
1232 958 1356 1009 attamen

179 1066 214 1122 de
232 1084 327 1123 eorum
345 1067 487 1122 nonnullis
506 1065 649 1121 Perochus
667 1066 780 1120 auditus
799 1081 854 1120 non
873 1067 980 1130 fineret3
993 1065 1068 1118 circa
1086 1067 1212 1119 caeteros
1223 1080 1299 1130 vero,
1311 1063 1356 1119 vel

176 1173 398 1230 excludebantur
418 1175 647 1228 circumstantiae
666 1172 724 1226 ludi
744 1177 773 1227 et
791 1173 935 1228 absentiae
948 1189 965 1226 a
977 1171 1123 1238 Pamphia,
1141 1170 1187 1226 vel
1204 1169 1358 1240 depreben-

177 1281 317 1336 debantur
334 1281 405 1334 falsa
423 1297 471 1334 seu
490 1283 663 1349 exaggerata
681 1279 833 1344 accusatio,
853 1277 897 1333 rel
917 1277 974 1332 alia
995 1278 1199 1332 concurrebant
1217 1277 1357 1344 adiuncta,

178 1405 251 1459 quae
270 1387 388 1441 Parocbi
407 1386 619 1456 negligentiam,
638 1385 659 1440 si
681 1402 735 1440 non
754 1385 867 1439 omnino
889 1389 1063 1451 excusarent,
1082 1384 1182 1439 saltem
1207 1401 1261 1440 non
1287 1385 1356 1440 adeo

174 1493 357 1552 ,criminosam
375 1493 528 1548 reddebant
546 1497 630 1561 prout
648 1509 682 1548 ex
701 1491 818 1546 adverso
837 1490 1064 1546 contendebatur.

250 1599 407 1666 Caeterum,
427 1599 554 1670 quamvis
572 1598 608 1652 ob
628 1598 753 1652 indicata
771 1598 912 1652 rationum
931 1603 1073 1652 momenta
1091 1599 1184 1667 gravis
1203 1599 1286 1654 nimis
1299 1599 1357 1654 exl-

176 1707 293 1760 stimala
310 1707 396 1760 fuerit
415 1721 503 1775 poena
522 1705 628 1759 inflicta
646 1703 773 1760 Parocbo
792 1703 836 1769 N,
856 1705 964 1758 ratione
984 1721 1083 1774 nempe
1101 1721 1284 1774 expensarum
1307 1721 1356 1776 pro

178 1813 279 1868 alendo
306 1813 487 1878 coadiutore,
517 1811 681 1882 praesertim
709 1817 805 1868 autem
829 1812 864 1865 ob
893 1811 1012 1867 dedecus
1040 1811 1130 1866 eidem
1156 1814 1355 1878 obventurum3

179 1919 360 1974 nihilominus
382 1920 478 1974 eadem
497 1919 581 1973 Cirria
606 1919 773 1974 monendum
795 1919 869 1974 serio
895 1918 1050 1973 Parecbum
1077 1935 1136 1973 esse
1161 1920 1301 1987 censebat,
1320 1923 1354 1975 ob

178 2027 388 2082 immoderatam
409 2025 464 2080 ludi
486 2030 515 2080 et
533 2026 753 2080 conversationis
772 2025 938 2095 passionem,
956 2025 991 2079 ob
1010 2023 1133 2079 eiusdem
1155 2040 1356 2080 commemora·

179 2133 269 2186 tiones
287 2137 369 2187 extra
387 2133 457 2186 fines
475 2129 638 2197 Perochiae,
657 2146 744 2200 usque
763 2130 797 2184 ad
817 2130 954 2184 serotinas
973 2130 1063 2184 noctis
1082 2129 1176 2196 horas,
1195 2130 1355 2186 distractio·

179 2255 238 2304 nes,
256 2243 285 2294 et
304 2239 463 2308 neglectum
485 2239 514 2292 in
539 2237 673 2293 obeundis
697 2239 784 2291 sacris
807 2238 974 2304 actionibus,
992 2238 1163 2293 anxietatem
1189 2237 1218 2292 in
1242 2255 1355 2294 conser-

179 2344 269 2398 vande
287 2345 408 2399 sanitate
426 2349 455 2400 et
473 2345 532 2402 vita
551 2345 579 2398 in
599 2344 719 2409 casibus,
738 2345 766 2398 iu
785 2345 886 2416 quibus
902 2348 994 2413 pastor
1006 2345 1095 2398 bonus
1107 2345 1194 2399 vitam
1207 2345 1292 2399 etlam
1306 2363 1355 2416 pro

178 2451 277 2505 oribus
299 2451 365 2506 dare
389 2451 500 2518 debeat,
525 2453 561 2506 ob
586 2450 793 2507 vehementiam
817 2450 937 2523 denique
961 2451 990 2506 in
1015 2451 1185 2522 castigandis
1210 2455 1302 2522 pueris
1326 2460 1356 2511 et
1435 2485 1438 2492 ·

180 2558 291 2612 adultis.

250 2662 392 2716 parochus
410 2665 557 2732 praeterea
568 2679 628 2718 sese
641 2661 713 2733 apud
725 2662 823 2718 Sedem
839 2661 1026 2732 apostolicam
1040 2662 1205 2719 defendebat
1216 2666 1251 2718 ab
1264 2665 1355 2721 altera

179 2767 238 2822 lata
255 2768 405 2834 sententia,
423 2784 479 2839 qua
498 2769 667 2838 permutatio
685 2769 815 2823 beneficii
834 2768 1044 2835 decernebatur,
1068 2768 1141 2823 hanc
1166 2771 1270 2838 pariter
1293 2788 1355 2827 sen·

179 2873 297 2928 tentiam
315 2890 370 2928 non
389 2875 520 2930 sustineri
540 2874 736 2941 contendebat,
755 2891 810 2929 non
829 2874 921 2929 solum
939 2876 1005 2946 quia
1023 2875 1120 2930 iisdem
1147 2876 1301 2931 rationibus
1322 2895 1354 2932 ac

179 2980 269 3050 prima
286 2981 427 3035 sententia
445 2981 527 3035 inniti
549 2980 673 3046 dicebat,
691 2981 739 3036 sed
764 2982 850 3036 etiam
869 2981 935 3053 quia
954 2981 1012 3036 lata
1030 2982 1084 3037 suit
1108 2982 1245 3053 pendente
1270 2999 1354 3054 penes

177 3086 368 3156 Apostolicam
387 3086 485 3142 Sedem
513 3087 710 3157 appellatione,
730 3103 785 3158 quo
803 3087 832 3141 in
851 3103 917 3141 casu
942 3088 1003 3143 sine
1028 3087 1098 3144 vitio
1122 3090 1264 3157 attentati,
1283 3090 1353 3147 nibil

178 3193 306 3248 innovari
326 3197 464 3264 potuerat

252 3299 295 3354 Es
313 3315 388 3363 ouis
408 3315 576 3356 onoucssar
594 3317 680 3358 cunia
700 3317 882 3358 srrscorsurs
902 3319 930 3358 ru
955 3321 997 3358 sur
1017 3321 1226 3362 onasusroseu.
1244 3333 1281 3350 -
1299 3306 1353 3361 Pro

176 3406 337 3462 defensione
355 3407 455 3476 prioris
473 3408 630 3462 sententiae
649 3408 804 3463 adducebat
822 3409 907 3463 Curia
924 3414 1009 3481 caput
1026 3412 1052 3466 5.
1067 3413 1108 3466 De
1126 3429 1225 3468 rerum
1235 3429 1353 3482 pamu-

178 3517 291 3579 tatione,
315 3513 344 3567 in
371 3529 425 3584 quo
450 3513 567 3584 legitur:
586 3525 603 3568 e(
620 3513 648 3567 Si
675 3515 827 3584 Episcopus
852 3531 965 3570 causam
990 3517 1131 3588 perspexit
1154 3517 1353 3585 necessariam,

178 3637 194 3674 c
208 3619 285 3674 licite
304 3621 407 3690 poterit
425 3619 459 3674 de
478 3636 534 3674 uno
553 3620 615 3674 loco
633 3620 667 3674 ad
680 3621 767 3674 alium
782 3621 934 3678 transferre
948 3638 1088 3693 personas,
1101 3627 1133 3679 ut
1145 3641 1216 3695 quae
1230 3623 1277 3676 uni
1291 3622 1353 3678 loco

175 3727 299 3782 «minus
315 3731 381 3782 sunt
399 3727 492 3793 utiles,
511 3726 580 3781 alibi
600 3744 630 3783 se
647 3727 763 3784 valeant
787 3728 885 3784 utilius
909 3745 1040 3785 exercere
1054 3747 1078 3786 a.
1098 3729 1158 3791 Quo
1183 3735 1262 3785 textu
1286 3730 1352 3784 freti

180 3831 311 3887 Doctores
325 3833 462 3898 sentiunt,
476 3834 616 3904 integrum
635 3850 695 3888 esse
715 3835 850 3906 Episcopo
869 3851 970 3905 cogere
984 3834 1123 3891 Clericum
1137 3837 1170 3890 ad
1190 3839 1353 3906 permuten-

178 3936 242 3990 dum
261 3954 323 3992 curn
350 3937 406 3992 alio
429 3939 603 4004 beneficium,
622 3944 759 4010 quatenus
782 3957 885 4010 urgens
908 3958 991 3995 causa
1014 3941 1143 4011 publicae
1167 3939 1300 3995 utilitatis
1324 3939 1352 3996 id

176 4041 280 4112 exigat,
301 4043 370 4097 licet
387 4043 446 4098 sine
466 4044 629 4100 Beneficiati
651 4045 734 4117 culpa
752 4047 779 4101 id
799 4047 922 4102 eveniat:
943 4063 986 4102 ex.
1005 4063 1047 4118 gr.
1066 4047 1089 4101 si
1114 4047 1208 4117 gravis
1232 4049 1353 4114 exurgat

177 4149 296 4214 eversio,
316 4153 345 4205 et
362 4149 456 4204 odium
475 4149 569 4220 populi
588 4150 721 4207 adversus
746 4151 910 4221 Perochum,
929 4153 971 4208 ita
995 4157 1026 4208 ut
1049 4153 1109 4209 eius
1132 4154 1219 4210 verba
1244 4150 1352 4205 nullum

175 4252 297 4323 amplius
314 4254 437 4308 fructum
455 4255 583 4320 afferant,
598 4255 716 4326 populus
729 4255 823 4312 divina
842 4261 1012 4324 contemnat,
1024 4262 1054 4312 et
1065 4257 1197 4312 scandala
1214 4257 1352 4316 oriantur.

177 4359 304 4432 Namque
322 4362 424 4416 bonum
444 4363 585 4432 publicum
603 4363 688 4419 debet
705 4365 839 4434 praeferri
865 4364 982 4435 privato,
1002 4381 1053 4421 ceu
1079 4365 1153 4422 inter
1177 4366 1248 4421 alios
1271 4366 1353 4425 docet
