3312 5112
541 338 584 384 ns
609 337 762 385 nrurc‘rrs
785 339 829 386 nr
852 339 970 386 roanrs
1300 321 1343 386 37

163 479 275 545 presse
299 462 397 525 certis
421 461 532 544 poenis
556 461 718 532 mulctata,
735 462 769 526 in
796 481 915 547 genere
938 463 1153 548 prohibentur
1180 483 1218 529 ea
1233 466 1343 530 omnia

164 587 232 650 sive
248 586 336 651 facta
352 587 420 650 sive
437 581 567 668 omissa,
580 570 662 670 qnae
678 587 822 652 ordinem
847 591 1008 654 societatis
1025 590 1195 676 religiosae
1211 609 1345 676 perver-

163 716 235 816 tere
259 717 336 777 nata
357 716 442 777 sunt.
467 711 705 777 Animadvertit
727 733 807 779 vero
830 715 864 778 in
886 715 1067 782 huiusmodi
1090 716 1217 790 delicta,
1242 717 1342 784 veluti

163 835 457 908 ecetraordinaria,
487 835 584 900 index
616 836 853 902 ecclesiasticus
884 857 942 922 pro
970 837 1113 924 legitimo
1145 859 1222 904 suae
1252 844 1341 926 pote-

163 959 255 1022 statis
278 957 429 1034 arbitrio;
454 964 487 1024 et
509 979 632 1043 poenae
656 959 730 1023 inde
752 960 838 1026 latae
860 959 1011 1026 dicuntur
1034 961 1249 1028 arbitrariae.

253 1081 433 1147 Praeterea
456 1085 524 1167 ipsa
547 1103 698 1168 suprema
721 1084 882 1152 distinctio
904 1105 1081 1170 poenarum
1101 1089 1133 1150 in
1151 1105 1271 1172 poenas
1287 1094 1343 1153 aut

163 1210 253 1274 latae
276 1213 332 1274 aut
354 1208 518 1288 serendae
540 1209 734 1284 sententiae,
752 1215 876 1294 spectat
900 1212 996 1276 etiam
1020 1211 1059 1276 ad
1084 1211 1169 1277 hane
1193 1213 1340 1297 regulam

162 1335 242 1398 iuris
259 1335 422 1408 canonici;
440 1334 526 1399 unde
543 1335 716 1398 nonnullae
740 1355 862 1421 poenae
886 1355 943 1400 seu
962 1355 1095 1420 poenae
1112 1337 1200 1401 latae
1222 1355 1248 1402 a.
1266 1341 1342 1402 sunt

164 1459 314 1525 coactive
337 1459 484 1524 adnexae
513 1459 639 1524 cuidam
668 1460 823 1545 peculiari
855 1461 942 1526 facto
973 1463 1155 1534 criminoso,
1181 1481 1242 1546 qno
1269 1482 1341 1549 per·

162 1589 289 1670 patrato
312 1587 420 1650 statim
444 1587 513 1669 ipsa
536 1603 641 1669 poena
666 1587 885 1660 committitur;
913 1586 1089 1652 nonnullae
1119 1587 1201 1651 aliae
1232 1593 1339 1652 autem

162 1731 219 1774 sen
243 1729 367 1795 poenae
388 1709 554 1792 serendae
577 1731 613 1790 s.‚
631 1729 696 1774 non
720 1711 933 1776 incurrantur
947 1712 1009 1776 nisi
1027 1710 1123 1775 iudex
1139 1731 1196 1774 suo
1208 1710 1340 1776 decreto

149 1834 289 1916 ‚easdem
306 1833 438 1919 infligat.
455 1869 473 1882 -
487 1836 636 1899 lamvero
652 1834 772 1920 gradus
786 1822 959 1919 'poenaefi
979 1855 1004 1900 a.
1031 1837 1101 1899 lure
1125 1855 1196 1900 can.
1214 1855 1277 1900 non
1295 1839 1340 1901 ita

160 1965 235 2024 sunt
259 1958 473 2032 determinati,
498 1961 604 2044 prouti
636 1959 671 2026 fit
701 1962 734 2023 in
766 1958 931 2025 hodiernis
954 1959 1125 2032 codicibus,
1151 1965 1185 2026 ut
1211 1981 1341 2046 respon-

159 2084 260 2149 deant
290 2083 481 2149 adamussim
513 2086 624 2148 variae
655 2085 800 2150 criminis
829 2086 1056 2168 cuiuscumque
1087 2085 1258 2170 gravitati,
1283 2085 1339 2150 sed

159 2211 333 2275 enunciato
357 2213 510 2296 generice
534 2210 659 2282 delicto,
677 2215 814 2276 statutae
830 2216 904 2276 sunt
920 2229 1043 2296 poenae
1066 2231 1085 2274 a
1109 2211 1213 2276 iudice
1230 2211 1339 2276 decer-

159 2335 286 2400 nendae
308 2356 369 2420 pro
392 2336 527 2421 singulis
543 2335 675 2406 vicibus,
688 2355 784 2419 quum
808 2337 930 2400 crimen
948 2339 1131 2422 perpetrari
1156 2338 1337 2422 contigerit.

159 2459 286 2524 Verum
310 2462 473 2544 quianon
498 2461 609 2526 eadem
633 2481 760 2547 semper
784 2467 833 2526 est
856 2464 1000 2526 criminis
1024 2465 1177 2548 gravitas,
1202 2461 1338 2548 proinde

157 2586 274 2652 iudicis
297 2591 346 2652 est
368 2607 488 2672 poenas
511 2587 564 2652 vel
588 2607 630 2651 ex
653 2589 780 2672 integro
804 2587 993 2661 decernere,
1010 2589 1065 2653 vel
1087 2595 1210 2655 tantum
1235 2591 1267 2652 in
1283 2589 1338 2654 ali·

156 2730 221 2794 qua
244 2715 338 2794 parte
361 2731 421 2796 pro
445 2711 597 2796 qualitate
621 2717 653 2774 et
675 2709 834 2776 adiunctis
858 2711 974 2778 delicti.
1001 2713 1043 2779 Et
1065 2713 1127 2777 hoc
1152 2719 1200 2778 est
1228 2712 1338 2778 sunda·

155 2833 298 2898 mentale
330 2835 363 2896 in
394 2833 562 2920 disciplina
593 2835 766 2915 canonica,
798 2839 830 2899 et
860 2835 936 2900 hinc
967 2835 1063 2900 altius
1092 2837 1125 2900 in
1160 2839 1267 2899 mente
1298 2832 1337 2899 fi-

155 2955 307 3042 gendum.

246 3079 301 3145 25.
315 3077 608 3162 Damnanssqmd
632 3086 680 3164 est
703 3098 854 3144 mensura
878 3079 995 3152 delicti,
1020 3080 1208 3172 aestimatur
1239 3079 1335 3144 etiam

156 3209 195 3270 in
213 3207 368 3304 societate
393 3205 554 3290 religiosa,
579 3211 738 3288 qnatenus
760 3207 921 3292 pervertit
950 3205 1096 3270 mediate
1127 3204 1244 3270 bonum
1272 3225 1334 3290 pu·

156 3310 514 3420 blieminzmediete
545 3333 594 3396 ius
625 3331 754 3418 aliquod
786 3332 885 3396 laedit
912 3334 981 3398 sive
1005 3333 1257 3418 privatnm‘sive
1281 3329 1336 3418 pu·

155 3454 392 3548 &OQ-Nam
417 3455 567 3522 Ecclesia
585 3457 730 3540 intendit,
748 3459 792 3522 uti
810 3455 904 3522 finem
921 3478 1030 3532 suum,
1048 3459 1227 3522 animarum
1244 3475 1334 3522 sane·

152 3577 381 3653 tificationem;
398 3577 454 3644 sed
472 3580 545 3664 qnia
561 3581 659 3646 iarzclti
671 3602 779 3646 unam
796 3601 920 3664 corpas
934 3600 1062 3656 samias,
1084 3579 1333 3664 quasimembra

153 3706 250 3770 unius
274 3706 438 3791 eorporis,
468 3693 668 3771 ordesano
700 3706 753 3772 vel
781 3707 896 3772 morbo
931 3707 1025 3771 unius
1056 3705 1190 3770 membri
1215 3726 1333 3791 eorpus

153 3825 350 3892 infirmatur.
382 3829 432 3892 lta
464 3827 609 3894 desectus
633 3830 811 3894 sanctitatis
843 3829 875 3893 in
900 3849 964 3894 uuo
987 3826 1084 3904 fideli,
1109 3831 1161 3914 qui
1186 3829 1332 3896 deiectus

151 3957 292 4014 externe
319 3947 521 4036 significatur
548 3971 608 4036 per
638 3953 799 4018 actionem
834 3973 890 4018 seu
926 3952 1129 4018 omissionem
1164 3955 1333 4020 moraliter

150 4075 280 4155 malam,
305 4075 467 4159 pervertit
497 4074 642 4140 ordinem
673 4077 842 4153 socialem;
875 4099 939 4143 non
975 4079 1079 4144 solum
1107 4079 1181 4162 quia
1210 4081 1330 4146 sanitas

150 4181 243 4246 deest
266 4181 300 4246 in
332 4199 396 4246 nno
416 4182 559 4246 membro
576 4183 630 4247 sed
649 4185 788 4249 maxime
812 4187 886 4268 qnia
909 4186 1040 4252 morbus
1066 4194 1228 4252 aeternas
1251 4188 1334 4255 alios

149 4302 203 4367 vel
227 4299 332 4367 inficit
355 4302 408 4366 vel
436 4304 550 4368 saltem
573 4302 708 4370 inficere
723 4311 837 4391 potest.
856 4342 874 4357 ·
891 4309 944 4372 Ex
966 4308 1030 4374 hac
1052 4309 1263 4393 perversione
1278 4310 1332 4376 rel

151 4426 300 4514 periculo
316 4427 538 4512 perversionis
562 4429 685 4495 ordinis
716 4431 843 4497 socialis
873 4438 1081 4498 mensuratur
1104 4434 1248 4518 gravitas
1271 4437 1333 4500 eri·
