3296 5108
542 325 585 369 ns
610 324 763 370 nunroms
788 324 829 370 sr
847 323 964 370 rosnrs
1281 305 1346 370 415

307 448 335 532 1)
362 449 517 533 Apostata
540 467 704 532 quousque
736 447 823 532 degit
849 447 1060 532 impoenitens
1093 451 1187 510 extra
1221 447 1347 534 religio·

168 591 243 636 nem
260 575 407 658 priuatur
418 573 567 638 omnIbus
582 571 759 658 privilegiis
776 591 853 638 snae
869 572 1044 656 religionis
1054 591 1096 635 ex
1112 569 1234 638 Concil.
1251 571 1345 638 Trid.

165 715 248 761 sess.
265 696 325 777 25,
350 695 404 761 De
426 714 497 782 rep.
520 715 593 778 cop.
618 696 661 760 19
668 715 682 777 ,·
714 701 745 760 et
768 695 876 761 Const.
902 694 953 758 Pii
978 695 1027 759 IX
1054 695 1274 778 «Postquam
1296 715 1346 760 re-

167 822 240 888 lota
256 845 286 886 s.
303 856 320 871 ·
339 821 430 888 Unde
445 827 591 906 apostata
606 821 715 888 subest
732 822 914 904 plenissime
930 819 1142 886 iurisdictioni
1160 819 1347 886 Ordinario-

170 967 241 1011 rum
266 945 458 1012 dioecesum.
484 983 501 995 ·
528 947 559 1012 S.
583 945 702 1033 Gongr.
736 945 854 1012 ConciI.
880 948 910 1010 in
944 945 1076 1011 decreto
1107 965 1135 1010 a.
1163 947 1258 1018 1624,
1283 947 1345 1012 bac

168 1068 210 1134 de
234 1090 280 1144 re,
306 1069 401 1149 edito,
419 1068 608 1135 confirmato
632 1068 672 1133 ab
696 1067 826 1134 Urbano
842 1069 925 1133 VIII
944 1067 995 1133 dte
1010 1068 1055 1134 25
1072 1067 1157 1152 Sept.
1175 1072 1346 1154 praeterea

170 1195 271 1274 iussit,
285 1195 476 1280 Superiores
492 1195 662 1280 regulares
674 1194 844 1277 quotannis
860 1199 1021 1278 apostatas
1037 1194 1212 1276 exquirere
1227 1192 1346 1258 debere

170 1326 207 1385 ut
230 1326 448 1386 reuertentur.
474 1317 535 1404 (CI.
562 1319 695 1392 Giraldi,
721 1338 775 1402 op.
801 1319 852 1385 cit.
879 1319 925 1400 II,
952 1319 1035 1385 Secl.
1060 1317 1155 1403 536).

302 1445 336 1529 2)
361 1445 411 1512 Ob
435 1445 598 1509 Infamiam
620 1444 704 1526 facti
727 1463 820 1528 quam
848 1445 1021 1508 Incurrunt
1049 1441 1182 1508 arcendi
1208 1443 1346 1508 suntab

167 1569 335 1635 ordinibus
353 1572 508 1656 susceptis
524 1569 715 1634 exercendis
734 1573 767 1634 et
782 1587 802 1632 a
817 1552 1043 1654 suscipiendis3
1060 1587 1130 1652 arg.
1145 1587 1220 1650 cop.
1238 1565 1263 1632 3
1279 1567 1310 1631 b.
1325 1573 1343 1631 l.

304 1695 337 1782 3)
362 1697 394 1763 Si
422 1695 553 1760 infamia
581 1694 674 1777 facti,
706 1714 906 1779 quacumque
937 1693 977 1758 de
1008 1711 1117 1764 causa,
1146 1692 1250 1758 adbuc
1280 1713 1345 1756 non

169 1818 339 1904 prohibeat
368 1824 545 1904 apostatam
573 1819 613 1883 ab
644 1819 801 1884 exercilio
831 1840 856 1883 s.
881 1817 1045 1899 ordinum,
1069 1819 1249 1904 Episcopus
1272 1837 1346 1882 sen·

169 1942 272 2006 lentie
301 1941 518 2026 suspensionis
543 1937 670 2024 (nempe
702 1939 745 2006 ob
773 1940 860 2006 bom.
883 1939 909 2021 f.
934 1941 973 2022 s.)
998 1939 1092 2004 debet
1122 1938 1211 2002 illum
1239 1940 1344 2005 statim

170 2061 343 2147 prohibere
367 2082 386 2126 a
409 2062 542 2135 divinis,

259 2188 334 2254 327.
364 2189 519 2272 Apostata
542 2188 592 2274 ‚ab
622 2188 752 2261 ordine,
784 2186 902 2252 dicitur
933 2187 1072 2256 clericus
1108 2187 1140 2250 in
1175 2187 1277 2251 sacris
1300 2185 1345 2271 (l)

168 2312 336 2380 ordinibus
359 2315 550 2378 constitutus
573 2315 635 2396 qui,
662 2319 764 2376 marte
787 2332 855 2385 suo,
881 2312 1068 2408 relinquens
1098 2330 1225 2376 sacrum
1258 2313 1346 2376 mini·

170 2437 316 2508 sterium,
342 2435 452 2502 habitu
477 2437 621 2503 clericali
646 2436 784 2514 dimisso,
809 2438 956 2502 laicalem
980 2435 1194 2503 conditionem
1219 2444 1251 2502 et
1274 2457 1346 2504 con-

171 2565 388 2628 versationem
413 2563 606 2648 praesefert.
632 2565 822 2648 Apostasiae
845 2552 1007 2648 fastigium
1032 2564 1159 2649 attingit
1181 2565 1208 2628 si
1236 2565 1345 2627 matri·

170 2685 310 2750 monium
335 2691 471 2752 attentat
494 2691 589 2770 atque
614 2687 646 2750 in
671 2707 720 2758 eo,
742 2687 830 2770 quasi
850 2686 961 2756 laicus.
979 2691 1139 2750 versatur.
1158 2685 1345 2751 Huiusmodi

168 2817 342 2896 apostatae.
360 2810 401 2875 ob
423 2813 566 2876 solemne
590 2811 742 2876 violatum
766 2816 884 2890 votum,
901 2810 1024 2875 directe
1047 2811 1147 2875 Deum
1164 2807 1345 2884 offendunt;

169 2940 418 3019 perseverantes
440 2954 520 3000 vero
537 2937 569 3001 in
586 2934 766 3000 huiusmodi
789 2941 882 3008 statu,
906 2936 1120 3002 vehementer
1143 2934 1223 3001 fiunt
1238 2955 1345 3021 suspe-

169 3061 213 3125 cti
230 3061 269 3125 de
284 3061 412 3125 haeresi
429 3063 545 3147 qqupe
565 3081 629 3126 non
653 3067 745 3126 aestu
768 3061 951 3146 cupIditatis
975 3062 1098 3147 abrepti
1123 3053 1346 3126 momentanee

170 3181 225 3248 sed
257 3187 477 3267 perseveranti
510 3185 673 3269 proposito
708 3185 739 3247 in
771 3189 835 3250 tam
872 3185 962 3268 gravi
994 3184 1171 3249 rebellione
1205 3183 1345 3248 insorde·

168 3313 271 3372 scunt.
298 3308 369 3372 Hac
392 3307 431 3372 de
455 3309 581 3373 ratione
605 3309 637 3372 in
666 3307 888 3373 DecretaIIbus
920 3309 1071 3393 Gregorii
1097 3310 1145 3374 IX
1170 3309 1202 3372 ln
1227 3309 1287 3372 Tit.
1313 3308 1344 3379 9,

169 3429 224 3494 lib.
251 3429 279 3493 V
312 3433 467 3516 inscripto
493 3432 578 3498 «De
605 3432 769 3514 oportatis
799 3437 894 3499 elo.»
920 3432 1188 3498 animadvertitur
1217 3437 1285 3496 tum
1313 3433 1345 3497 In

168 3557 329 3638 apostatas
353 3573 372 3618 a
396 3551 457 3618 lide
480 3559 547 3619 tum
578 3556 611 3618 In
640 3560 801 3639 apostatas
831 3553 871 3618 ab
904 3553 1026 3627 ordine,
1057 3563 1113 3620 aut
1135 3576 1154 3618 a
1178 3555 1344 3640 religione.

258 3678 333 3744 328.
353 3679 542 3765 Regulares.
561 3685 616 3746 aut
631 3681 770 3745 clericos
786 3680 970 3746 saeculares
988 3682 1225 3746 matrimonium
1246 3685 1345 3746 atten-

170 3805 284 3876 tentes,
309 3801 501 3867 Constitutio
525 3802 589 3886 Ap.
614 3803 704 3868 sedis
726 3801 788 3868 sub
813 3805 841 3874 1,
866 3805 952 3868 inter
980 3801 1346 3870 excommunicationes

169 3925 191 3989 I.
215 3943 241 3989 s.
265 3925 443 4007 Episcopis
464 3925 534 3991 sive
560 3925 753 3992 ordinare-r
775 3933 975 4006 reservatos,
992 3928 1037 3990 ita
1058 3944 1196 3990 censura
1219 3925 1344 4011 plectit:

258 4116 298 4188 (l)
318 4117 370 4178 Qui
389 4121 418 4172 r'n
437 4121 590 4174 minoribus
604 4119 746 4173 ordinibus
765 4123 809 4174 est
827 4120 1004 4185 constilutus,
1019 4121 1041 4173 si
1056 4121 1220 4189 beneficiam
1232 4120 1345 4186 habeat,

169 4225 199 4277 et
217 4220 351 4278 derelicto
370 4222 468 4279 babitu
492 4229 521 4280 et
546 4229 662 4279 tonsura
684 4224 819 4278 laicorum
845 4241 922 4279 more
947 4225 1024 4279 vivat
1046 4231 1075 4280 et
1097 4227 1263 4280 beneficium
1292 4243 1345 4281 non

169 4327 303 4393 tinnitum,
317 4336 447 4400 apostata
464 4331 516 4386 dtei
538 4336 630 4402 potest
648 4337 677 4387 et
689 4333 825 4387 beneficIo
838 4332 987 4401 prIvandus
1000 4337 1050 4388 est.
1065 4331 1105 4388 Cf.
1119 4333 1211 4388 Consi.
1227 4333 1298 4389 SIxti
1313 4335 1345 4388 V.

171 4436 242 4491 Cum
263 4439 484 4506 sacrosanctum,
503 4443 532 4496 et
550 4439 668 4509 Pirhing
687 4439 719 4492 V.
740 4443 778 4494 tit.
800 4440 827 4505 9,
846 4457 873 4492 a.
892 4441 920 4492 3.
