3202 5104
453 350 496 396 uu
521 349 674 398 unmcrrs
698 351 740 398 ar
765 352 883 398 roums
1192 331 1256 396 245

80 493 167 538 suam
192 479 331 537 mentem
347 491 506 545 assereus,
523 493 588 538 non
605 475 734 540 omniuo
751 475 932 540 abhorrere
955 495 975 538 a
998 480 1155 559 conceptu
1179 495 1256 539 cen·

79 619 171 662 surae
195 605 230 663 ut
254 597 498 683 prohihitionem
530 603 716 664 contineant
747 599 851 683 quoad
880 599 965 664 bona
987 600 1178 685 temporalia
1200 601 1273 664 sed'

80 743 218 790 annena
241 724 477 808 spiritualibus
500 730 533 789 et
560 725 694 810 proinde
726 723 874 790 ordinata
904 725 945 790 ad
976 725 1110 790 salutem
1134 726 1254 789 anima·

82 869 158 930 rum,
184 849 292 933 qualia
323 855 397 914 suut
426 849 511 914 hona
541 848 750 914 beneficialis.
781 851 822 915 Et
850 849 925 916 huic
955 850 1135 915 sententiae
1162 851 1257 936 plane

81 976 303 1054 adhaeremus,
333 977 471 1040 maxime
502 982 667 1061 postquam
701 977 808 1042 Const.
836 973 952 1058 Apost.
980 976 1076 1042 Sedis
1099 977 1188 1042 clarc
1216 979 1255 1042 si-

81 1097 252 1184 gnificavit,
278 1098 494 1183 indisciplina
518 1101 646 1181 eccles,
664 1121 722 1184 pro
746 1098 886 1164 fidelium
904 1099 1048 1168 utilitate,
1067 1108 1256 1185 conceptum

82 1244 235 1290 censurae
261 1227 336 1296 tute.
361 1245 424 1288 non
449 1226 561 1291 stricte
584 1228 674 1298 sumi.
702 1233 734 1290 et
757 1226 906 1312 usurpari
932 1223 987 1313 (l).

170 1350 243 1416 165.
269 1350 364 1415 htodo
387 1349 591 1435 dispiciamus
607 1351 647 1416 de
663 1352 810 1417 omnibns
827 1357 859 1416 et
875 1351 1008 1436 singulis
1025 1371 1105 1436 quae
1130 1373 1257 1438 suspeu-

81 1473 196 1539 duntur
220 1479 294 1540 iura
317 1497 376 1560 per
399 1478 641 1562 suspensionem
665 1496 687 1541 a
711 1476 869 1562 benefida
892 1477 1101 1559 simpliciter.
1123 1479 1175 1542 vei
1200 1499 1258 1563 per

81 1601 328 1683 suspensionem.
351 1600 525 1674 dumtaxat,
550 1620 571 1665 u
594 1599 764 1683 fructibus
784 1601 1024 1684 percipiendis.
1042 1607 1098 1667 aut
1121 1602 1161 1666 ab
1185 1603 1258 1668 eins

82 1724 386 1798 administratione,
401 1726 515 1810 quibus
531 1726 688 1791 distinctis
704 1725 827 1790 iuribus
842 1728 904 1791 iam
922 1725 1061 1792 diximus
1072 1727 1257 1792 coalescere

80 1848 187 1930 ipsum
211 1849 419 1935 beneficium.
445 1851 623 1936 Suspensus
647 1871 667 1916 a
689 1850 835 1916 heneticii
860 1851 1027 1918 fructibus.
1054 1854 1086 1915 in
1111 1853 1233 1936 primis,

152 1960 197 2060 Ἰ)
224 1977 360 2060 cogitur,
387 1996 445 2061 per
468 1995 502 2041 se
525 1981 581 2041 aut
597 1996 655 2060 per
671 1977 777 2042 alium.
794 1974 934 2041 officium
950 1977 1094 2062 implere,
1111 1996 1185 2040 nam
1203 1997 1256 2041 su-

83 2099 204 2182 spensio
232 2119 254 2164 a
278 2099 435 2185 beneficio
459 2121 522 2163 non
545 2099 585 2164 ad
609 2121 644 2166 se
668 2101 769 2165 trahit
793 2100 832 2165 ab
857 2101 964 2185 officio
981 2103 1257 2184 suspensionem

82 2222 159 2286 unde
194 2223 358 2309 parochus
394 2225 438 2288 ita
468 2243 640 2308 suspensus
676 2224 805 2290 Missam
841 2241 900 2308 pro
935 2223 1050 2308 populo
1086 2223 1255 2289 celebrare
1311 2257 1314 2268 .

82 2347 178 2412 debet.

164 2473 197 2559 2)
227 2473 333 2538 Nihilo
356 2475 460 2540 secius
477 2473 602 2538 fructus
619 2474 788 2558 percipere
812 2493 875 2538 nou
900 2477 1003 2557 potest
1026 2475 1253 2556 provenientes

82 2617 119 2660 ex
134 2597 227 2662 honis
251 2595 500 2693 beneficialibus,
518 2619 575 2662 seu
599 2599 721 2662 reditus
739 2597 904 2662 extundis
927 2603 961 2662 et
983 2598 1062 2662 alios
1079 2604 1254 2684 proventus

82 2743 119 2786 ex
141 2723 302 2802 censibus,
326 2723 467 2796 decimis,
493 2725 726 2788 constituentes
750 2723 855 2790 dotem
879 2721 1036 2788 beneficii.
1056 2723 1103 2789 Oi.
1123 2723 1252 2803 Suaren,

83 2847 224 2928 XXVII,
249 2848 276 2920 1,
301 2847 359 2912 30.
379 2851 421 2914 nt
444 2869 483 2914 aa
507 2849 676 2933 percipere
700 2867 793 2933 posse
816 2847 944 2912 videtur
968 2867 1050 2930 quae
1074 2853 1148 2911 sunt
1172 2846 1255 2911 obia-

83 2973 188 3044 tiones,
204 2974 356 3039 incertae
379 2975 424 3039 uti
440 2980 567 3042 vocant,
585 2995 642 3038 seu
663 2973 874 3038 obventiones
894 2973 1086 3057 patrimonio
1110 2993 1168 3037 seu
1192 2971 1256 3037 doti

83 3081 257 3164 beneficiali
283 3101 496 3164 extrinsecae.
514 3099 664 3180 Proinde,
682 3099 775 3163 docet
795 3097 1004 3180 D’hnnibale,
1022 3097 1060 3182 (Ι.
1079 3099 1157 3182 382)
1175 3099 1259 3182 ipsas

82 3221 318 3289 distributiones
340 3225 549 3310 quotidianas,
579 3245 657 3308 quas
694 3225 841 3288 canonici
873 3243 915 3288 ex
946 3228 1054 3288 mente
1078 3223 1258 3288 Tridentini

84 3349 211 3414 Concilii
236 3351 424 3418 lucrantur.
449 3351 572 3436 percipi
601 3355 664 3413 n'on
690 3352 815 3414 ratione
843 3347 933 3413 fundi
958 3348 1178 3434 beneficiatis,
1203 3346 1258 3411 sed

81 3477 290 3554 praesentiae
306 3478 337 3540 in
354 3476 464 3547 choro,
480 3481 513 3540 et
529 3475 605 3539 hinc
629 3495 694 3540 non
712 3473 927 3538 recensendas
943 3493 1014 3539 esse
1031 3475 1115 3537 inter
1132 3473 1258 3536 fructus

84 3619 137 3681 per
152 3603 391 3685 suspensionem
417 3621 437 3664 a
460 3601 666 3685 perceptione
690 3598 876 3682 prohibitos.
897 3599 939 3662 At
955 3603 1069 3662 contra
1085 3597 1258 3680 opinantur

167 3849 208 3916 (l)
228 3847 330 3902 Verum
350 3849 408 3917 ipse
428 3847 537 3912 Suarez,
560 3845 687 3912 XXVII,
709 3847 726 3897 t.
749 3847 797 3910 22,
817 3861 877 3896 cum
898 3843 1034 3897 communi
1055 3843 1187 3908 admittit,
1206 3861 1254 3895 su·

84 3955 252 4020 sponsionem
271 3971 289 4007 a
308 3955 454 4022 beneficio,
474 3971 508 4008 ex
535 3953 689 4007 intentione
714 3967 849 4022 supressa
868 3949 911 4004 vel
938 3950 1020 4002 tacita
1046 3948 1203 4016 Superioris
1231 3963 1259 4001 se

86 4065 182 4119 reterre
196 4081 250 4118 non
270 4064 356 4118 semel
376 4063 409 4117 ad
423 4063 543 4132 speciale
557 4063 741 4126 beneficium3
758 4077 844 4132 quare
864 4061 897 4113 ab
916 4059 988 4124 atiis,
1001 4074 1072 4129 qnae
1085 4060 1157 4112 torte
1172 4058 1259 4126 possi-

84 4167 143 4222 deat
155 4187 312 4239 suspensus,
331 4185 385 4223 non
406 4169 518 4224 iubetur
536 4168 688 4238 suspensio.
709 4197 723 4207 -
743 4167 813 4220 item
832 4165 955 4218 admittit
974 4165 1116 4227 Sacrani.
1132 4165 1184 4228 cit,
1206 4177 1258 4215 non

85 4276 287 4344 improbandam
306 4294 366 4332 esse
384 4277 533 4344 benignam
554 4271 1050 4344 interpretationemquehuiusmodi
1065 4271 1260 4340 suspensiones

86 4385 191 4452 passim,
210 4401 244 4440 ex
262 4385 382 4454 receptis
400 4383 532 4450 moribus,
551 4383 748 4452 intelliguntur
770 4399 799 4435 se
819 4381 922 4435 referre
942 4378 974 4432 ad
995 4377 1131 4452 beneficia
1150 4380 1260 4429 tantum

86 4503 152 4555 qnae
171 4506 318 4557 suspensus
336 4489 445 4542 obtinet
464 4487 491 4540 in
511 4486 628 4540 dioecesi
651 4486 695 4537 uhi
716 4486 921 4554 suspensionem
944 4483 1068 4536 incurrit.
