3306 5102
298 262 366 329 340
823 283 907 332 runs
931 284 953 329 1.

302 405 343 471 ad
367 406 498 472 ordines
526 405 727 472 exercendos
758 427 830 473 eum
860 408 913 492 qui
943 406 1113 473 bonafide
1136 409 1372 494 eossuscepit;
1398 412 1485 474 etsi

297 530 339 596 ad
362 550 418 597 eos
441 531 659 617 suscipiendos
675 533 919 617 dispensaverit,
936 538 1070 618 propter
1085 532 1343 620 probabilitatem
1360 536 1488 620 prioris

299 658 489 731 sententiae,
514 677 577 722 non
602 663 677 724 sunt
698 658 945 742 inquietandi».
970 658 1042 724 Hoc
1066 661 1272 724 constituitur
1295 659 1335 724 ob
1360 661 1487 745 princi·

298 783 387 868 pium
411 781 587 859 reflexum;
612 783 766 868 siquidem
793 789 916 849 attenta
946 785 1104 868 opinionis
1127 784 1362 870 probabilitate,
1389 786 1486 850 iuris-

297 908 394 974 dictio
417 910 450 973 in
474 889 643 994 Episcopo,
668 910 729 974 etsi
759 929 876 973 revera
907 908 1041 983 deesset,
1065 909 1281 996 suppleretur,
1306 913 1416 998 prouti
1448 913 1486 976 iu

296 1034 416 1098 ceteris
440 1032 567 1098 casibus
590 1032 693 1098 dubiis
715 1033 777 1114 (l).

388 1156 462 1222 218.
488 1155 625 1224 Nomine
648 1158 797 1243 Episcopi
820 1159 956 1224 veniunt
971 1159 1067 1224 etiam
1084 1157 1225 1225 Abbates
1240 1159 1359 1243 aliique
1379 1161 1486 1226 Prae-

299 1283 356 1347 lati
381 1281 600 1349 iurisdictione
616 1285 706 1366 quasi
723 1283 905 1368 Episcopali
922 1284 1096 1369 pollentes;
1121 1304 1190 1369 arg.
1212 1304 1240 1350 c.
1256 1285 1285 1357 1,
1303 1283 1334 1348 lt.
1352 1289 1373 1348 t.
1390 1285 1430 1350 in
1446 1285 1487 1360 6,

297 1425 371 1471 cum
396 1406 521 1478 Glossa‚
545 1405 614 1490 ibi,·
637 1412 669 1472 et
685 1406 762 1472 hinc
786 1407 966 1493 Capitulum
990 1407 1185 1474 cathedrale
1205 1413 1238 1472 et
1252 1409 1406 1474 Vicarius
1423 1409 1483 1475 Ca·

297 1530 461 1615 pitularis3
487 1530 602 1615 quippe
618 1529 701 1595 istud
725 1531 774 1596 ius
796 1532 939 1616 pertinet
961 1530 1000 1596 ad
1025 1530 1222 1595 ordinariam
1246 1531 1403 1598 dioecesis
1427 1531 1488 1596 ad-

297 1655 575 1720 ministrationem.
602 1655 645 1720 At
675 1655 830 1720 Vicarius
861 1655 1031 1721 Generalis
1062 1675 1126 1720 non
1155 1659 1260 1740 potest
1290 1655 1487 1741 dispensare

297 1780 330 1844 vi
354 1779 496 1845 mandati
520 1779 693 1865 generalis.

385 1902 511 1967 Verum
534 1921 599 1966 non
623 1921 686 1967 uno
703 1903 832 1968 nomina
856 1903 926 1987 quis
949 1905 1084 1970 sortitur
1099 1904 1292 1990 Episcopum
1309 1906 1483 1989 proprium

297 2027 330 2093 S.
354 2023 585 2108 Ordinationis,
611 2046 726 2112 nempe
749 2048 792 2093 ax
820 2027 1019 2114 quadruplici
1042 2029 1145 2102 titulo,
1163 2034 1196 2093 et
1216 2029 1292 2094 hinc
1308 2031 1483 2112 quaeritur

297 2153 427 2236 quinam
451 2153 629 2238 Episcopus
652 2172 724 2218 cum
749 2151 927 2219 ordinando
942 2152 995 2218 vel
1020 2173 1091 2218 curn
1108 2155 1171 2218 iam
1187 2151 1335 2218 ordinato
1351 2153 1481 2238 dispen-

297 2297 372 2341 sare
396 2277 512 2342 valeat.
539 2277 578 2341 In
601 2279 712 2361 primis
735 2283 860 2342 certum
883 2281 941 2349 est,
966 2296 1059 2361 posse
1082 2276 1270 2362 dispensare
1291 2296 1363 2342 cum
1388 2277 1484 2344 ordi·

296 2402 423 2468 nanctis
445 2406 569 2467 tantum
586 2403 789 2488 Episcopum,
813 2402 904 2467 ouius
927 2401 1065 2466 dioecesi
1089 2401 1218 2467 bisunt
1240 2401 1392 2488 adscripti
1419 2422 1482 2468 seu

296 2523 525 2606 incardinati;
548 2543 621 2589 cum
649 2525 712 2587 iam
736 2524 906 2607 proruatis
929 2543 1008 2589 vero
1031 2525 1224 2608 Episcopum
1249 2523 1413 2599 dioecesis,
1444 2529 1480 2590 in

297 2666 361 2731 qua
383 2646 417 2710 hi
441 2647 634 2712 domicilium
656 2646 787 2727 habent,
811 2647 863 2713 vel
887 2649 978 2731 quasi
1001 2647 1207 2714 domicilium.
1226 2649 1391 2734 Gasparri,
1408 2650 1430 2714 t.
1449 2669 1480 2716 c.

295 2791 354 2838 ain.
370 2769 549 2852 asaele.
575 2771 682 2846 Quare
706 2772 881 2857 Episcopus
897 2772 1039 2858 aripinis
1061 2773 1115 2837 vel
1137 2772 1388 2855 familiaritatis
1411 2792 1480 2837 non

297 2900 403 2980 potest
427 2894 614 2979 dispensare
642 2913 707 2978 pra
732 2895 944 2968 ordinandis,
969 2901 1004 2960 ut
1027 2894 1121 2960 Card.
1145 2893 1255 2970 Petra,
1285 2900 1322 2960 in
1349 2896 1479 2962 Comm.
1558 2977 1564 2989 φ

299 3021 409 3085 Const.
435 3019 524 3084 Vlll.
550 3019 648 3104 Greg.
666 3020 725 3099 IX,
752 3019 859 3084 «Etsi
882 3039 905 3083 a
927 3016 1043 3085 Sacris
1059 3040 1077 3081 s
1102 3017 1138 3082 T.
1156 3019 1178 3083 Ι
1185 3019 1219 3094 V,
1243 3039 1278 3084 n.
1296 3018 1478 3092 terefora,

296 3143 329 3208 S.
362 3143 396 3210 G.
426 3143 461 3209 C.
495 3143 667 3209 resolvisse
697 3142 752 3208 die
783 3143 807 3208 5
831 3143 929 3209 Febr.
955 3143 1057 3208 1601.
1086 3143 1330 3229 clttepittnncs
1360 3145 1483 3229 nequit

298 3267 492 3350 dispensari
515 3267 561 3334 ad
584 3267 722 3334 ordines
744 3267 895 3335 minores
917 3266 960 3334 ab
975 3267 1143 3350 Episcopo
1167 3268 1301 3334 ratione
1323 3266 1481 3350 familia-

296 3392 407 3456 ritatis
432 3393 655 3458 triennalis».
681 3393 760 3458 Nam
783 3393 816 3456 in
841 3412 962 3479 genere
985 3395 1034 3458 ius
1058 3392 1227 3458 ordinandi
1241 3413 1308 3458 non
1332 3395 1481 3460 continet

296 3519 346 3582 ius
369 3517 582 3602 dispensandi,
600 3537 703 3601 neque
727 3515 767 3582 ab
786 3537 851 3582 uno
867 3519 938 3584 iure
961 3517 1001 3583 ad
1025 3518 1110 3584 aliud
1127 3523 1231 3604 potest
1246 3517 1374 3593 inferri,
1391 3518 1486 3584 unde

296 3641 338 3706 ad
354 3641 602 3729 dispensandum
619 3643 806 3727 requiritur,
823 3663 866 3708 ex
882 3648 974 3728 parte
990 3642 1209 3729 promovendi,
1231 3663 1312 3729 erga
1328 3643 1482 3708 ordinan-

387 3867 426 3940 (l)
446 3870 486 3924 Ex
506 3872 614 3926 indulto
629 3873 788 3942 apostolico
802 3872 921 3926 maiores
933 3871 1082 3926 facultates
1096 3872 1225 3926 obtinent
1238 3871 1377 3941 Episcopi,
1394 3888 1481 3941 prae·

297 3976 393 4030 sertim
414 3977 503 4046 quoad
522 3977 585 4031 loce
603 3978 773 4032 missionum.
787 3977 827 4031 cf.
844 3978 1022 4034 collectanea
1041 3981 1076 4033 de
1090 3979 1121 4032 P.
1133 3979 1166 4032 F.
1180 3996 1207 4032 n.
1221 3979 1307 4045 1176,
1327 3983 1357 4036 et
1373 3979 1480 4036 Collec.

297 4081 430 4135 Lacessis
450 4079 505 4147 111,
525 4083 578 4136 cal.
600 4081 670 4135 963.
689 4113 706 4123 -
724 4083 794 4139 Item
813 4082 937 4137 Praelati
958 4083 1112 4153 Regulares
1134 4083 1258 4152 gaudent
1282 4100 1316 4138 ea
1340 4083 1486 4141 facultate

297 4186 364 4253 ipsis
385 4202 433 4256 per
452 4187 562 4240 indulta
581 4202 719 4241 concessa.
738 4187 778 4240 cl.
798 4189 919 4245 Decreta
940 4189 966 4242 S.
989 4169 1072 4258 Conp.
1091 4204 1178 4259 super
1196 4197 1269 4242 statu
1287 4189 1486 4258 reputarinm,

297 4294 324 4345 d.
349 4293 391 4344 20
416 4293 474 4348 lan.
501 4293 595 4362 186ος
614 4309 666 4349 nec
690 4310 745 4348 non
770 4295 863 4349 Const.
891 4293 971 4349 Pauli
991 4295 1036 4361 ill,
1055 4296 1133 4352 Licet
1158 4297 1282 4350 debitum
1306 4311 1331 4348 a.
1355 4295 1425 4351 1549
1450 4305 1486 4353 et

297 4397 399 4452 Leonis
418 4399 481 4466 xil,
502 4399 581 4454 Inter
595 4401 685 4472 ptura
702 4420 727 4457 a.
749 4401 824 4456 1826.
