3266 5102
295 291 360 358 136
815 313 899 359 psas
924 313 947 358 r.

292 435 394 500 cende
410 435 531 501 factum
547 437 642 522 plene
658 437 756 502 fuisse
772 439 1135 522 consummatum,pa1·it
1151 434 1283 503 effectus
1304 437 1474 512 iuridic05‚

292 559 496 644 suspenditur
526 579 585 645 per
614 560 879 646 appellationem
904 580 1009 645 neque
1036 560 1154 626 exinde
1177 559 1213 625 fit
1235 561 1473 646 praeiudicium

292 685 442 749 incursae
470 704 645 758 censurae,
674 687 748 770 quia
776 686 955 751 sententiae
986 685 1231 768 declaratoriae‚
1255 686 1477 771 appellatione

293 805 513 882 confirmatae,
539 805 671 874 effectus
694 810 961 875 retrotrahuntur
983 810 1023 874 ad
1036 809 1118 874 diem
1142 811 1330 875 commissae
1351 830 1469 876 censu·

293 953 359 997 rae.
389 933 508 1000 Glossa
530 935 568 1000 iu
590 955 664 1018 cap.
686 931 874 1018 Oupieutes,
900 935 949 1000 De
965 937 1056 1002 elect.
1076 936 1113 1000 ia
1129 935 1161 1012 6,
1188 942 1218 1001 et
1241 935 1407 1012 Barbasa,
1432 935 1470 998 in

293 1077 368 1141 cap.
391 1058 445 1140 13,
470 1059 520 1126 De
542 1061 665 1143 appell.
689 1082 723 1126 a.
749 1061 782 1126 5.

385 1183 438 1265 ll)
455 1184 587 1248 Demum
605 1185 893 1249 excommunicatio
909 1185 972 1248 iam
985 1187 1117 1250 incursa
1133 1205 1197 1250 non
1213 1186 1300 1250 valet
1316 1183 1469 1272 suspendi

293 1309 326 1372 in
343 1328 400 1374 suo
417 1305 534 1374 effectu
549 1308 589 1374 ad
606 1317 730 1374 certum
745 1315 870 1396 tempus
886 1310 939 1375 vel
955 1312 989 1375 in
1004 1311 1143 1395 aliquem
1168 1317 1337 1387 eventum;
1360 1310 1471 1396 prouti

293 1435 453 1499 communi
484 1438 644 1500 sententia
671 1442 820 1501 asserunt
843 1437 926 1503 DD.:
951 1435 992 1500 cl.
1018 1437 1150 1522 Sayrus‚
1181 1437 1375 1502 Thesaurus
1398 1453 1469 1500 cas.

294 1578 401 1625 cousc.
419 1559 458 1622 L.
476 1560 503 1634 I,
521 1579 594 1642 cap.
619 1559 645 1624 2
667 1580 700 1624 a.
722 1559 754 1622 4.
774 1595 791 1608 -
809 1559 1054 1644 suspenduntur
1077 1566 1184 1626 autem
1202 1565 1271 1627 tum
1294 1559 1472 1642 suspensio

292 1688 360 1748 tum
372 1683 598 1749 interdictum.
614 1685 708 1748 Ratio
721 1684 915 1748 discriminis
932 1689 980 1748 est
995 1685 1069 1768 quia
1085 1685 1384 1764 excommunicatio,
1398 1703 1473 1768 gra·

293 1809 424 1873 vissima
447 1829 567 1894 poena,
592 1809 673 1873 ferri
701 1808 796 1874 debet
818 1829 915 1894 quum
940 1811 1131 1895 grauissima
1156 1814 1188 1875 et
1210 1809 1344 1894 probata
1368 1807 1474 1875 subsit

294 1953 408 2008 causa;
433 1939 465 1998 et
488 1936 549 2000 ista
571 1935 671 2000 semel
694 1937 865 2000 commissa
888 1935 941 1999 vel
964 1935 1143 2001 absolvitur
1167 1937 1220 2000 vel
1244 1937 1373 2021 integra
1394 1953 1474 2020 per-

294 2065 432 2126 severat.
452 2095 468 2106 -
488 2059 659 2144 Suspensio
682 2063 789 2124 autem
808 2059 861 2124 vel
879 2059 1084 2126 interdictum
1108 2067 1181 2126 sunt
1197 2061 1337 2125 leviores
1353 2079 1476 2124 censu-

294 2204 352 2250 rae
376 2191 408 2250 et
430 2183 601 2268 aliquando
625 2185 776 2250 feruntur
799 2205 864 2248 noa
888 2204 951 2268 qua
973 2203 1138 2250 censurae
1162 2185 1218 2250 sed
1241 2205 1304 2270 qua
1315 2203 1476 2268 poenae,-

293 2310 380 2374 unde
404 2329 468 2374 non
493 2313 541 2374 est
564 2311 776 2394 incongruum
806 2308 987 2375 huiusmodi
1019 2308 1162 2374 remedia
1193 2310 1341 2395 poenalia
1373 2310 1473 2374 etiam

295 2433 335 2499 ad
358 2439 482 2518 tempus
506 2433 665 2519 suspendi.
691 2433 818 2498 Exinde
841 2435 927 2498 enim
954 2453 1019 2498 non
1046 2433 1294 2498 timendnmest
1317 2435 1472 2499 inconve-

295 2560 405 2632 niens,
430 2559 555 2642 penitus
582 2556 758 2622 arcendum
786 2577 806 2621 a
828 2559 989 2623 sententia
1016 2559 1357 2622 excommunicationis
1386 2577 1472 2641 quae

294 2684 411 2748 leviter
423 2683 505 2748 ferri
517 2688 632 2768 posset,
646 2683 735 2748 eade
748 2703 845 2747 causa
857 2685 940 2768 qnia,
955 2703 992 2748 re
1005 2683 1118 2748 melius
1130 2703 1300 2768 perpensa,
1314 2682 1469 2768 suspendi

295 2826 420 2891 quoque
443 2811 549 2891 posset
573 2805 629 2890 (1).
654 2805 701 2874 cf.
728 2806 858 2878 Suarez‚
884 2805 939 2870 Vl.
964 2805 996 2869 4.

385 2931 436 2995 87.
462 2931 606 2996 Censura
628 2931 697 2994 sive
719 2930 762 2996 ab
790 2931 925 2996 mutae
947 2932 1014 2996 sive
1039 2949 1061 2995 a
1085 2931 1163 2996 iure·
1182 2930 1309 2995 teratur
1335 2937 1372 2995 ut
1402 2930 1476 3015 ple-

295 3075 371 3120 num
395 3057 547 3120 sortiatur
562 3055 714 3119 effectum
732 3055 894 3118 nonnullis
909 3053 1142 3120 conditionibus
1158 3055 1347 3120 satisfacere
1364 3053 1472 3120 debet.

298 3217 315 3229 -
341 3183 380 3246 In
409 3183 520 3267 primis
543 3199 622 3266 prae
653 3181 755 3245 oculis
777 3178 958 3244 habendum
984 3185 1033 3244 est
1055 3181 1280 3266 gravissimum
1315 3181 1473 3245 monitum

297 3307 417 3373 Concil.
435 3305 521 3371 Trid.
542 3308 627 3372 Sese.
649 3303 708 3379 23,
734 3323 807 3388 cap.
826 3303 860 3385 3,
877 3304 927 3369 De
950 3303 1029 3388 ress
1044 3306 1204 3378 nimirum,
1224 3305 1354 3389 parcius
1378 3307 1476 3368 uten-

385 3591 425 3660 (l)
446 3589 524 3642 Rem.
544 3588 673 3643 Pontifex
692 3587 739 3658 qui
759 3591 801 3642 est
820 3587 946 3657 superior
964 3588 1024 3642 iure
1044 3589 1182 3642 communi
1208 3587 1285 3642 valet
1304 3585 1477 3656 suspendere

296 3698 381 3751 etiam
403 3695 459 3748 vim
485 3694 793 3758 excaanmunicationis‚·
818 3698 847 3746 et
871 3692 923 3747 hoc
949 3699 1073 3764 praestat
1097 3695 1126 3748 in
1151 3695 1293 3764 rescriptis
1318 3694 1349 3747 in
1373 3693 1478 3763 quibus

296 3803 438 3873 suspendit
455 3803 512 3857 vim
530 3800 824 3855 excommunicationis
842 3800 876 3854 ad
896 3801 1033 3867 effectum,
1053 3806 1161 3870 utputa,
1180 3799 1324 3854 obtinendi
1344 3799 1476 3854 beneficii

296 3910 482 3965 collationem.
497 3911 535 3962 At
548 3909 699 3977 Episcopus
718 3908 747 3960 in
767 3907 939 3961 conferendis
952 3906 1094 3961 beneficiis
1112 3906 1166 3960 hoc
1184 3905 1281 3960 iubere
1298 3921 1354 3958 non
1368 3907 1483 3974 potest3

297 4022 326 4072 et
345 4027 427 4086 caput
446 4015 605 4069 Postulosu'.
625 4043 640 4053 -
660 4015 701 4068 De
724 4014 797 4068 Cler.
817 4029 951 4067 excomm.
974 4015 1065 4067 minis.
1086 4042 1102 4052 -
1121 4011 1335 4081 intelligendum
1359 4015 1411 4076 est,
1432 4009 1483 4064 de-

297 4136 411 4176 cernere
428 4120 557 4175 beneficii
576 4119 753 4173 collationem
772 4121 876 4172 factam
895 4121 930 4174 ab
950 4121 1086 4191 Episcopo
1107 4120 1215 4174 cuidam
1239 4119 1343 4173 clerico
1362 4133 1479 4173 excom·

297 4228 438 4282 municato
457 4244 516 4282 esse
535 4225 656 4292 nullam,
675 4226 721 4282 sed
743 4233 838 4297 postes
856 4227 917 4280 fieri
942 4226 1063 4280 validam
1085 4243 1184 4297 quum,
1209 4225 1339 4280 absoluto
1364 4225 1481 4292 clerico,

297 4337 450 4406 Episcopus
466 4335 594 4390 intendat
613 4350 754 4389 removere
780 4334 1007 4404 impedimentum
1031 4333 1146 4386 obstans
1171 4331 1283 4387 effectui
1310 4329 1481 4385 collationis.

297 4441 399 4495 Suarez
419 4441 437 4492 l.
458 4457 480 4494 c,
500 4459 528 4492 u.
550 4438 577 4492 9.
