3202 5104
449 317 493 364 nn
522 317 674 365 uetueris
698 318 741 364 er
765 317 884 366 roaros
1190 298 1257 366 215

165 438 243 504 144.
275 438 596 505 Demumcensurem
620 440 960 505 excommunicationis
984 444 1162 525 sequuntur
1176 461 1259 505 unus

78 569 110 630 et
132 565 220 629 alter
245 559 388 647 effectus,
412 565 512 631 veluti
541 567 729 630 extrinseci.
754 603 772 612 -
796 563 925 630 Primus
949 571 997 650 est
1020 565 1260 653 irrequluritas

78 709 169 775 quam
194 690 338 754 incurrit
361 688 500 754 clericus
523 710 683 755 exercens
706 689 863 756 ordinem
886 693 1027 755 censura
1052 690 1257 776 prohibitum,

78 815 202 879 violans
226 833 416 890 censuram;
440 820 473 880 at
496 815 559 880 hoc
585 821 634 881 est
661 835 829 880 commune
853 814 999 880 omnibus
1023 815 1187 891 censuris;
1212 817 1259 881 uti

79 939 312 1026 explicabimus
335 945 468 1026 agentes
491 939 530 1006 de
554 940 857 1026 irregularitatibus.

166 1067 349 1133 Secundus
373 1062 514 1140 effectus,
533 1069 683 1153 proprius
698 1069 827 1133 omnino
845 1068 1193 1138 excommunicationis,
1212 1071 1261 1132 est

78 1191 347 1258 insordescentie
381 1211 475 1275 quam
507 1193 551 1256 ita
581 1191 773 1258 determinat
804 1191 924 1257 Concil.
953 1192 1050 1264 Trid..
1083 1189 1169 1258 Sese.
1198 1191 1258 1264 25,

80 1335 149 1400 cup.
174 1315 218 1398 3,
243 1317 297 1382 De
322 1315 386 1399 res.
410 1317 447 1381 in
470 1317 528 1402 lin.
557 1314 752 1382 decernens:
781 1316 1149 1384 ‹Eoecommunicntus
1179 1335 1259 1382 tero

80 1439 284 1525 quicumque
307 1440 434 1522 sipost
457 1437 625 1527 teqitimes
647 1439 849 1506 monitiones
870 1459 941 1505 non
967 1437 1164 1524 resipuerit,
1189 1457 1260 1505 non

86 1568 192 1632 solum
213 1567 263 1632 ed
285 1571 503 1633 sacramenta
526 1571 557 1632 et
581 1565 851 1633 communionem
866 1567 1061 1650 fidelium...
1084 1584 1155 1632 non
1174 1566 1259 1632 reei-
1287 1586 1295 1598 ·

86 1690 220 1774 piatur,·
245 1691 303 1757 sed
327 1691 352 1756 si
377 1710 553 1758 osounnro
577 1711 684 1758 tutuo
708 1691 860 1757 censuris
883 1709 1041 1757 ennecus
1057 1691 1093 1756 in
1108 1689 1175 1755 iltis
1193 1708 1261 1773 per

89 1834 215 1881 anitum
240 1815 468 1897 insorduerit‚
493 1816 594 1881 etiem
618 1821 738 1882 contre
768 1834 862 1888 eum,
888 1821 1063 1900 tamquam
1087 1813 1129 1880 de
1152 1813 1262 1879 heresi

85 1946 285 2024 suspectum,
306 1941 450 2024 procedi
469 1941 577 2024 possit
593 1962 623 2004 u.
648 1941 739 2007 Haec
763 1940 900 2025 suspicio
922 1939 961 2005 de
976 1939 1085 2004 heresi
1109 1943 1180 2023 post
1202 1957 1260 2002 an-

85 2081 156 2126 uum
180 2068 229 2128 est
253 2063 358 2146 ieois;
381 2066 451 2147 post
474 2063 611 2129 alterum
643 2082 763 2128 annum
787 2059 822 2126 fit
849 2061 1047 2143 vetemus,-
1069 2059 1261 2124 monitiones

87 2206 161 2251 rero
183 2189 438 2273 praemittuntur
465 2187 595 2252 decreto
626 2207 688 2272 quo
720 2186 907 2252 declaratur
929 2183 1194 2251 insordescentia
1225 2188 1261 2248 ut
1329 2205 1332 2210 ·

87 2308 196 2376 deinde
218 2313 274 2378 vel
298 2311 493 2394 declaretur,
517 2313 617 2377 fuisse
640 2311 788 2376 incursus
812 2307 944 2375 effectus
967 2308 1119 2394 poenales
1142 2305 1181 2371 ab
1206 2306 1261 2370 illa

87 2441 315 2520 consequentes
330 2438 383 2502 vel
399 2437 434 2519 hi
453 2457 513 2522 per
529 2436 719 2501 sententiam
736 2438 941 2521 irrogentur3
958 2433 1084 2519 quaudo
1109 2433 1261 2497 nimirum

90 2563 380 2628 excommunicatus
396 2562 570 2628 nullimode
586 2563 763 2648 resipiscat,
777 2565 833 2628 aut
845 2559 974 2625 aliunde
986 2579 1050 2623 non
1064 2557 1262 2623 demonstret

92 2703 123 2746 se
144 2705 207 2750 non
232 2706 428 2772 permanere
444 2688 476 2751 in
493 2706 633 2752 censura
649 2705 825 2752 oeeunsro
848 2703 956 2757 tutuo
980 2703 1037 2749 seu
1060 2683 1092 2748 in
1116 2685 1263 2766 spretum

90 2810 119 2870 et
139 2815 356 2898 contemptum
379 2811 545 2896 potestatis
562 2811 677 2876 eccles.
695 2809 751 2875 sed
775 2829 817 2874 ex
840 2808 903 2874 alia
920 2828 1026 2882 causa,
1051 2808 1111 2872 etsi
1134 2805 1261 2871 irratio

88 2931 178 2997 nabili
201 2956 258 3000 seu
283 2935 443 3020 culpabili,
467 2940 504 3001 ut
525 2940 603 3020 puta
626 2954 669 3001 ex
692 2933 764 3000 odio
781 2935 814 2998 in
830 2953 1001 3020 personam
1017 2932 1176 3018 Episcopi,
1195 2949 1261 2994 non

91 3075 147 3138 qua
168 3059 345 3146 Episcopus
368 3058 424 3126 sed
449 3080 512 3144 qua
535 3061 614 3125 ciris
638 3065 695 3134 est,
721 3061 772 3125 cui
797 3080 861 3124 non
884 3058 955 3124 vult
977 3057 1166 3124 satisfacere
1182 3074 1259 3122 cen·

91 3187 218 3250 suratus.
1245 3251 1246 3256 ,

179 3308 345 3390 Doctores,
366 3310 411 3375 uti
428 3309 728 3395 Schmalzgrueber,
750 3309 784 3390 V,
803 3310 848 3374 tit.
865 3308 924 3389 39,
938 3328 972 3373 n.
989 3308 1055 3374 195
1073 3311 1105 3372 et
1122 3304 1259 3371 D’Anni·

93 3425 167 3503 bale,
183 3433 210 3507 Ι,
227 3433 311 3508 362,
327 3439 395 3501 not.
412 3435 463 3511 18,
482 3437 527 3500 ita
550 3437 808 3520 interpretantur
823 3439 947 3502 textum
965 3432 1145 3497 Tridentini
1162 3431 1259 3496 Cone.

96 3558 127 3616 ut
147 3558 326 3641 opinentur,
350 3558 403 3624 hic
427 3560 479 3644 agi
503 3560 546 3625 de
569 3559 919 3626 eucommunicetione
942 3557 985 3624 ab
1009 3555 1153 3638 homine,
1169 3554 1261 3620 dum-

98 3681 188 3746 taxat.
204 3683 266 3749 Sed
282 3683 364 3749 haec
380 3685 604 3769 interpretatio
620 3685 684 3748 vim
700 3683 780 3749 facit
795 3683 897 3749 textui
915 3702 975 3765 quo
995 3685 1148 3748 cavetur:
1174 3699 1261 3746 ‹eor-

102 3808 359 3875 communicolus
373 3828 454 3876 cero
470 3809 674 3894 quicumque
689 3830 707 3871 »
727 3813 759 3875 et
782 3805 837 3872 ubi
853 3807 908 3872 lex
923 3825 994 3873 non
1009 3805 1186 3892 distinquit
1200 3824 1263 3872 nec

97 3943 153 3992 nos
176 3931 382 4020 distinqnere
406 3932 574 4000 debemus.
590 3969 605 3980 -
623 3933 666 3998 Hi
683 3935 839 3999 Doctores
854 3937 961 3999 autem
985 3935 1031 3997 ita
1053 3932 1173 4016 opinati
1188 3936 1263 3997 sunt

101 4049 307 4140 advertentes,
330 4059 427 4124 aliter
449 4059 482 4123 in
506 4059 783 4124 excommunicato
805 4077 870 4122 non
894 4057 1008 4136 haberi
1028 4057 1263 4122 contumaciam

100 4191 137 4239 ex
157 4198 330 4249 oenunnro
353 4202 461 4249 curuo
484 4185 545 4249 nisi
569 4183 653 4248 adsit
670 4189 797 4269 spretus
821 4183 1000 4248 sententiae
1024 4180 1145 4246 iudicis.
1162 4183 1261 4264 Atqui

97 4292 152 4364 hoc
171 4323 283 4370 verum
307 4309 373 4383 est;
396 4305 452 4372 sed
475 4305 601 4373 adverti
625 4306 728 4380 debet,
747 4306 925 4373 Concilium
949 4306 1169 4392 expostulasse
1191 4324 1260 4371 mo·

100 4423 229 4497 nitiones
251 4430 503 4517 praemittendas
530 4451 600 4498 esse
627 4432 758 4500 decreto
782 4431 1010 4500 deelaratonio
1033 4431 1262 4499 insordescen-
