3266 5102
820 279 904 327 PARS
930 280 951 325 Ι.

567 527 587 608 ἓ
613 527 637 590 l.
664 562 681 573 -
709 526 758 592 De
780 526 922 592 diuersis
946 527 1055 593 mortis
1076 526 1213 607 ferendi

656 668 717 715 seu
741 651 966 717 constituendi
983 671 1125 735 poeoos.

302 855 517 913 summarium.
537 887 570 900 —
589 861 632 913 ot.
647 861 741 914 Poena
759 859 816 913 alia
835 865 877 914 est
895 881 912 915 a
928 864 998 929 iure,
1015 860 1072 914 alia
1092 865 1126 916 ab
1144 863 1262 916 toeniae.
1283 861 1357 922 Quae
1376 865 1411 915 ab
1430 863 1486 915 lto-

386 965 462 1016 mine
472 964 607 1028 seruntur,
616 965 770 1032 comparari
780 964 871 1018 solent
880 969 1037 1036 praeceptis
1047 966 1140 1035 prouti
1152 965 1220 1020 haec
1231 967 1288 1035 topi
1295 969 1486 1035 opponuntur.

389 1067 464 1122 Haec
489 1071 638 1136 sententia,
657 1071 686 1123 in
709 1070 878 1136 universum,
896 1085 951 1124 non
975 1071 1084 1125 videtur
1106 1087 1180 1125 vera.
1198 1100 1235 1112 -
1253 1071 1297 1124 65.
1318 1071 1486 1124 Afferuntur

389 1193 423 1230 ex
450 1177 643 1246 iuropositiro
665 1179 861 1244 ordinationes,
884 1179 973 1249 quoad
996 1179 1108 1233 modum
1135 1179 1240 1235 serendi
1263 1189 1425 1252 praecepta.
1447 1208 1486 1219 -

386 1288 429 1340 66.
451 1287 631 1357 lmprtgnatur
650 1288 788 1342 sententia
807 1304 878 1358 quae
898 1293 976 1342 tenet
993 1287 1062 1342 haec
1074 1301 1228 1360 praecepta
1241 1290 1343 1344 resolvi
1356 1289 1486 1344 resoluto

387 1391 584 1461 praecipientis
603 1391 671 1445 iure.
694 1391 818 1445 Adversa
842 1392 982 1446 sententia
1004 1393 1169 1460 expenditur
1190 1393 1306 1448 iuridice
1334 1398 1362 1447 et
1390 1392 1484 1446 histo·
1550 1428 1552 1431 -

392 1501 456 1556 rice.
477 1531 511 1542 —
530 1503 573 1554 67.
594 1501 691 1562 Quoad
710 1500 856 1555 historiam
875 1502 1116 1558 afferturGlossae
1135 1503 1276 1558 sententia
1294 1503 1485 1572 qtraeexami-

389 1613 479 1662 natur.
491 1638 524 1649 —
543 1609 579 1662 68
590 1608 628 1662 De
648 1608 1014 1676 poeniscoauentioaatitus.
1033 1638 1070 1649 -
1088 1609 1131 1662 69.
1152 1609 1263 1664 Poenae
1282 1627 1298 1662 a
1319 1609 1484 1662 iureeditao

387 1715 462 1771 aliae
481 1719 546 1769 sunt
564 1717 700 1787 serendae
720 1719 769 1768 aut
790 1717 862 1769 tatae
881 1717 1041 1770 sententiae.
1055 1744 1089 1757 -
1107 1717 1151 1768 70.
1167 1717 1227 1777 Quia
1245 1717 1354 1770 ratione
1374 1732 1484 1783 poenae

389 1826 407 1876 t.
426 1838 449 1877 s.
469 1823 625 1893 exquirant,
643 1837 692 1889 pro
720 1822 891 1887 executione,
912 1823 1079 1876 sententiam
1099 1824 1224 1876 criminis
1251 1823 1482 1887 declaratoriam,

388 1934 448 1982 toto
467 1927 545 1982 coelo
564 1928 723 1994 distinctam
750 1945 767 1980 a
792 1929 1027 1983 condemnator-ia.
1056 1957 1089 1970 —
1108 1930 1152 1981 71.
1181 1929 1222 1983 Ut
1249 1930 1368 1982 satisfiat
1396 1943 1484 1998 quaa-

387 2032 487 2097 stioni,
506 2047 540 2084 an
567 2047 630 2084 reus
656 2031 749 2084 subire
768 2030 869 2085 debeat
887 2049 1005 2101 poenam
1026 2034 1046 2085 t.
1060 2048 1080 2085 s.
1101 2035 1167 2085 ante
1189 2047 1391 2102 quamcumque
1410 2029 1484 2083 iudi·

387 2139 426 2190 cis
447 2137 624 2202 sententiam,
643 2137 853 2205 distinguuntur
871 2153 977 2207 poenae
991 2140 1136 2209 positivae,
1151 2141 1305 2208 aepatioae,
1318 2141 1431 2193 mixtae.
1444 2167 1484 2180 -

386 2245 430 2296 72.
449 2245 479 2296 ln
494 2244 622 2312 positivis
638 2246 737 2312 poenis
756 2244 907 2313 requiritur
926 2250 995 2299 seut.
1010 2245 1208 2298 declaratoria.
1223 2273 1256 2286 -
1275 2243 1318 2297 73.
1333 2244 1364 2298 In
1382 2243 1482 2314 poeuis

386 2351 491 2414 mistis,
504 2367 538 2403 es
548 2350 668 2418 receptis
681 2349 811 2415 moribus,
824 2350 977 2420 requiritur
989 2351 1129 2405 sententia
1141 2351 1332 2404 declaratoria
1345 2353 1483 2413 criminis,

388 2457 511 2526 exceptis
530 2457 656 2510 censuris
675 2461 703 2510 et
722 2457 989 2526 irrepataritatibas.
1002 2486 1039 2498 -
1050 2459 1092 2510 74.
1108 2457 1138 2510 ln
1152 2457 1247 2526 poenis
1261 2474 1328 2526 pure
1341 2458 1482 2526 capuanis

387 2563 466 2616 nulla
485 2565 635 2634 requiritur
653 2565 801 2619 sententia.
821 2595 854 2606 -
873 2565 917 2620 75.
936 2566 980 2618 An
1000 2564 1081 2619 iudex
1102 2566 1230 2634 infligens
1249 2581 1351 2635 poenas
1369 2565 1483 2619 ordina-

388 2668 444 2720 rias
463 2670 517 2737 fer.
537 2677 605 2721 seat.
626 2669 713 2736 possit
733 2669 842 2724 easdem
862 2668 907 2723 vel
926 2669 1051 2723 minuere
1070 2667 1115 2723 vel
1134 2685 1246 2739 augere.

387 2898 439 2962 64.
464 2899 516 2963 t'ti
540 2900 663 2963 crimen
688 2919 752 2963 non
777 2900 971 2986 intelligitur
995 2901 1064 2964 sine
1088 2901 1244 2984 positivae
1270 2899 1351 2984 legis
1374 2898 1480 2963 riola-

296 3025 393 3096 tione,
418 3025 463 3088 ita
489 3043 594 3109 poena
621 3023 690 3086 sine
717 3023 852 3106 positiva
883 3025 1024 3088 iussione
1055 3043 1119 3086 non
1150 3023 1364 3088 constituitur.
1391 3021 1482 3086 Hinc

299 3149 437 3233 primum
473 3147 694 3212 disserendum
731 3152 780 3212 est
807 3147 846 3212 de
877 3147 980 3212 modis
1011 3147 1125 3232 quibus
1155 3168 1279 3232 poenae
1313 3147 1478 3212 feruutur.

298 3273 381 3346 Quia
406 3293 483 3337 vero
507 3291 630 3357 poenae
664 3275 728 3337 iam
762 3272 847 3337 latae
878 3273 931 3338 vel
966 3271 1069 3356 quoad
1101 3274 1289 3359 generalem
1319 3269 1481 3357 significa-

298 3398 435 3469 tionem,
467 3396 520 3460 vel
544 3395 647 3480 quoad
665 3397 730 3461 vim
746 3398 779 3461 in
796 3415 873 3462 casu
897 3397 1054 3482 peculiari
1077 3396 1248 3479 aliquando
1272 3393 1482 3480 expostulant

299 3517 623 3600 interpretationem,
647 3515 782 3600 proinde
807 3517 938 3602 regulas
962 3521 1073 3602 postea
1096 3516 1300 3581 subiiciemus
1314 3516 1480 3598 interpre-

299 3643 428 3709 tationis
451 3641 633 3706 huiusmodi
655 3641 773 3726 legum.

388 3767 469 3830 Tum
501 3783 660 3830 censurae
688 3770 756 3829 tum
788 3784 913 3850 poenae
940 3765 1022 3829 ferri
1050 3773 1182 3850 possunt
1204 3766 1257 3831 vel
1281 3785 1303 3829 a
1325 3765 1402 3830 iare
1426 3766 1481 3830 vel

298 3888 341 3954 ab
365 3887 509 3954 homine.
527 3889 692 3952 Feruntur
707 3907 730 3952 a
744 3887 821 3954 iure
836 3907 893 3952 seu
909 3909 969 3973 per
984 3889 1111 3953 modum
1128 3889 1219 3974 legia,
1236 3885 1362 3970 quando
1378 3889 1481 3952 omni·

298 4013 358 4080 bus
382 4019 414 4079 et
436 4018 592 4098 perpetuo
608 4019 737 4080 vetatur
760 4012 897 4096 aliquid;
921 4013 964 4079 ab
982 4014 1116 4082 homine
1131 4035 1211 4079 vero
1228 4012 1379 4079 dicuntur
1395 4013 1480 4078 ferri

298 4159 381 4223 quae
404 4159 423 4204 a
446 4141 592 4225 principe
615 4160 672 4205 seu
695 4159 715 4203 a
737 4139 881 4225 praelato
906 4147 1090 4207 statuuntur
1114 4161 1173 4225 pro
1196 4139 1302 4223 aliquo
1326 4159 1405 4205 casu
1419 4159 1481 4225 pe-

298 4265 413 4329 culiari
436 4266 469 4328 in
493 4264 566 4348 lege
589 4265 717 4350 poenali
741 4285 806 4329 non
830 4266 1074 4350 comprehenso,
1100 4269 1133 4330 et
1155 4265 1217 4330 hae
1240 4285 1365 4351 poenae
1389 4264 1480 4331 urui-

298 4385 428 4452 trariae
450 4405 508 4450 seu
531 4385 832 4453 eoctraorctiuariue
855 4388 938 4467 (scil.
966 4407 986 4452 a
1010 4389 1169 4452 communi
1192 4389 1263 4452 iure
1286 4407 1351 4452 non
1378 4387 1478 4472 latae)
