3266 5102
512 285 557 331 oa
581 283 734 332 nemoris
758 285 801 332 rr
826 284 944 332 nonnis
1252 263 1318 328 155

132 407 298 494 derogare
320 408 416 474 valet.
450 409 611 484 Quocirca
640 411 707 472 toto
731 406 821 471 coelo
852 407 939 471 inter
969 403 1195 478 sedifferunt,
1221 404 1318 471 abse-

131 533 217 600 tutio
231 539 265 599 et
276 533 497 618 dispensatim
509 552 647 616 namque
659 530 823 599 absolutio
837 536 884 597 est
901 535 996 598 actus
1011 531 1168 607 iustitiae,
1181 531 1318 614 dispen-

128 659 219 726 satio
237 665 285 726 cst
301 665 397 726 actus
418 657 570 745 pratiae5
586 677 687 743 quare
710 656 866 723 absolutio
882 664 932 722 est
953 655 1168 740 favorabilia·
1184 657 1316 740 dispen-

128 783 219 850 sotto
232 787 282 848 est
292 784 397 848 stricti
414 784 492 848 iuris
508 788 541 848 et
555 801 621 847 non
632 781 819 847 extenditur
836 780 921 848 ultra
936 801 1107 868 expressa:
1126 780 1168 846 cf.
1186 781 1316 845 Suarez.

129 907 183 972 De
209 908 304 974 Gens.
330 907 370 971 D.
396 908 447 981 41,
471 911 548 973 sect.
573 907 601 981 1,
627 926 661 972 n.
688 905 721 972 4.

226 1032 301 1098 104.
320 1032 602 1133 Qsentialis
614 1027 818 1134 'differentiae
839 1032 921 1096 ratio
937 1036 996 1105 est,
1013 1029 1245 1097 absolutionem
1266 1030 1317 1095 de-

130 1157 248 1240 negari
275 1176 341 1220 non
364 1175 458 1242 posse
482 1157 662 1221 censuratis
685 1153 932 1240 poenitentibus,
958 1155 1102 1220 eamdem
1124 1154 1314 1240 petentibus,

131 1300 207 1345 cum
222 1286 338 1367 suapte
355 1287 472 1346 natura
487 1300 628 1346 censura
644 1286 798 1366 provocet
814 1280 854 1344 ad
870 1280 1103 1346 absolutionem
1123 1299 1186 1364 qua
1200 1281 1317 1346 iniuste

130 1405 292 1490 denegata
316 1409 447 1492 exurgit
469 1408 518 1472 ius
543 1405 725 1492 appellandi
741 1405 781 1470 ad
804 1406 1006 1491 superiorem
1030 1424 1090 1490 pro
1113 1403 1315 1470 absolutione

131 1532 317 1598 obtinenda.
335 1571 353 1583 -
370 1535 397 1599 E
414 1539 529 1600 contra
544 1533 775 1622 dispensationi
790 1531 982 1600 obtinendae
1006 1532 1129 1598 nullum
1153 1531 1244 1596 adest
1267 1532 1315 1597 ius

130 1665 365 1744 comparatum,
389 1658 587 1726 solummodo
611 1660 755 1742 aequitas
778 1658 832 1724 vel
849 1657 993 1724 charitas
1017 1663 1049 1722 et
1071 1657 1240 1742 pastoralis
1256 1657 1316 1723 sol-

129 1784 264 1850 licitudo
288 1785 459 1868 aliquando
490 1784 679 1856 consulunt,
705 1783 973 1868 dispensationem
1004 1781 1224 1868 denegandam
1250 1802 1314 1846 non

129 1928 216 1984 esse;
241 1908 298 1974 sed
322 1930 342 1973 a
365 1913 523 1995 conceptu
550 1907 800 1994 dispensationis
827 1908 958 1971 omnino
989 1905 1147 1970 abhorret
1170 1907 1220 1970 ins
1243 1925 1313 1991 pro-

128 2030 269 2096 vocandi
293 2031 333 2096 ad
358 2033 559 2116 superiorem
587 2029 627 2096 ob
652 2031 846 2115 denegatam
870 2028 1148 2114 dispensationem.
1178 2027 1314 2102 Quando

127 2173 212 2218 vero
236 2153 432 2239 dispensatio
444 2159 493 2218 est
504 2153 611 2218 debita
627 2173 669 2218 en
685 2153 847 2219 charitate
863 2151 915 2216 vel
932 2171 975 2216 ex
990 2152 1119 2224 institia,
1137 2155 1172 2216 ut
1187 2151 1313 2236 quando

128 2278 224 2344 adest
247 2281 356 2363 gravis
378 2279 554 2343 necessitas
576 2277 773 2363 publicaaut
788 2278 926 2362 privata,
950 2281 1028 2341 tunc
1044 2281 1131 2362 patet
1152 2295 1314 2343 recursus

127 2401 172 2466 ad
196 2401 396 2486 superiorem
420 2399 460 2466 ob
487 2399 679 2486 denegatam
711 2398 750 2464 ab
774 2399 931 2464 inferiore
963 2399 1244 2484 dispensationem.
1270 2401 1314 2463 At

125 2524 215 2588 ratio
238 2543 390 2590 recursus
414 2529 463 2589 est
484 2522 745 2588 extraordinaria
772 2541 877 2606 neque
910 2523 1061 2587 exoritur
1084 2542 1105 2586 a
1127 2526 1246 2588 natura
1269 2521 1314 2586 di·

126 2649 346 2734 spensationis
368 2649 562 2722 intmnseca,
586 2647 642 2713 sed
660 2668 702 2713 ex
718 2625 877 2712 adiunctis
901 2667 1013 2712 rerum
1036 2646 1253 2732 castrinsem
1269 2647 1311 2713 cl.

134 2775 353 2841 Thesawum
374 2773 416 2862 Ρ
434 2775 462 2849 Ι,
486 2795 512 2840 c.
536 2775 597 2840 20.

224 2897 296 2964 105.
323 2897 720 3000 anluratnn
632 2899 705 2963 tert'
699 2917 730 2962 ia
754 2894 951 2986 differentia
943 2898 1100 2964 ·seilicet
1087 2903 1259 2982 tpotestat
1261 2921 1312 2965 em

124 3019 362 3110 absolvendis
384 3023 531 3096 censoris
555 3021 703 3087 omnibus
727 3027 910 3106 competere
928 3022 980 3106 qui
996 3043 1036 3107 po
1037 3027 1136 3087 tetsta
1137 3043 1155 3087 e
1171 3023 1314 3108 polleant

123 3146 184 3212 vel
205 3149 240 3212 in
255 3147 327 3224 foro
351 3149 479 3214 interno
502 3147 554 3213 vel
565 3149 603 3235 in
620 3147 692 3213 foro
710 3153 864 3222 externo;
882 3147 1050 3212 dummodo
1067 3151 1232 3213 contraria
1247 3169 1312 3214 non

124 3269 234 3336 obstat
256 3270 447 3354 prohibitio;
466 3271 694 3361 'dispensandi
716 3291 795 3335 vero
819 3275 1010 3356 potestatem
1033 3290 1098 3336 non
1116 3278 1312 3358 competere,

125 3395 199 3459 iure
213 3393 388 3490 ordinario,
397 3395 461 3494 nisi
470 3395 659 3486 legislatori
672 3396 803 3480 eiusque
816 3396 1007 3468 successori,
1019 3401 1051 3460 et
1063 3394 1224 3484 delegato;
1237 3417 1311 3461 nam

123 3520 162 3584 in
183 3519 258 3605 lege
281 3539 346 3584 non
368 3521 534 3606 dispensat
556 3521 617 3586 nisi
641 3522 710 3606 ipse
732 3520 814 3606 legis
837 3520 924 3585 lator
947 3525 1004 3586 aut
1026 3521 1121 3586 huius
1146 3521 1310 3606 Superior,

124 3661 233 3727 neque
250 3640 446 3731 aliusssquam
462 3665 632 3711 successor
647 3651 703 3710 aut
718 3644 886 3730 delegatus
902 3646 935 3710 in
951 3643 1063 3709 eadem
1081 3650 1238 3730 potestate
1255 3645 1311 3732 (l).

215 3871 256 3942 (1)
276 3871 441 3926 Ηωοτνείίο
462 3873 599 3938 continet,
617 3874 719 3926 natura
737 3873 796 3939 snt,
816 3873 937 3926 alicuius
957 3888 1037 3926 casus
1054 3875 1197 3942 pronioris
1214 3893 1310 3930 acoen-

122 3979 229 4029 tioncm
249 3975 289 4029 ad
308 3979 494 4045 coercitionem
512 3994 565 4032 seu
583 3979 721 4032 iudicium
741 3979 904 4048 superioris.
924 4004 939 4017 ·
959 3976 1149 4030 Reservantur
1167 3984 1227 4032 tum
1245 3996 1311 4050 pec·

121 4085 187 4136 eata
207 4085 268 4136 tum
287 4098 438 4148 censurae‚·
450 4087 480 4137 et
493 4083 560 4153 quia
579 4100 696 4138 censura
709 4100 765 4138 non
780 4083 933 4138 incurritur
945 4083 999 4135 nisi
1012 4083 1047 4136 ob
1060 4100 1145 4151 grave
1156 4091 1309 4154 peccatum,

121 4186 224 4242 exinde
243 4189 388 4242 reservata
406 4191 533 4256 censura,
553 4189 639 4245 etiam
653 4195 799 4260 peecatum
818 4198 991 4244 reservatum
1011 4189 1182 4259 intelligitur
1200 4191 1269 4246 adeo
1281 4198 1312 4248 ut

122 4293 195 4348 duae
213 4293 426 4362 distinguantur
443 4297 664 4363 reservationes3
682 4297 774 4351 altera
793 4310 936 4362 censurae,
958 4297 1066 4364 peccati
1086 4295 1184 4352 altera.
1201 4297 1313 4361 Suarez,

122 4403 166 4457 Dc
178 4401 290 4456 Poenit.
305 4401 410 4469 XXIX,
423 4404 449 4470 2,
463 4401 488 4456 8.
501 4431 516 4446 -
533 4403 618 4458 Cusus
632 4405 725 4475 Papae
744 4405 881 4460 reservati
897 4405 1013 4474 (etenim
1033 4405 1212 4474 appellantur
1231 4425 1312 4462 cosas
