3266 5102
489 323 532 370 nn
556 323 711 370 onurcrrs
735 325 777 371 nr
801 325 921 370 ruerus
1232 303 1292 372 181

204 445 294 510 Nihil
319 450 426 510 autem
456 447 606 531 prohibet
637 450 805 534 quominus
835 449 932 515 etiam
962 447 1123 534 pendente
1153 449 1296 534 appella-

109 571 201 634 tione
226 569 403 656 Episcopus
426 571 533 637 valeat
556 571 743 650 absolvere;
767 593 837 658 arg.
862 592 937 656 cap.
963 573 987 638 8
1013 572 1063 640 De
1085 575 1139 658 off.
1164 573 1238 640 ord.
1263 573 1299 638 X

109 692 150 776 (l.
177 691 245 776 31);
269 697 303 756 et
326 711 400 775 cup,
425 693 468 758 10
486 691 541 760 De
556 697 680 778 appell.
706 695 742 760 ia
758 697 781 760 6
795 695 855 782 (11.
876 695 928 781 15)
945 697 1020 780 quia
1035 695 1207 782 appellatio
1230 713 1297 760 non

110 813 223 878 aufert
246 813 498 880 iurisdictionem
524 817 700 894 Ordinarii,
725 821 788 884 imo
812 820 845 884 in
868 821 998 905 negotio
1019 839 1231 884 censurarum
1254 839 1297 883 ne

111 938 280 1024 suspendit
310 939 448 1023 quidem,
473 943 547 1028 quia
577 963 737 1009 censurae
760 944 966 1029 expostulant
989 944 1112 1009 absolvi
1135 944 1234 1008 semel
1257 963 1297 1009 ac

111 1069 308 1130 censuratus
331 1084 351 1129 a
375 1069 576 1132 contumacia
597 1063 778 1134 recesserit.
799 1103 817 1116 ·
835 1069 888 1134 Ex
911 1088 1007 1134 sensu
1031 1069 1205 1150 contrario,
1223 1035 1298 1151 quia

113 1189 321 1254 contumacia
351 1195 507 1275 provocat
537 1189 578 1256 ad
609 1211 781 1264 censuras,
809 1212 876 1257 non
907 1192 1053 1258 obstante
1084 1193 1298 1278 appellatione

113 1313 198 1398 apud
225 1314 433 1399 Superiorem
458 1316 643 1384 introducta
668 1323 701 1382 et
723 1315 923 1384 absolutione
938 1317 978 1382 ab
995 1318 1106 1384 eodem
1123 1319 1298 1404 Superiora

113 1459 282 1521 concessa,
306 1441 333 1504 si
362 1461 437 1506 reus
468 1443 500 1505 in
533 1442 670 1506 crimine
692 1443 845 1528 pertinax
873 1448 1078 1528 perseveret,
1103 1447 1207 1528 potest
1235 1442 1299 1506 alia

114 1565 252 1650 percelli
281 1586 421 1632 censura
444 1567 484 1630 ab
508 1567 686 1653 Episcopo;
711 1587 786 1650 cup.
811 1569 834 1634 6
858 1569 908 1634 De
931 1569 985 1652 off.
1011 1569 1084 1635 ord.
1111 1569 1143 1632 X
1165 1566 1205 1652 (1.
1229 1568 1298 1647 31).

207 1691 300 1755 Haec
317 1710 399 1774 quae
419 1691 506 1756 dicta
529 1697 604 1756 sunt
627 1691 666 1756 de
691 1691 846 1758 iudicibus
862 1691 1043 1766 ordinariis,
1060 1692 1156 1758 facile
1172 1710 1297 1757 accom-

114 1811 290 1876 modantur
306 1813 396 1878 Sedis
413 1815 524 1898 Apost.
542 1813 706 1900 delegatis.
723 1849 740 1862 -
756 1815 885 1881 Etenim
901 1816 927 1880 si
944 1814 1110 1900 delegatus
1127 1833 1299 1877 censuram

113 1941 238 2010 tulerit,
263 1937 305 2003 ad
329 1957 401 2002 eum
426 1940 458 2003 in
481 1939 595 2024 primis
617 1941 759 2024 pertinet
774 1938 941 2012 absolutio,
958 1938 1011 2003 rel
1027 1938 1069 2003 ad
1085 1938 1298 2024 delegantem,

114 2066 168 2130 vel
193 2063 235 2128 ad
259 2063 481 2128 successorem
505 2065 539 2128 in
556 2063 667 2128 eadem
684 2063 903 2148 delegatione;
927 2083 996 2150 arg.
1015 2083 1042 2128 c.
1061 2083 1087 2128 c.
1108 2063 1197 2144 lig
1217 2062 1230 2126 l
1250 2060 1301 2128 Dc

115 2191 171 2272 off.
188 2189 266 2254 ord.
284 2189 330 2270 X,·
353 2193 385 2252 et
407 2187 452 2254 26
474 2188 525 2252 Da
540 2188 595 2270 off.
612 2187 683 2252 iud.
700 2189 806 2274 delep.
824 2187 865 2260 Χ,
882 2207 925 2254 ex
941 2206 1004 2271 quo
1029 2187 1192 2252 evincitur
1214 2187 1301 2251 intra

114 2335 239 2380 annum
270 2312 489 2377 tantummodo
519 2311 708 2378 facultatem
736 2312 924 2380 absolvendi
947 2314 981 2377 in
1011 2311 1160 2406 delegato
1187 2310 1302 2397 perdu-

118 2457 207 2502 rare.
234 2471 253 2485 -
281 2437 362 2500 ltem
386 2434 425 2499 ob
449 2434 631 2500 ordinarias
662 2437 793 2522 regulas
823 2434 937 2520 quibus
961 2441 1137 2502 exercetur
1159 2440 1302 2519 potestas

117 2558 288 2638 iudicialis,
314 2555 480 2642 delegatus
511 2535 617 2642 potest
640 2555 811 2622 absolvere
835 2575 854 2620 a
877 2575 1025 2628 censura,
1051 2555 1090 2620 de
1114 2576 1178 2640 qua
1203 2575 1301 2640 quae·

116 2687 177 2750 stio
205 2680 471 2766 motaestapud
495 2701 567 2746 eum
592 2683 749 2765 reiquae
781 2681 952 2767 impediret
983 2701 1046 2764 quo
1077 2683 1183 2746 minus
1214 2680 1302 2746 dele·

116 2817 217 2896 gatus
242 2807 438 2894 procederet
461 2807 494 2871 in
518 2827 616 2872 cauea
639 2807 821 2882 censurati;
846 2825 889 2872 ex
913 2826 981 2890 cap,
1006 2806 1059 2879 21,
1083 2807 1106 2888 ἓ
1129 2805 1159 2879 2,
1176 2806 1226 2870 De
1245 2808 1301 2890 off

118 2936 190 3001 iud.
216 2935 324 3020 dalaq.
350 2933 390 2998 X.

210 3059 296 3126 lllud
319 3079 446 3144 quoque
470 3060 504 3124 in
528 3059 591 3124 hae
614 3077 652 3122 re
675 3059 923 3144 exploratissimi
947 3058 1027 3122 iuris
1047 3062 1105 3130 est,
1122 3077 1177 3122 eos
1193 3077 1304 3122 omnes

118 3189 173 3270 qui
200 3185 367 3250 ordinario
399 3185 469 3248 iure
501 3182 671 3248 absolvere
701 3187 843 3268 possunt,
867 3201 961 3268 posse
990 3182 1086 3250 alteri
1117 3181 1303 3247 facultatem

117 3311 291 3396 delegare;
315 3329 391 3395 urp.
417 3328 490 3392 cap.
509 3307 541 3380 l,
558 3308 609 3373 Dc
624 3310 679 3391 off.
704 3308 810 3392 delep.
828 3307 862 3372 X
867 3327 881 3390 ‚·
897 3313 947 3372 est
962 3307 1048 3373 euim
1064 3307 1147 3372 haec
1163 3311 1304 3393 potestas

118 3433 352 3500 iurisdictionis
376 3453 458 3518 quae
481 3433 577 3498 alteri
601 3432 748 3497 mandari
771 3439 885 3518 potest.

214 3558 288 3623 123.
313 3557 376 3624 Sed
400 3563 496 3624 extra
520 3576 630 3622 casum
654 3555 886 3641 appellationis,
905 3555 994 3620 nulla
1017 3555 1319 3640 adest-„huuffldt

118 3703 279 3750 censuras
302 3631 1118 3749 effla
1137 3685 1305 3767 superiore

118 3815 260 3876 cernon
276 3803 433 3871 inferiore
449 3806 557 3872 iudice
573 3811 776 3872 censurante.
794 3805 937 3871 Proinde
960 3807 987 3870 si
1011 3826 1119 3871 casum
1137 3803 1304 3890 fingamus,

120 3933 317 4019 Episcopum
334 3949 473 3996 censura
488 3930 531 3998 ab
548 3931 683 3997 homine
705 3937 834 3995 notasse
851 3931 1007 3996 clericum
1031 3931 1064 3995 iu
1088 3950 1146 3995 sua
1165 3929 1306 3996 dioecesi

119 4057 344 4142 peregrinum,
361 4053 420 4118 sibi
438 4052 598 4120 subditum
623 4049 775 4118 ellectum
797 4053 933 4119 ratione
956 4053 1077 4128 delicti,
1094 4053 1180 4118 hano
1200 4052 1305 4118 absol·

119 4201 202 4248 vere
218 4199 284 4244 non
300 4185 405 4264 potest
424 4200 500 4244 suus
518 4179 698 4264 Episcopus
721 4198 794 4244 cum
810 4179 843 4242 in
867 4178 1038 4244 dioecesim
1062 4197 1152 4244 suam
1168 4178 1308 4246 clericus

121 4325 156 4371 se
172 4303 354 4388 receperit;
367 4321 462 4387 quem
478 4323 540 4368 nec
555 4302 668 4368 aalide
683 4301 867 4367 absolveret
887 4303 956 4368 sive
979 4321 1118 4368 censura
1133 4304 1175 4368 sit
1189 4301 1233 4370 ab
1249 4301 1306 4372 ho·

120 4429 215 4495 mine
227 4449 288 4514 per
299 4434 509 4515 praeceptum
523 4428 697 4514 singulare,
712 4428 781 4493 sive
793 4428 834 4492 sit
845 4426 889 4493 ab
898 4427 1032 4493 homine
1043 4447 1102 4512 per
1115 4429 1307 4494 sententiam
