3312 5108
539 311 584 358 00
609 311 762 360 nenterrs
786 315 829 362 nr
853 315 973 362 ruanis
1301 297 1344 362 43

164 431 308 498 minatis
330 433 558 518 imputationis,
584 437 644 502 nisi
669 435 834 522 probetur,
859 440 1087 524 supervenisse
1110 439 1250 523 aliquam
1274 459 1343 528 spe-

164 555 244 621 ciem
268 556 458 624 denwntiae
480 563 536 624 aut
558 562 739 628 amentiae.
766 597 777 609 -
803 561 866 630 Sed
889 568 1041 628 senectus
1063 565 1169 648 potius
1197 565 1345 631 eximite

159 682 279 764 poenis
301 683 517 770 gravioribus,
531 705 610 770 quas
634 686 726 752 ferre
750 709 814 752 nou
839 687 936 762 valet,
961 694 1018 754 aut
1041 689 1224 775 aegerrime
1240 690 1345 756 terret

162 809 256 875 tarda
278 817 380 876 aetas.

251 933 285 1017 9)
308 934 453 1019 Denique
468 937 611 1002 recurrit
626 937 740 1022 regula
752 941 850 1001 antea
866 939 1055 1013 enunciata;
1073 939 1224 1004 nimirum
1241 939 1344 1023 impu·

164 1058 440 1158 beree-pubertati
470 1062 610 1148 proximi
641 1081 684 1126 ex
707 1081 773 1126 non
796 1063 874 1130 satis
898 1060 991 1128 firmo
1015 1067 1049 1130 et
1071 1063 1199 1129 evoluta
1230 1065 1346 1130 aetatis

162 1183 279 1287 iudicio
303 1205 372 1284 pon
390 1187 471 1282 tanti
502 1185 579 1275 doli«
599 1206 735 1276 capaces
759 1193 962 1274 suntquarn
986 1190 1127 1254 minores
1143 1188 1344 1273 pubertatem

163 1309 287 1396 adepti;
304 1309 447 1394 adeoque
462 1311 614 1395 puniendi
628 1319 702 1377 sun
690 1313 835 1377 t.mitius
850 1310 1345 1380 Ρ1Ηο010100001011101100010οΙ

165 1437 186 1501 1
209 1458 237 1503 0.
262 1439 295 1502 10
306 1438 530 1546 aestimanda
531 1440 686 1538 oriminis
709 1443 870 1528 gravitate
893 1441 1077 1534 impuberes
1098 1443 1182 1508 vel'
1174 1463 1259 1528 ipsos
1286 1444 1344 1506 mi·

164 1581 263 1627 nores
286 1535 427 1628 facilius
437 1535 587 1628 excusari
611 1565 637 1627 si
662 1563 864 1646 delinquant
874 1565 1054 1631 caniseiane
1077 1585 1172 1649 quam
1189 1566 1345 1632 comittis-

164 1685 267 1751 eone.
293 1687 372 1750 Nam
396 1685 597 1770 frequentius
613 1687 688 1771 quid
713 1688 928 1772 imprudentia
943 1695 999 1754 aut
1022 1690 1153 1754 levitae
1121 1690 1264 1756 tontitt
1265 1689 1344 1760 itur,

165 1835 259 1901 quam
271 1814 534 1882 comsrzittttara
552 1813 643 1889 Quae
655 1815 812 1900 regula
784 1835 858 1900 vige
859 1817 990 1888 ettiam
1008 1815 1115 1882 debita
1130 1821 1258 1880 servam
1275 1835 1345 1900 pro-

165 1940 322 2024 portione,
347 1959 406 2023 pro
429 1937 624 2010 minoribus,
650 1939 723 2022 quia
758 1939 791 2002 in
821 1939 994 2004 maioribus
1025 1939 1192 2004 dumtaxat
1222 1959 1345 2024 poenae

162 2060 330 2144 [mendae
344 2063 528 2129 sententiae
547 2063 675 2147 plenam
700 2062 810 2127 sortiri
827 2062 946 2127 debent
961 2065 1185 2128 executionem
1202 2083 1244 2128 ex
1259 2065 1345 2149 prin·

165 2187 244 2271 cipis
267 2186 454 2261 voluntate;
478 2185 632 2269 siquidem
656 2187 708 2250 isti
732 2186 911 2270 perfectam
935 2187 999 2251 iam
1022 2189 1109 2251 nacti
1132 2191 1208 2252 sunt
1222 2206 1345 2252 mensu·

166 2332 238 2376 ram
260 2313 376 2376 aetatis
401 2309 456 2398 (l).

259 2437 311 2520 10)
336 2435 575 2534 Poenaelatae
599 2435 642 2501 ab
666 2435 812 2520 boariae,
831 2438 904 2520 quia
927 2441 1002 2501 sunt
1024 2437 1195 2518 speciales,
1213 2457 1271 2502 seu
1292 2455 1345 2520 ap·

165 2561 267 2646 posite
291 2560 395 2626 editae
419 2562 452 2625 in
475 2565 602 2626 eertum
630 2561 804 2641 hominem,
819 2561 906 2658 hunc
929 2567 1039 2626 tenent
1062 2563 1122 2626 etsi
1145 2561 1344 2648 impuberem

166 2687 321 2752 infantiae
345 2688 541 2780 proximu-nt,-
564 2685 737 2774 dummodo
761 2687 837 2752 tlolo
861 2686 1048 2771 deliquerit;
1077 2686 1132 2752 sed
1157 2688 1182 2750 si
1207 2688 1345 2750 severio

165 2787 220 2874 res
242 2807 316 2880 sint,
342 2812 417 2874 suut
440 2807 581 2872 illicitae.
608 2810 740 2874 Poenae
756 2808 796 2873 ab
813 2809 946 2872 homine
961 2808 1047 2873 latae
1070 2827 1129 2892 per
1150 2808 1345 2892 petractem

165 2931 368 2999 sententiam
391 2951 616 3018 comparamus
641 2935 752 3019 poeuis
775 2933 849 2997 latis
872 2953 895 2998 a
917 2931 1002 2998 iare.
1016 2932 1065 2999 ct.
1083 2929 1292 3008 D'Annibale,
1316 2933 1343 3006 1,

169 3055 251 3132 345,
276 3063 344 3124 not.
369 3057 404 3123 2.

238 3265 278 3338 (1)
295 3267 402 3336 Magne
420 3265 498 3322 lucta
508 3273 551 3322 est
561 3269 635 3322 inter
648 3267 763 3324 Codices
778 3272 806 3322 et
821 3267 961 3332 Doctores,
975 3265 1065 3336 quoad
1078 3266 1283 3320 excreationem
1297 3266 1346 3318 tri·

166 3371 304 3426 buendam
324 3371 433 3426 ratione
451 3351 557 3426 acatis.
578 3399 592 3412 ·
613 3371 745 3424 Doctores
765 3371 908 3439 disputant
927 3387 962 3422 an
982 3369 1051 3424 baec
1071 3369 1214 3423 excusatio
1233 3369 1288 3422 vim
1301 3369 1347 3422 de·

167 3483 295 3532 sumata
313 3479 423 3534 ratione
438 3479 556 3550 politica
575 3479 619 3532 vel
640 3495 657 3530 0
675 3478 784 3532 ratione
802 3479 930 3532 iustitiae.
951 3476 1072 3530 Codices
1090 3475 1247 3530 discordant
1259 3476 1287 3530 in
1300 3475 1347 3530 de·

167 3583 350 3638 terminandis
360 3585 462 3638 finibus
472 3584 583 3649 aetatis,
593 3600 664 3654 quae
671 3584 829 3637 absolutam
840 3581 885 3637 vel
895 3584 1020 3652 aliquam
1030 3581 1075 3636 vel
1085 3581 1195 3636 nattam
1206 3585 1347 3634 mereatur

167 3691 385 3746 excusationem.
396 3691 490 3746 Codex
500 3690 625 3745 Gallicus
636 3689 742 3744 nullam
753 3695 876 3744 aetatem
888 3690 973 3743 habet
986 3688 1115 3742 absolute
1126 3691 1269 3758 expertem
1281 3687 1346 3751 doli,

166 3801 196 3853 et
220 3795 286 3852 hiuc
311 3797 436 3852 admittit
461 3813 607 3868 quemque,
632 3798 684 3852 etsi
713 3797 895 3866 impuberem,
920 3811 999 3865 posse
1021 3794 1151 3848 mulctari
1172 3794 1347 3864 gravioribus

167 3903 271 3972 poenis¹
297 3901 400 3957 Schola
424 3902 532 3970 italica,
563 3902 592 3958 in
618 3917 732 3971 genere,
763 3901 888 3956 admittit
915 3900 1017 3955 aetatis
1045 3901 1163 3970 primam
1195 3899 1346 3970 periodum,

166 4011 195 4066 in
224 4017 302 4066 certo
327 4011 417 4067 limite
436 4029 471 4067 ex
490 4010 551 4067 iure
571 4011 689 4081 positivo
714 4009 939 4078 praeficiendam,
959 4007 1115 4062 habendam
1141 4023 1201 4062 esse
1227 4007 1266 4061 uti
1290 4007 1346 4060 doli

166 4119 328 4188 incapacem
348 4119 575 4188 praesumptione
593 4119 665 4170 iuris
685 4127 710 4171 et
729 4119 764 4170 de
782 4119 864 4181 iure‚·
882 4119 1004 4169 aetatem
1025 4113 1109 4183 paulo
1123 4107 1364 4182 progredientem

166 4225 307 4295 usquead
325 4235 435 4278 certum
452 4225 579 4290 limitem,
595 4222 745 4277 obnoxiam
765 4237 825 4276 esse
839 4221 961 4274 examini
982 4219 1091 4285 iudicis,
1105 4223 1136 4274 ut
1149 4225 1244 4289 pateat
1262 4237 1297 4272 en
1317 4221 1346 4273 in

166 4348 242 4398 caen,
260 4331 341 4386 dolus
360 4331 488 4386 adfuerit.
507 4331 547 4385 ct.
567 4330 651 4398 Heus,
674 4329 867 4384 observatione
886 4345 937 4382 sur
956 4328 983 4382 le
998 4331 1094 4398 projet
1112 4327 1147 4380 de
1167 4329 1288 4381 revision
1307 4329 1346 4379 ctu

170 4438 243 4496 coos
257 4439 356 4510 panai,
376 4437 407 4492 V.
427 4437 446 4506 1,
466 4454 492 4508 p.
510 4433 572 4503 313,
590 4436 638 4490 ubi
658 4435 783 4506 carpitur
801 4439 925 4506 systema
944 4433 1092 4488 Gallicum.
