3302 5100
723 321 830 370 iunsx
853 319 1061 370 sruorrlcus

692 559 762 636 52.
788 561 835 620 De
856 561 1005 640 quesi-
969 559 1160 622 -delielis

185 710 248 767 ‘s
273 651 362 792 233.
371 731 415 788 De
436 730 558 790 notione
582 729 670 808 quasi
691 728 791 789 delicti
832 774 1290 792 .......
1323 747 1400 806 pay
1427 693 1512 820 Fi

134 806 183 910 i*
191 770 528 931 ;·’Ϊ34.6Ῑ)θουΙρῦ.
553 840 678 896 etcasu
681 879 1338 898 ···········
1380 853 1399 898 >
1441 835 1481 895 34

141 960 152 1005 p
181 964 201 1025 ²'r

37 1189 55 1252 p*
78 1196 94 1238 ι’,
110 1222 114 1233 .
129 1162 278 1240 V.leu'.r(i'*⁸'*¹
384 1185 388 1192 ⁸

299 941 349 1004 35.
360 943 415 1002 De
437 961 510 1004 casu
532 947 693 1003 coniuncto
715 961 781 1002 cum
805 942 896 1020 culpa
916 959 970 1003 seu
992 940 1060 1004 dolo
1082 988 1339 1005 ......
1381 959 1400 1004 u
1441 935 1483 1002 65

299 1049 348 1110 36.
356 1051 528 1182 Imperitia
550 1051 771 1128 aequiparatur
792 1049 901 1127 cnlpae
931 1095 940 1109 .
982 1096 989 1111 .
1019 1097 1116 1168 i'.
1082 1096 1089 1113 .
1112 1097 1238 1218 hs&
1196 1097 1239 1154 4.
1212 1095 1354 1193 m.
1332 1097 1340 1111 .
1381 1067 1400 1110 a
1401 1047 1497 1168 66ι

382 1247 499 1323 53.
523 1248 569 1306 De
591 1202 781 1308 uiolatione
781 1232 885 1322 lepum
901 1264 992 1324 poen.
1014 1265 1094 1326 quae
1114 1249 1217 1324 mapis
1238 1248 1350 1306 bonnm

65 1389 98 1410 ,ι
143 1377 196 1410 ..ν
212 1347 295 1395 wi
340 1355 497 1414 societatis
519 1373 613 1434 quam
633 1354 702 1414 iura
723 1355 836 1414 ciuium
857 1359 990 1421 tuentur,
1011 1371 1066 1413 seu
1086 1353 1150 1413 dei
1137 1355 1443 1431 transgressionibus.

299 1524 349 1586 37.
370 1523 527 1590 Quomodo
548 1522 676 1600 simplex
708 1523 913 1600 transgressio
942 1522 1064 1583 differat
1084 1541 1104 1584 a
1125 1521 1296 1582 deliciet
1266 1524 1340 1584 eta

410 1631 497 1708 quasi
519 1629 628 1690 delicto
632 1674 1291 1693 ..............
1321 1649 1400 1708 pap.
1441 1628 1486 1690 66

298 1735 348 1798 38.
370 1736 413 1794 Dc
433 1735 550 1812 legibus
575 1734 755 1795 delictorum
778 1736 988 1813 praeveniivis
1012 1735 1043 1794 in
1067 1735 1227 1813 disciplina
1248 1735 1341 1796 eccle

410 1844 536 1904 siastica
578 1879 1339 1906 ................
1380 1862 1398 1906 u
1441 1841 1484 1902 67

633 2041 701 2114 gl.
729 2039 775 2098 De
803 2039 1146 2114 conreiscleliciorum,

432 2163 486 2205 seu
506 2146 545 2206 de
560 2147 707 2222 pluribus
729 2147 782 2226 qui
812 2147 847 2205 in
867 2147 950 2204 idem
978 2146 1126 2206 delicium
1147 2153 1345 2207 concurrunt.

299 2313 348 2376 39.
369 2315 524 2380 Quomodo
547 2314 649 2392 plures
672 2331 853 2373 concurrere
875 2312 1003 2374 valeant
1023 2314 1053 2373 in
1076 2314 1237 2374 delictum.
1282 2362 1288 2374 .
1320 2332 1398 2392 pap.
1440 2313 1484 2376 68

298 2420 347 2482 40.
370 2421 479 2481 Oonrei
501 2439 554 2480 seu
576 2420 747 2498 complices,
771 2420 823 2480 ulii
854 2423 925 2480 sunt
942 2423 1146 2499 principales,
1169 2421 1220 2481 alii
1242 2441 1341 2483 acces·

409 2530 498 2587 serii.
520 2529 629 2588 Conrei
644 2527 828 2604 principales
843 2518 995 2587 habentur
1008 2529 1058 2605 qui
1073 2531 1259 2588 concurrunt
1271 2533 1339 2589 sive

407 2635 581 2694 immediate
596 2636 628 2692 et
642 2635 807 2694 efficaciter
821 2635 850 2693 in
866 2635 1054 2712 propositum
1069 2635 1261 2712 delinquendi
1272 2638 1337 2696 sive
1428 2633 1432 2639 '

407 2741 438 2800 in
460 2743 669 2800 executionem
692 2741 801 2802 dclicti.
824 2741 926 2801 Ceteri
947 2745 1048 2800 conrei
1069 2743 1238 2802 accessorii
1259 2745 1337 2803 sunt.
1379 2761 1398 2804 u
1439 2741 1482 2803 69

298 2848 346 2910 41.
368 2847 556 2930 Necessaria
576 2851 622 2906 est
643 2847 720 2908 haec
751 2849 903 2926 inquisitio
934 2850 966 2906 ut
990 2847 1160 2925 explicetur
1187 2867 1338 2927 quaenam

408 2957 562 3014 coureilos
577 2954 741 3015 mulctetur
755 2959 870 3032 poenis.
885 2954 1072 3029 Alleruntur,
1087 2955 1219 3034 exempli
1234 2975 1337 3032 causa,

408 3060 554 3120 nonnulla
575 3079 743 3138 poenarum
765 3063 890 3121 decreta
930 3107 1337 3126 .........
1379 3082 1398 3125 u
1440 3063 1483 3125 70

298 3167 401 3230 42-43.
423 3167 629 3228 Declarantur
650 3169 766 3245 species
788 3168 910 3245 aliquae
925 3184 1116 3247 cooreorum,
1131 3171 1181 3246 qui
1196 3173 1275 3248 sunt,
1297 3188 1339 3232 sc.

408 3276 608 3347 mandantes,
629 3265 785 3354 fautores,
807 3280 995 3352 receptores,
1018 3280 1226 3346 consulentes,
1243 3295 1339 3354 prue-

409 3388 525 3442 slanleo
556 3383 712 3441 auxilium
734 3384 959 3462 uniformem,
980 3389 1086 3442 ratum
1106 3383 1249 3444 hebentes
1278 3429 1286 3446 .
1327 3430 1335 3446 .
1377 3403 1396 3445 u
1439 3386 1482 3446 ibi

377 3589 396 3663 ἓ
418 3586 446 3647 5·
469 3588 716 3676 Qun
729 3574 1400 3670 ..praesciscereormemnaa--naueae

558 3702 587 3754 ei
608 3695 646 3754 de
670 3697 735 3775 sori
752 3697 920 3772 pricilepic
945 3695 1049 3774 quoad
1074 3696 1219 3758 Clericus.

298 3865 347 3922 44.
369 3865 447 3924 Sunt
467 3864 617 3923 obiectum
639 3864 861 3942 competentiae
884 3863 1021 3940 poenalis
1046 3863 1203 3926 Ecclesiae
1224 3883 1263 3924 ea
1283 3866 1340 3925 cri·

408 3971 491 4030 mina
512 3989 590 4046 quae
612 3975 676 4029 eius
697 3972 811 4030 directe
832 3969 958 4030 laedunt
978 3971 1115 4030 ordinem
1137 3971 1282 4033 socialem
1319 3989 1399 4050 pap.
1441 3971 1484 4032 76

298 4075 347 4136 45.
369 4076 440 4136 Alia
460 4081 531 4135 sunt
545 4077 673 4136 crimina
686 4079 778 4137 mixti
791 4079 858 4156 scri
871 4095 950 4154 quae
964 4077 1080 4137 directe
1096 4079 1129 4137 at
1142 4078 1198 4137 sub
1213 4078 1338 4139 diverso

407 4190 534 4260 aspectu
557 4188 717 4261 utramque
738 4185 918 4244 societatem
940 4185 1068 4244 turbant
1079 4229 1338 4248 ......
1379 4205 1399 4248 u
1442 4188 1483 4246 77

298 4290 347 4352 46.
369 4290 477 4351 Clerici
509 4289 652 4350 fruuntur
683 4289 843 4368 privilegio
878 4291 938 4349 iori
968 4291 1068 4368 quoad
1100 4292 1228 4352 crimina
1258 4311 1341 4370 pure
1424 4360 1429 4369 Ι

408 4399 517 4456 civilia
526 4441 1338 4470 .................
1378 4417 1398 4460 u
1442 4399 1481 4459 78
