3202 5104
519 317 563 362 oa
586 315 741 362 Damonis
766 317 808 362 ar
832 314 964 361 peanis*
1257 293 1323 359 257

146 443 242 515 ravis,
265 440 401 509 Botion
424 463 455 510 o.
479 443 575 516 Lem,
600 447 665 507 art.
689 441 724 516 2,
749 461 782 506 n.
807 441 857 507 25
880 459 929 526 sq.
955 439 999 504 nt
1021 443 1112 503 notat
1139 438 1326 502 Thesaurus

144 569 188 636 P.
212 571 240 652 t,
265 575 329 636 art.
353 570 412 642 29.
444 589 475 654 q.
500 569 568 643 Ill,
593 570 637 636 ita
667 569 802 653 intelligi
834 568 1048 654 privationem
1076 569 1166 632 voois
1196 567 1326 634 activae

149 697 222 756 ‹at
245 691 324 778 etipi
345 712 416 758 non
442 693 550 776 possit
573 693 619 760 ad
643 693 756 778 officia
787 691 925 759 honoris
956 695 987 756 et
1013 689 1305 773 praeeminentiae
1312 709 1326 773 ,·

147 834 232 880 narn
255 817 302 881 ad
324 835 471 882 munera
486 835 629 884 onerosa
654 817 734 904 etipi
743 817 871 899 poterit
892 821 929 882 at
952 816 999 880 ad
1019 814 1166 899 officiam
1183 815 1325 888 teotonis,

147 940 354 1007 saeratae...
380 942 599 1010 oeconomi».
617 941 717 1008 Seous
741 943 825 1006 enim
849 961 926 1006 reus
941 936 1140 1004 commodum
1157 943 1328 1023 reportare

148 1068 257 1148 posset
281 1083 323 1128 ex
346 1083 403 1128 suo
427 1063 553 1130 delicto.
573 1064 759 1130 -Ceterum
782 1063 921 1149 privatio
936 1061 1026 1128 eoois
1042 1061 1171 1127 activae
1195 1065 1227 1126 et
1245 1080 1326 1144 pas-

149 1187 244 1253 sivae
267 1192 316 1252 est
337 1207 441 1273 poena
471 1189 665 1274 gravissima
696 1190 812 1272 quippe
841 1187 907 1253 lata
936 1188 1008 1252 iure
1038 1189 1200 1254 communi
1230 1185 1329 1252 afficit

149 1317 268 1378 statum
291 1333 513 1398 personarum.

242 1439 315 1504 176.
340 1437 485 1505 Privatio
515 1437 663 1506 beneficii
686 1445 741 1507 aut
768 1437 865 1506 officii
891 1439 1002 1506 sedulo
1033 1439 1258 1526 distinguenda
1281 1445 1330 1504 est

150 1579 172 1624 a
195 1561 416 1644 depositione·
439 1569 471 1627 et
492 1563 676 1647 privatione
699 1561 848 1628 beneficii
871 1568 927 1628 aut
950 1561 1047 1628 officii
1070 1582 1175 1648 poena
1197 1563 1330 1648 gravior

151 1690 202 1750 est
224 1686 398 1769 depositio.

243 1812 371 1877 Etenim
394 1811 541 1878 beneficii
568 1813 706 1898 privatio
738 1813 858 1878 clerieo
887 1813 1004 1894 aufert,
1028 1819 1160 1898 praeter
1184 1815 1232 1878 ius
1254 1831 1331 1898 per-

153 1931 291 2017 cipiendi
323 1933 454 2006 reditus,
478 1933 619 1999 officium
641 1936 841 2020 proindeque
871 1935 1017 2021 gradum,
1046 1935 1233 2019 dignitatem
1257 1934 1331 1998 alia-

153 2075 217 2140 que
239 2058 346 2122 omnia
368 2059 441 2124 iura
455 2057 611 2124 beneficio
627 2060 712 2124 torte
734 2059 872 2142 adnexa,
896 2065 929 2124 at
952 2061 1024 2124 iura
1047 2063 1147 2125 status
1171 2059 1331 2124 clericalis

153 2185 277 2249 intacta
299 2185 467 2268 relinquit;
491 2185 576 2252 unde
592 2185 675 2250 idem
700 2186 838 2251 alericus
861 2183 1017 2252 beneficio
1040 2186 1195 2272 privatus,
1212 2205 1271 2271 per
1287 2207 1331 2257 se,

154 2309 241 2374 aliud
270 2307 462 2375 beneficium
494 2312 621 2394 assequi
652 2311 739 2375 valet
765 2315 801 2386 et
831 2312 1008 2397 privilegiis
1037 2311 1183 2376 omnibus
1215 2312 1334 2378 fruitur

154 2432 368 2500 clericalibus.
400 2435 468 2498 Per
501 2435 743 2518 depositionem
777 2440 884 2499 autem
920 2435 1074 2500 nonnulla
1114 2437 1184 2499 iura
1218 2436 1335 2501 amittit

155 2563 257 2622 status
281 2558 458 2633 clericalis;
483 2560 636 2624 universa
665 2579 745 2623 vero
776 2561 891 2624 arnittit
914 2579 973 2644 per
996 2559 1287 2646 depredationem.
1315 2595 1332 2606 -

154 2683 288 2748 Revera
311 2683 517 2766 depositione
545 2683 682 2748 alericus
713 2685 746 2748 in
776 2689 966 2769 perpetuum
997 2685 1145 2770 privatur
1174 2681 1279 2748 officio
1303 2688 1336 2748 et

154 2805 312 2872 beneficio
332 2807 560 2890 eeclesiastico,
577 2807 712 2872 sednon
729 2807 911 2873 destituitur
927 2809 1104 2894 privilegiis
1120 2807 1334 2880 clericalibus,

157 2932 283 2998 seilicet
305 2931 377 3004 fori,
396 2933 528 2996 canonis
552 2937 584 2996 et
607 2933 814 2999 immunitatis
833 2931 891 3016 (l).
918 2933 1131 2998 Nihilominus
1154 2953 1258 3017 poena
1280 2932 1336 2998 de·

158 3054 323 3138 positionis
347 3060 396 3119 est
419 3056 551 3140 gravior
574 3076 668 3139 quam
693 3057 830 3141 simplex
853 3057 992 3141 privatio
1016 3058 1091 3140 quia
1112 3056 1266 3140 depositio
1290 3076 1337 3120 se-

158 3178 299 3246 aumfert
322 3181 565 3264 incapacitatem
589 3181 628 3245 ad
659 3182 742 3247 idem
773 3180 963 3247 beneficium
995 3203 1054 3268 per
1085 3201 1200 3246 novam
1229 3183 1335 3266 provi-

158 3305 282 3370 sionem
306 3305 539 3388 assequendum
564 3313 596 3371 et
618 3306 658 3370 ad
682 3307 746 3370 alia
761 3306 950 3382 obtinenda;
974 3307 1059 3372 unde
1083 3327 1125 3371 en
1141 3307 1338 3391 depositione

160 3429 266 3492 oritur
295 3427 499 3501 inhabitam,
524 3429 564 3493 ad
588 3427 693 3493 officia
720 3435 752 3494 et
779 3428 935 3494 beneficia
962 3431 1183 3495 ecclesiastiea
1213 3435 1246 3494 et
1277 3431 1339 3495 ista

161 3553 261 3620 afficit
286 3559 403 3620 statum
427 3575 654 3640 personarum;
678 3556 720 3620 ef.
745 3557 864 3621 Suarez
888 3557 998 3630 XXX,
1022 3557 1049 3629 1,
1075 3557 1107 3621 6.

252 3679 335 3755 Quia
356 3681 512 3764 depositio
536 3701 600 3744 non
630 3682 747 3746 eicite
771 3682 868 3754 clero,
894 3687 999 3766 potest
1029 3683 1099 3764 quis
1130 3679 1244 3765 deponi
1267 3685 1339 3744 tan-

161 3809 232 3870 turn
254 3804 294 3868 ab
319 3803 432 3878 officio,
462 3809 496 3870 ut
525 3811 602 3889 puta
632 3807 658 3869 si
690 3807 864 3871 canonicus
896 3806 1068 3890 theologus
1098 3805 1277 3890 deponatur
1300 3803 1341 3868 ab

162 3925 267 3994 officio
289 3928 478 4014 theologali;
503 3934 536 3994 et
559 3929 677 3994 Suarez
702 3931 722 3994 t.
748 3949 775 3994 a.
799 3933 875 3994 seat.
901 3929 935 4002 2,
961 3929 1087 4013 quaerit
1117 3947 1160 3991 an
1188 3927 1341 4012 depositio

255 4227 293 4300 (l)
314 4228 353 4283 De
370 4228 518 4298 privilagio
532 4231 730 4299 competentiae
743 4229 861 4282 vidimus
873 4247 900 4282 n.
915 4229 975 4284 165
989 4227 1126 4299 quomodo
1144 4226 1218 4280 istud
1231 4243 1345 4296 suspen·

164 4337 255 4401 datur,
273 4336 376 4405 quippe
395 4352 449 4390 nou
467 4337 544 4390 favet
556 4335 658 4390 elerico
676 4337 704 4388 in
724 4353 841 4406 poenam
854 4337 889 4389 ob
903 4336 1008 4391 crimen
1028 4350 1160 4405 suspenso
1174 4337 1223 4388 aut
1235 4333 1345 4403 privato

164 4439 301 4494 reditibus
320 4439 457 4505 beneficii,
475 4440 523 4494 sed
542 4439 674 4495 clericum
693 4440 770 4494 iuvat
789 4443 896 4496 actione
915 4441 994 4495 civiti
1011 4439 1192 4510 compulsum.

310 4547 373 4601 Suc.
394 4547 471 4618 Lapa
1205 4547 1237 4601 17
