3266 5102
478 319 522 366 nn
547 317 702 366 numeris
725 317 767 364 ur
791 316 910 364 roanos
1224 297 1288 362 177

111 461 187 508 rare
209 446 281 528 post
303 447 439 507 mortem
466 441 640 507 nullimode
663 445 805 527 possunt,
830 461 904 506 cum
928 441 1105 506 consistant
1128 441 1161 506 in
1182 441 1290 526 prohi-

110 566 228 632 bitione
251 566 291 631 ab
315 567 472 632 exercitio
495 567 661 651 potestatis
684 563 806 630 ordinis
829 575 885 630 aut
907 565 1146 632 iurisdictionis.

197 693 292 758 Patet
314 711 394 778 ergo
418 710 587 756 censuram
611 691 683 756 iam
701 690 878 756 incursum
897 691 923 755 si
948 710 1056 756 casnm
1080 689 1191 756 demas
1213 709 1291 756 cen-

113 833 205 878 surae
222 811 362 880 inflictae
377 813 434 880 sub
448 813 630 880 conditione
644 813 837 888 resolution,
851 813 953 880 solum
965 833 1032 896 per
1048 814 1291 881 absolutionem

113 937 179 1002 tolli
203 943 236 1004 et
258 941 385 1022 penitus
409 939 538 1004 resolvi.

201 1061 275 1126 121.
301 1061 396 1164 ldodo
420 1062 650 1156 dispiciendum
674 1067 732 1136 est,
757 1065 886 1146 quinam
909 1083 928 1128 a
952 1065 1098 1128 censuris
1122 1063 1292 1130 absolvere

115 1185 225 1250 valcat.
244 1187 289 1250 Et
303 1185 358 1250 hic
374 1184 545 1250 recolimus
561 1203 643 1268 quae
658 1187 722 1250 iam
738 1185 979 1270 explicavimus.
997 1223 1014 1235 -
1030 1187 1180 1252 lamvero
1203 1185 1293 1254 abso

115 1297 188 1376 lutio
211 1331 233 1376 a
257 1313 404 1376 censuris
426 1311 500 1376 latis
523 1311 567 1378 ab
591 1311 726 1412 homine
746 1317 931 1402 ponpotest
953 1293 1086 1391 darfdb
1104 1313 1229 1408 eo'pui'
1243 1317 1293 1381 est

116 1419 248 1501 interior
272 1435 376 1502 iudice
400 1409 576 1502 censuram
599 1438 736 1518 ferente,
761 1439 828 1504 sive
853 1457 923 1502 eam
946 1437 1001 1502 hic
1022 1436 1135 1504 tulerit
1157 1439 1209 1502 vel
1233 1457 1294 1524 per

118 1559 239 1624 niodum
260 1560 437 1642 praecepti
460 1561 609 1646 specialis
632 1561 675 1626 de
695 1559 814 1643 futuro
831 1579 889 1625 seu
909 1559 966 1626 sub
983 1559 1165 1626 conditione
1180 1559 1295 1645 (veluti

118 1686 179 1750 en's
201 1705 387 1770 suspensus,
403 1685 464 1750 nisi
481 1687 567 1750 intra
583 1706 726 1750 mensem
742 1685 803 1750 hoc
819 1685 931 1772 facias)
948 1685 1000 1750 vel
1019 1705 1080 1770 per
1093 1685 1294 1750 sententiam

119 1809 431 1876 condemnatoriam
458 1830 516 1876 seu
542 1811 756 1895 applicantem
783 1829 955 1876 censuram
977 1810 1141 1893 fermldac
1163 1814 1293 1875 scaten-

119 1935 189 2006 tiae.
213 1935 268 1999 rel
296 1953 356 2020 per
378 1937 572 2000 sententiam
604 1935 844 2020 particularem,
869 1955 1049 2007 censuram,
1073 1955 1131 2000 sua
1154 1935 1296 2000 auctori-

117 2061 198 2138 tate,
222 2039 322 2122 causa
345 2059 492 2142 cognita,
516 2060 726 2143 irrogantem.
753 2093 770 2106 -
796 2057 930 2132 Quando
961 2063 994 2122 et
1017 2057 1174 2142 quomodo
1199 2057 1296 2124 iudex

118 2183 264 2266 superior
287 2183 321 2245 in
344 2181 461 2246 iudicio
484 2180 707 2266 appellationis
731 2179 965 2247 absolutionem
989 2181 1157 2266 impertire
1180 2180 1297 2262 valeat,

119 2305 201 2371 inira
224 2307 425 2372 enucleatius
448 2307 601 2373 dicemus.

205 2433 240 2499 Si
271 2452 351 2498 vero
385 2433 484 2498 iudex
515 2434 687 2500 denunciet
719 2453 779 2520 per
809 2435 1001 2499 sententiam
1032 2433 1299 2499 declarator-iam

121 2575 174 2620 seu
189 2555 318 2640 publice
338 2555 585 2621 denunciantem
610 2557 748 2639 aliquem
765 2575 905 2620 censura
919 2555 1105 2620 innodatum
1126 2575 1207 2636 esse,
1223 2560 1300 2620 tunc

121 2681 280 2764 pendente
304 2679 421 2746 iudicio
444 2681 671 2746 declarationis
700 2699 743 2745 ne
773 2680 853 2745 ordo
884 2679 1138 2745 iurisdictionum
1169 2700 1301 2766 perver-

122 2810 206 2870 tatur
230 2810 265 2870 et
288 2824 329 2869 ne
353 2805 500 2871 videatur
523 2803 595 2872 fieri
619 2802 752 2870 offensio
773 2805 868 2870 iudici
884 2805 938 2889 qui
953 2805 1115 2890 negotium
1133 2806 1303 2889 occupavit

123 2931 208 2996 etin
232 2950 324 3009 suam
347 2931 450 2997 traxit
472 2931 696 3016 cognitionem,
714 2930 782 2994 sive
805 2949 944 2994 censura
967 2929 1008 2993 sit
1030 2947 1052 2992 a
1070 2927 1146 2994 iare
1169 2929 1238 2993 sire
1262 2929 1303 2992 sit

123 3053 163 3120 ab
186 3053 325 3122 homine
347 3055 402 3118 alii
419 3054 548 3126 iudices,
565 3054 694 3120 aliunde
715 3057 943 3138 competentes,
959 3049 1166 3116 abstinebunt.
1188 3071 1302 3116 acon-

123 3177 269 3244 cedenda
291 3154 710 3264 absolutiode'quae'tamen
727 3177 853 3242 valeret
869 3175 915 3261 (l)
931 3177 958 3240 si
981 3174 1020 3239 ab
1044 3194 1082 3240 eo
1107 3174 1303 3241 concedatur

123 3305 174 3387 qui
198 3307 434 3388 competentem
458 3303 556 3368 habet
579 3308 779 3389 potestatem.

211 3585 253 3656 (l)
272 3587 303 3640 ln
323 3587 493 3656 propositum
512 3585 547 3640 cl.
561 3586 674 3640 Berardi
696 3587 713 3638 l.
728 3588 772 3639 cit.
786 3583 855 3638 haec
874 3581 966 3637 habet:
985 3583 1045 3638 «Si
1065 3581 1097 3636 de
1111 3597 1228 3636 censura
1240 3597 1305 3650 pro-

125 3693 182 3762 prie
206 3694 284 3748 dicta
302 3711 393 3749 sermo
412 3695 457 3758 sit,
477 3693 595 3747 multum
619 3693 721 3746 iterum
747 3691 871 3757 interest,
892 3707 928 3744 an
953 3689 1093 3744 sententia
1116 3689 1305 3742 declaratoria

124 3799 207 3854 suerit
228 3801 279 3854 abs
298 3799 355 3854 alio
373 3800 463 3854 iudice
482 3799 666 3870 pronunciata
685 3815 720 3852 an
740 3798 839 3852 minus.
853 3795 882 3850 Si
901 3795 1042 3851 sententia
1055 3794 1109 3848 iam
1124 3793 1307 3863 pronunciata

124 3907 208 3961 tuerit
228 3906 263 3960 ad
283 3923 347 3960 cum
367 3906 505 3960 absolutio
516 3910 649 3977 pertinet,
664 3905 711 3975 qui
725 3904 893 3959 sententiam
913 3901 1126 3958 declaratoriam
1143 3899 1308 3968 pronuncia·

124 4015 172 4079 rit,
183 4014 237 4067 nisi
253 4013 382 4082 specialis
395 4013 469 4067 obsit
481 4013 649 4077 observatio,
660 4011 753 4080 gratia
766 4009 890 4064 Praelati
905 4008 1073 4080 Superioris;
1087 4007 1158 4060 idern
1171 4006 1246 4060 euim
1259 4007 1307 4060 ob·

125 4127 253 4175 servatur
271 4121 300 4174 iu
320 4121 468 4192 proposito,
483 4119 555 4190 quod
574 4119 661 4188 viget,
675 4119 722 4172 ubi
736 4134 854 4171 censura
872 4117 921 4170 abs
940 4115 1031 4169 iudice
1050 4115 1109 4183 ipso
1122 4112 1181 4166 lata
1193 4113 1306 4176 fuissem

126 4227 191 4296 qnia
209 4227 294 4281 iudex
313 4227 452 4281 sententia
465 4243 516 4280 sua
528 4225 643 4280 alterius
656 4224 853 4294 enitrscumquo
868 4221 1086 4276 iurisdictionem
1100 4237 1244 4274 censuram
1258 4237 1307 4288 pu·

126 4335 257 4390 blicaudo
274 4337 334 4390 sive
353 4335 444 4405 palam
466 4333 657 4390 denunciando
677 4332 891 4402 praevenerit».
913 4330 951 4385 Oi.
972 4331 1061 4400 capi
1080 4331 1123 4383 De
1141 4331 1261 4382 aaaiorit.
1282 4337 1307 4382 cr

127 4443 167 4495 oti.
191 4442 220 4495 X
237 4441 269 4511 (l.
289 4439 343 4504 33).

275 4550 336 4604 Sua
355 4547 434 4620 Lapa
1167 4541 1200 4595 12
