3312 5112
279 305 320 370 12
794 305 878 354 rans
902 303 924 348 1.

274 445 441 512 Roueseau
464 442 626 523 depacto
649 433 783 510 sociati,
807 431 926 496 nimiae
948 423 1130 493 severitatis
1154 437 1274 505 poenas
1297 417 1449 480 incusare

183 595 186 600 ·
274 572 388 656 coepit,
405 566 603 654 potissimum
618 579 754 647 poenam
776 556 900 626 mortis,
917 552 1034 637 quippe
1051 549 1137 613 cives
1153 546 1186 609 in
1203 540 1451 608 conventionem

272 691 467 756 deducentes
490 707 547 752 sua
570 687 650 758 iura,
675 701 714 748 ea
737 679 890 746 conferre
914 694 978 740 non
1002 673 1161 758 poterant,
1193 685 1275 751 quae
1298 682 1361 728 nec
1386 661 1447 747 ipsi

272 817 476 890 obtinebant;
501 807 754 897 quandoquidem
780 805 878 869 initae
900 799 1064 868 societatis
1088 795 1195 862 exitus
1217 809 1288 856 esse
1303 787 1449 858 debehat,

273 946 308 1006 ut
324 942 372 1005 ius
384 937 579 1004 defensionis
594 932 729 1018 singulis
741 933 936 1013 competens,
949 943 1008 1009 pro
1025 918 1198 986 efficaciori
1215 913 1316 980 tutela
1331 911 1449 977 civium

272 1061 476 1127 universitati
502 1057 711 1123 tribueretur.
746 1085 763 1100 ·
796 1048 931 1124 Quantis
954 1046 1077 1109 scateat
1100 1037 1246 1105 absurdis
1269 1031 1450 1100 huiusmodi

273 1189 413 1270 systema
437 1184 504 1268 ipse
527 1180 621 1244 docet
651 1196 764 1242 sensus
791 1170 986 1242 communis;
1010 1163 1234 1250 quamobrem,
1259 1176 1321 1242 ope
1343 1153 1448 1240 philo-

272 1309 446 1394 sophorum
482 1305 742 1390 subsequentium
773 1304 805 1365 et
835 1300 868 1362 in
897 1295 1009 1381 primis
1044 1287 1239 1373 Romagnosi
1264 1284 1309 1370 (in
1333 1299 1448 1367 opera:

275 1435 396 1502 (leucsi
419 1434 472 1498 del
497 1431 618 1496 Dirttto
635 1429 772 1500 Percote,
797 1445 826 1489 a.
846 1421 942 1508 1791)
966 1418 1061 1486 hodie
1084 1417 1171 1481 inter
1193 1411 1319 1478 fabulas
1341 1426 1450 1474 aman·

272 1559 346 1623 data
369 1563 419 1637 est
441 1555 631 1644 hypothesis
650 1552 744 1636 pacti
766 1547 909 1616 sociatis.

363 1678 484 1744 Deinde
515 1678 598 1741 aliae
629 1671 732 1739 initae
758 1677 833 1736 sunt
855 1669 927 1733 viae
950 1665 990 1731 ad
1021 1659 1246 1728 inveniendam
1269 1655 1445 1742 legitimam

272 1801 422 1886 puniendi
439 1820 578 1866 causam.
595 1797 651 1864 sed
675 1800 755 1864 istae
778 1814 890 1860 omnes
905 1791 946 1856 ad
975 1789 1036 1854 duo
1060 1784 1171 1851 reduci
1194 1780 1305 1848 valent
1329 1779 1445 1863 capita,

272 1944 386 2012 nempe
409 1925 462 1990 rel
484 1923 523 1988 ad
548 1921 740 2008 principium
763 1917 918 1984 utilitatis
940 1915 992 1979 vel
1015 1911 1057 1978 ad
1079 1909 1274 1996 principium
1296 1903 1445 1970 iustitiae

270 2073 328 2118 seu
351 2052 483 2118 ordinis
505 2049 645 2116 iuridici
668 2046 820 2114 morulis.
957 2126 962 2143 Ι

364 2175 413 2240 11.
439 2175 488 2238 lte
504 2193 582 2238 sane
597 2191 677 2236 uera
697 2172 798 2256 ipsum
821 2173 962 2252 systema
977 2165 1019 2230 de
1034 2165 1137 2246 pacto
1158 2157 1275 2226 sociati
1291 2151 1446 2242 puniendi

272 2299 457 2364 facultatem
482 2297 688 2382 recognoscit
703 2315 745 2359 ex
761 2294 832 2358 iure
854 2290 999 2357 utilioris
1023 2283 1231 2369 defensionis
1238 2301 1252 2366 ,·
1275 2287 1309 2347 et
1331 2300 1374 2345 ex
1397 2297 1449 2343 ra·

272 2429 358 2490 tione
373 2423 519 2489 utilitatis
535 2423 555 2486 ii
572 2440 683 2487 omnes
706 2422 861 2504 repetunt
883 2415 1101 2502 magisterium
1118 2410 1279 2496 publicum
1298 2406 1444 2494 poenale,

270 2551 333 2615 hoc
356 2550 587 2614 constituentes
619 2547 652 2610 in
684 2545 876 2609 necessitate
899 2538 1095 2605 defensionis
1119 2537 1187 2602 sire
1215 2513 1360 2598 directae
1387 2550 1445 2596 seu

270 2675 489 2759 repressiooe,
506 2674 576 2738 sive
589 2671 768 2736 indirectae
784 2689 841 2734 seu
852 2664 1095 2751 praecentione
1108 2661 1309 2727 delictorum.
1322 2694 1338 2705 -
1356 2655 1448 2724 Unde

268 2819 392 2888 poenae
411 2819 562 2864 mensura
579 2803 611 2863 et
625 2797 709 2863 ratio
725 2799 774 2860 est
786 2795 947 2878 quantitas
959 2789 1159 2857 necessitatis
1171 2786 1211 2851 ad
1223 2784 1377 2850 tuendum
1392 2802 1448 2848 or·

269 2927 376 2992 dinem
393 2924 555 2990 socialem.
569 2958 583 2970 -
596 2923 688 2987 Inter
704 2920 785 2996 illos,
802 2921 855 3004 qui
872 2921 909 2984 in
922 2917 1057 2983 utilitate
1070 2918 1193 3002 ponunt
1204 2911 1446 2978 fundamentum

269 3171 380 3225 gressus
399 3159 441 3208 est
459 3167 569 3206 omnem
589 3151 727 3220 publicam
747 3153 921 3220 potestatem.
941 3146 1128 3202 Nihilominus
1148 3142 1304 3198 sententiae
1320 3139 1448 3195 Caesaris

270 3261 418 3318 Becoariae
437 3260 493 3314 late
513 3261 708 3314 disseminatae
727 3257 833 3312 suntin
848 3242 957 3326 Europa
970 3261 999 3310 et
1012 3254 1105 3324 plures
1117 3233 1275 3306 habuerunt
1293 3253 1447 3304 sectatores

267 3373 298 3422 ot
315 3369 556 3421 commentatores.
584 3365 615 3418 ln
634 3363 727 3418 Gallia
745 3363 872 3417 Voltaire
891 3360 1120 3416 commentarium
1141 3357 1228 3412 edidit
1242 3358 1270 3409 iu
1287 3354 1443 3408 huiusmodi

270 3477 381 3540 librum,
400 3479 429 3529 et
447 3473 557 3528 celeber
576 3473 678 3528 evasit:
699 3475 831 3526 Discours
849 3487 901 3523 sur
921 3469 939 3522 l·
947 3469 1171 3523 administration
1183 3465 1218 3520 de
1232 3465 1261 3518 la
1267 3465 1374 3534 justice
1393 3463 1448 3515 εντ’-

268 3582 397 3644 minette,
417 3581 507 3634 editus
532 3597 556 3633 a.
579 3580 647 3633 1766
673 3581 707 3632 ab
733 3578 866 3632 advocato
891 3575 1007 3646 losepho
1025 3571 1165 3628 hlichaele
1184 3570 1307 3626 Antonio
1326 3569 1446 3632 8111111,

207 3691 210 3700 ’
267 3686 314 3757 qui
328 3687 452 3741 concinit
470 3685 603 3739 doctrinis
617 3685 773 3740 Beccariae.
787 3683 816 3736 ln
830 3682 934 3752 Anglia
947 3681 1077 3736 Ieremias
1091 3679 1226 3734 Beotham
1241 3673 1446 3746 (1748-1832)

269 3796 416 3865 praecipue
444 3793 473 3848 in
501 3811 584 3863 opere
609 3791 733 3848 The'orr'a
756 3795 806 3848 das
828 3792 927 3864 petuas
946 3801 972 3845 et
990 3791 1040 3844 des
1057 3785 1366 3859 recompensas-trad.
1392 3799 1448 3854 par

270 3903 323 3955 Et.
347 3901 478 3965 Eotmont,
498 3901 610 3954 studens
632 3899 824 3954 reformationi
848 3897 943 3967 legum
967 3896 1126 3968 poenalium
1151 3894 1255 3950 evolvit
1280 3891 1447 3962 principium

266 4007 421 4063 materialis
441 4007 579 4062 utilitatis.
590 4038 606 4049 ·
619 4010 774 4078 Antequam
787 4008 834 4061 isti
848 4007 930 4060 nimis
949 4004 1068 4060 rebelles
1087 4019 1215 4059 censores
1228 4002 1322 4071 legum
1341 4016 1443 4070 poena·

267 4113 336 4168 lium
361 4116 575 4168 constitutarum
601 4114 629 4166 in
654 4111 1185 4183 1113111111111111111111111101111,
1205 4109 1260 4162 iam
1285 4107 1447 4163 inculcave-

266 4223 330 4274 rant
357 4219 504 4290 prudentes
532 4219 743 4274 reformationes
767 4221 818 4272 sub
843 4217 956 4273 saeculo
981 4217 1047 4272 xvi
1077 4218 1243 4272 Alexander
1271 4216 1444 4284 Borromini‚

266 4323 385 4379 fontanas
405 4325 517 4388 Botere,
543 4327 599 4394 Uyo
620 4324 748 4390 Grotius,·
760 4323 804 4378 hic
824 4327 979 4395 postremus
992 4323 1084 4378 cultor
1096 4323 1214 4379 eximius
1228 4322 1363 4377 scientiae
1376 4323 1446 4379 iuris

268 4431 403 4484 naturalis
422 4431 449 4484 in
469 4447 552 4501 opere
572 4461 587 4470 -
608 4431 649 4484 Du
670 4447 736 4485 runa
756 4433 826 4486 hatti
844 4442 869 4486 et
884 4433 979 4502 pocfs‚·
999 4459 1013 4470 -
1033 4435 1063 4486 et
1081 4434 1282 4501 Montesquieu.
