3202 5104
458 333 500 382 nn
525 333 678 381 nnnrcrrs
703 335 745 380 nr
769 335 887 381 ronms
1193 315 1259 381 225

90 461 188 544 ligare
210 479 321 524 omnes
344 458 478 525 dicenda
503 464 560 524 est.
579 459 621 524 Et
636 457 762 542 quando
779 461 831 523 vel
849 459 969 524 factum
986 462 1036 524 cni
1054 479 1191 524 censura
1211 467 1260 524 est

90 585 210 650 adnexa
233 587 286 650 vel
309 588 376 670 ipsa
399 587 559 651 sententia
580 584 647 650 lata
670 585 703 649 in
724 585 877 668 probatis
901 605 983 670 pene
1007 587 1157 666 existant,
1182 605 1259 650 sane

92 709 172 774 nulla
197 710 403 776 denunciatio
427 711 612 774 necessaria
637 715 693 774 est.
712 709 773 775 Sed
790 711 930 776 relative
948 731 1005 775 seu
1029 730 1070 775 ex
1095 711 1260 776 ordinarie

91 833 328 918 contigentibuS,
353 854 426 898 cnm
450 833 602 898 delictum
625 838 681 898 ant
704 836 773 919 ipsa
797 853 955 898 censurae
979 833 1078 897 illatio
1101 835 1169 898 sive
1194 835 1259 898 nni·

92 979 197 1024 uersae
220 962 440 1026 communitati
457 961 525 1024 sive
542 961 660 1024 ceteris
684 961 760 1024 satis
781 979 845 1023 non
869 961 910 1024 sit
932 965 1007 1024 nota
1032 947 1071 1024 nt⁸
1088 979 1257 1026 censuram

91 1083 256 1148 observare
280 1086 419 1154 valeant.
444 1086 521 1150 hinc
545 1085 749 1152 denunciatio
766 1087 949 1150 necessaria
973 1091 1021 1149 est
1040 1085 1080 1150 ad
1101 1085 1259 1152 evitando

93 1208 139 1271 illa
161 1211 361 1275 incommoda
384 1230 466 1293 quae
490 1210 681 1297 praepedire
701 1211 811 1274 statuit
830 1210 937 1275 const.
955 1211 1086 1274 Martini
1104 1211 1144 1274 V.
1164 1246 1180 1258 ·
1201 1215 1259 1276 Ast

92 1335 285 1400 denunciatio
309 1336 510 1402 nominatim
536 1335 621 1400 tacta
649 1355 712 1399 non
746 1355 785 1398 ea
817 1337 993 1419 requiritur
1017 1343 1052 1401 ut
1075 1338 1258 1400 necessario

92 1477 191 1522 omnes
214 1465 246 1524 et
270 1461 414 1545 singulas
430 1479 585 1545 personas
606 1461 657 1523 vel
673 1460 797 1545 singula
815 1461 886 1524 loca
902 1466 1073 1526 recenseat
1089 1465 1121 1527 et
1137 1461 1259 1524 denun-

93 1585 156 1652 ciet.
169 1583 223 1648 sed
240 1582 359 1650 sufficit
373 1605 412 1650 ea
428 1585 632 1650 denunciatio
648 1605 729 1670 quae
747 1606 816 1649 rem
833 1587 910 1650 satis
926 1591 1127 1670 perspectam
1144 1584 1258 1650 reddit.

173 1709 225 1773 Ex
240 1709 335 1774 dictis
352 1715 448 1794 patet,
463 1709 668 1776 interdictum
682 1711 864 1792 personale
887 1712 1032 1794 speciale
1048 1711 1126 1775 nihil
1144 1709 1259 1776 discre-

94 1853 162 1915 pare
185 1855 204 1898 a
226 1836 301 1920 lege
325 1837 494 1907 communi,
512 1835 718 1919 quamobrem
736 1836 926 1902 interdictus
946 1843 994 1902 ast
1019 1839 1178 1903 toleratus
1200 1839 1260 1900 nisi

93 1966 192 2022 secuta
223 1962 264 2026 sit
296 1959 499 2026 denunciatio
531 1981 612 2044 quae
640 1961 727 2025 illurn
758 1960 870 2026 reddat
895 1963 1079 2027 uitandum.
1107 1961 1153 2027 CI.
1179 1961 1258 2028 Sua·

96 2102 152 2152 rez,
176 2083 272 2148 XXX
281 2083 354 2154 VII,
376 2083 410 2148 2.

175 2210 244 2275 151.
273 2209 484 2275 Interdictum
512 2231 591 2274 vero
623 2213 777 2295 cuiusque
808 2213 926 2296 speciei
958 2231 1092 2298 gravam
1117 2213 1260 2276 continet

95 2331 333 2412 prohibitionem
346 2352 441 2416 qnam
458 2332 633 2398 observare
650 2333 708 2398 sub
725 2337 819 2419 gravi
835 2334 986 2400 iubentur
1000 2355 1110 2399 omnes
1126 2335 1166 2399 ad
1182 2355 1261 2420 quos

95 2461 216 2538 spectat.
230 2495 244 2504 -
263 2459 441 2522 Praeterea
453 2458 565 2524 clerici
577 2460 630 2542 qui
644 2461 695 2524 vel
709 2459 912 2524 interdictum
923 2463 1105 2543 personale
1115 2462 1261 2544 speciale

97 2581 237 2648 violantes
250 2583 381 2649 ordines
397 2590 554 2650 exercent
571 2585 622 2649 vel
635 2587 671 2650 ia
687 2587 758 2652 loco
776 2587 960 2650 nominatim
973 2585 1149 2652 interdicto
1167 2607 1260 2650 sacra

96 2707 248 2774 celebrant
264 2710 316 2773 vol
334 2711 525 2790 ministrant,
543 2713 715 2776 incurrunt
731 2711 1021 2795 irregularitatem
1039 2731 1106 2796 arg.
1122 2731 1192 2794 cop.
1207 2713 1258 2786 18,

96 2833 158 2911 3¹1,
181 2834 210 2896 h.
235 2841 256 2898 l.
283 2836 319 2899 in
347 2834 377 2898 6.
412 2836 690 2920 Irregularitatem
723 2843 829 2902 autem
857 2856 921 2900 non
954 2838 1094 2902 incurrit
1122 2837 1283 2901 clericus.

98 2957 272 3024 interdictus
294 2960 448 3044 pancrati
472 2960 650 3038 interdicto,
670 2966 726 3028 aut
748 2962 887 3026 clericus
911 2981 974 3026 non
1000 2960 1188 3026 interdictus
1211 2981 1260 3024 sa-

97 3089 248 3147 cramenta
280 3083 531 3149 administrando
563 3089 709 3170 personis
732 3087 928 3168 interdictis,
954 3087 1028 3170 quia
1057 3085 1144 3151 nullo
1167 3092 1259 3151 textu

96 3203 148 3268 hoc
170 3207 305 3275 iubetur.
329 3210 485 3293 Equidem
502 3231 625 3295 poenae
648 3232 712 3276 non
737 3212 899 3277 excedunt
922 3233 1032 3278 casum
1057 3232 1157 3285 suum,
1177 3211 1260 3277 undo

98 3345 151 3390 non
180 3341 344 3414 possumus
367 3351 424 3396 nos
455 3333 557 3418 legem
587 3333 781 3406 extendere,
815 3355 857 3399 ex
888 3335 1023 3419 simplici
1054 3333 1260 3401 similitudine

100 3455 233 3532 rationis;
266 3462 299 3521 et
328 3457 483 3523 adversus
514 3462 705 3524 sententiam
738 3459 965 3525 nonnullorum
998 3461 1061 3525 DI).
1096 3463 1260 3545 sequimur

98 3575 213 3660 Suarez,
230 3581 394 3654 XXXIII,
412 3583 439 3653 1,
458 3583 489 3654 6.
508 3585 559 3666 qui
585 3586 708 3648 incurri
732 3585 974 3670 irregularitam
998 3591 1105 3670 negat.
1125 3621 1141 3634 -
1162 3587 1260 3652 Docet

101 3695 293 3784 [Iannibale
310 3704 337 3778 I,
355 3703 432 3780 371,
458 3712 524 3772 aot.
545 3707 575 3787 9,
590 3707 764 3793 Episcopos
789 3709 873 3772 hanc
898 3708 1169 3794 irregularitatem
1194 3729 1258 3774 non

100 3821 266 3908 incurrere,
290 3829 430 3895 maxime
453 3835 524 3915 post
539 3829 646 3897 Const.
665 3831 779 3914 Apost.
799 3831 904 3904 Sedis,
923 3831 1035 3897 nullibi
1054 3833 1137 3896 enim
1162 3831 1197 3897 tlt
1220 3833 1259 3898 de

99 3946 138 4012 ais
159 3954 294 4028 mentio;
317 3972 390 4040 orq.
416 3973 490 4038 capt
517 3954 539 4018 4
564 3955 613 4021 De
635 3961 719 4020 sent.
745 3975 817 4022 enoc.
842 3957 879 4021 in
905 3957 935 4020 6.

177 4071 318 4161 Denique
341 4078 403 4143 hae
427 4079 509 4143 aliae
533 4098 657 4164 poenae
680 4081 764 4145 latae
789 4089 872 4151 sunt,
898 4083 1058 4146 nimirum.

181 4201 208 4287 l)
230 4207 518 4272 excommunicatio
542 4225 606 4270 non
631 4213 799 4274 reservata
823 4209 856 4271 in
879 4210 1008 4292 eosqui
1033 4209 1186 4273 mandant
1209 4210 1262 4274 vel

102 4333 206 4408 cogunt
228 4328 297 4394 dari
313 4330 499 4416 sepulturae
523 4332 761 4398 ecclesiastieae
784 4333 944 4397 hominem
960 4335 1146 4398 nominatim
1163 4335 1261 4400 inter-

105 4444 218 4526 dictum,
244 4473 283 4520 ex
310 4456 415 4522 Oonst.
440 4455 555 4539 Apost.
582 4455 688 4530 Sedis,
714 4457 775 4532 IV,
799 4476 834 4522 n.
852 4458 878 4522 1.

232 4577 291 4633 Soc.
312 4579 388 4649 Leqa
