<?xml version="1.0" encoding="UTF-8"?>
<!DOCTYPE html PUBLIC "-//W3C//DTD XHTML 1.0 Transitional//EN"
    "http://www.w3.org/TR/xhtml1/DTD/xhtml1-transitional.dtd">
<html xmlns="http://www.w3.org/1999/xhtml" xml:lang="en" lang="en">
 <head>
  <title>
</title>
<meta http-equiv="Content-Type" content="text/html;charset=utf-8" />
  <meta name='ocr-system' content='tesseract 3.04.00' />
  <meta name='ocr-capabilities' content='ocr_page ocr_carea ocr_par ocr_line ocrx_word'/>
</head>
<body>
  <div class='ocr_page' id='page_1' title='image "./praelectionesin02legagoog_0107.png"; bbox 0 0 3266 5102; ppageno 0'>
   <div class='ocr_carea' id='block_1_1' title="bbox 823 313 954 360">
    <p class='ocr_par' dir='ltr' id='par_1_1' title="bbox 823 313 954 360">
     <span class='ocr_line' id='line_1_1' title="bbox 823 313 954 360; baseline 0.008 -1"><span class='ocrx_word' id='word_1_1' title='bbox 823 313 907 360; x_wconf 72' lang='lat' dir='ltr'>PARS</span> <span class='ocrx_word' id='word_1_2' title='bbox 932 314 954 360; x_wconf 92' lang='lat'>1.</span> 
     </span>
    </p>
   </div>
   <div class='ocr_carea' id='block_1_2' title="bbox 592 435 1479 646">
    <p class='ocr_par' dir='ltr' id='par_1_2' title="bbox 592 435 1479 646">
     <span class='ocr_line' id='line_1_2' title="bbox 592 435 1479 523; baseline -0.002 -21"><span class='ocrx_word' id='word_1_3' title='bbox 592 455 603 502; x_wconf 87' lang='lat'>1</span> <span class='ocrx_word' id='word_1_4' title='bbox 628 436 758 502; x_wconf 84' lang='lat' dir='ltr'>decreta</span> <span class='ocrx_word' id='word_1_5' title='bbox 781 457 838 502; x_wconf 88' lang='lat' dir='ltr'>seu</span> <span class='ocrx_word' id='word_1_6' title='bbox 860 443 935 504; x_wconf 87' lang='lat' dir='ltr'>acta</span> <span class='ocrx_word' id='word_1_7' title='bbox 965 457 1047 522; x_wconf 88' lang='lat' dir='ltr'>quae</span> <span class='ocrx_word' id='word_1_8' title='bbox 1078 435 1119 502; x_wconf 87' lang='lat' dir='ltr'>ab</span> <span class='ocrx_word' id='word_1_9' title='bbox 1151 437 1310 523; x_wconf 86' lang='lat' dir='ltr'>Episcopo</span> <span class='ocrx_word' id='word_1_10' title='bbox 1343 435 1479 502; x_wconf 88' lang='lat' dir='ltr'>eduntur</span> 
     </span>
     <span class='ocr_line' id='line_1_3' title="bbox 597 559 1479 646; baseline -0.001 -22"><span class='ocrx_word' id='word_1_11' title='bbox 597 559 669 626; x_wconf 86' lang='lat' dir='ltr'>dem</span> <span class='ocrx_word' id='word_1_12' title='bbox 686 581 764 626; x_wconf 87' lang='lat' dir='ltr'>suae</span> <span class='ocrx_word' id='word_1_13' title='bbox 781 561 908 642; x_wconf 84' lang='lat' dir='ltr'>Curiae,</span> <span class='ocrx_word' id='word_1_14' title='bbox 925 563 970 626; x_wconf 80' lang='lat' dir='ltr'>ita</span> <span class='ocrx_word' id='word_1_15' title='bbox 987 565 1133 646; x_wconf 87' lang='lat' dir='ltr'>rogatum</span> <span class='ocrx_word' id='word_1_16' title='bbox 1151 565 1186 626; x_wconf 92' lang='lat' dir='ltr'>ut</span> <span class='ocrx_word' id='word_1_17' title='bbox 1201 559 1401 645; x_wconf 86' lang='lat' dir='ltr'>probationis</span> <span class='ocrx_word' id='word_1_18' title='bbox 1418 579 1479 624; x_wconf 91' lang='lat' dir='ltr'>non</span> 
     </span>
    </p>
   </div>
   <div class='ocr_carea' id='block_1_3' title="bbox 601 667 1480 773">
    <p class='ocr_par' dir='ltr' id='par_1_3' title="bbox 601 667 1480 773">
     <span class='ocr_line' id='line_1_4' title="bbox 601 667 1480 773; baseline -0.002 -21"><span class='ocrx_word' id='word_1_19' title='bbox 601 667 693 770; x_wconf 62' lang='lat' dir='ltr'>itum,</span> <span class='ocrx_word' id='word_1_20' title='bbox 721 687 819 752; x_wconf 88' lang='lat' dir='ltr'>etiam</span> <span class='ocrx_word' id='word_1_21' title='bbox 849 688 974 753; x_wconf 82' lang='lat' dir='ltr'>evivis</span> <span class='ocrx_word' id='word_1_22' title='bbox 997 687 1122 752; x_wconf 83' lang='lat' dir='ltr'>sublato</span> <span class='ocrx_word' id='word_1_23' title='bbox 1147 687 1379 773; x_wconf 81' lang='lat' dir='ltr'>praecipiente,</span> <span class='ocrx_word' id='word_1_24' title='bbox 1413 707 1480 772; x_wconf 90' lang='lat' dir='ltr'>per·</span> 
     </span>
    </p>
   </div>
   <div class='ocr_carea' id='block_1_4' title="bbox 606 787 1481 897">
    <p class='ocr_par' dir='ltr' id='par_1_4' title="bbox 606 787 1481 897">
     <span class='ocr_line' id='line_1_5' title="bbox 606 787 1481 897; baseline -0.002 -19"><span class='ocrx_word' id='word_1_25' title='bbox 606 787 695 878; x_wconf 80' lang='lat' dir='ltr'>irunt</span> <span class='ocrx_word' id='word_1_26' title='bbox 712 812 943 897; x_wconf 84' lang='lat' dir='ltr'>praecipientis</span> <span class='ocrx_word' id='word_1_27' title='bbox 964 812 1178 894; x_wconf 84' lang='lat' dir='ltr'>voluntatem,</span> <span class='ocrx_word' id='word_1_28' title='bbox 1196 811 1375 876; x_wconf 88' lang='lat' dir='ltr'>huiusmodi</span> <span class='ocrx_word' id='word_1_29' title='bbox 1393 831 1481 897; x_wconf 86' lang='lat' dir='ltr'>prae·</span> 
     </span>
    </p>
   </div>
   <div class='ocr_carea' id='block_1_5' title="bbox 297 916 1485 3383">
    <p class='ocr_par' dir='ltr' id='par_1_5' title="bbox 613 916 1440 1020">
     <span class='ocr_line' id='line_1_6' title="bbox 613 916 1440 1020; baseline 0.001 -21"><span class='ocrx_word' id='word_1_30' title='bbox 613 936 672 1020; x_wconf 72' lang='lat' dir='ltr'>isse</span> <span class='ocrx_word' id='word_1_31' title='bbox 696 936 792 1000; x_wconf 87' lang='lat' dir='ltr'>etiam</span> <span class='ocrx_word' id='word_1_32' title='bbox 818 935 960 1001; x_wconf 85' lang='lat' dir='ltr'>resoluta</span> <span class='ocrx_word' id='word_1_33' title='bbox 985 937 1212 1020; x_wconf 86' lang='lat' dir='ltr'>praecipientis</span> <span class='ocrx_word' id='word_1_34' title='bbox 1235 916 1440 1000; x_wconf 83' lang='lat' dir='ltr'>auctoritate.</span> 
     </span>
    </p>

    <p class='ocr_par' dir='ltr' id='par_1_6' title="bbox 297 1043 1485 3383">
     <span class='ocr_line' id='line_1_7' title="bbox 463 1043 1481 1156; baseline 0.002 -34"><span class='ocrx_word' id='word_1_35' title='bbox 463 1139 503 1156; x_wconf 33' lang='lat' dir='ltr'><strong><em>f</em></strong></span> <span class='ocrx_word' id='word_1_36' title='bbox 527 1131 594 1144; x_wconf 65' lang='lat'>-„...</span> <span class='ocrx_word' id='word_1_37' title='bbox 617 1043 752 1122; x_wconf 75' lang='lat' dir='ltr'>‘storiam</span> <span class='ocrx_word' id='word_1_38' title='bbox 769 1060 959 1142; x_wconf 86' lang='lat' dir='ltr'>sententiae,</span> <span class='ocrx_word' id='word_1_39' title='bbox 974 1078 1068 1144; x_wconf 86' lang='lat' dir='ltr'>quam</span> <span class='ocrx_word' id='word_1_40' title='bbox 1086 1059 1273 1132; x_wconf 83' lang='lat' dir='ltr'>refutamus,</span> <span class='ocrx_word' id='word_1_41' title='bbox 1292 1078 1361 1123; x_wconf 89' lang='lat' dir='ltr'>rem</span> <span class='ocrx_word' id='word_1_42' title='bbox 1377 1059 1422 1122; x_wconf 85' lang='lat' dir='ltr'>ita</span> <span class='ocrx_word' id='word_1_43' title='bbox 1434 1079 1481 1124; x_wconf 89' lang='lat' dir='ltr'>re·</span> 
     </span>
     <span class='ocr_line' id='line_1_8' title="bbox 297 1181 1482 1274; baseline 0 -27"><span class='ocrx_word' id='word_1_44' title='bbox 297 1181 366 1274; x_wconf 53' lang='lat' dir='ltr'>ieri</span> <span class='ocrx_word' id='word_1_45' title='bbox 382 1184 556 1270; x_wconf 84' lang='lat' dir='ltr'>Fagnauus</span> <span class='ocrx_word' id='word_1_46' title='bbox 579 1183 616 1248; x_wconf 83' lang='lat' dir='ltr'>in</span> <span class='ocrx_word' id='word_1_47' title='bbox 639 1184 760 1266; x_wconf 79' lang='lat' dir='ltr'>capri</span> <span class='ocrx_word' id='word_1_48' title='bbox 785 1183 881 1250; x_wconf 78' lang='lat' dir='ltr'>nobis</span> <span class='ocrx_word' id='word_1_49' title='bbox 904 1183 955 1250; x_wconf 87' lang='lat' dir='ltr'>De</span> <span class='ocrx_word' id='word_1_50' title='bbox 977 1189 1059 1250; x_wconf 77' lang='lat' dir='ltr'>seat.</span> <span class='ocrx_word' id='word_1_51' title='bbox 1084 1184 1331 1250; x_wconf 70' lang='lat' dir='ltr'>excommunic.</span> <span class='ocrx_word' id='word_1_52' title='bbox 1353 1203 1482 1268; x_wconf 89' lang='lat' dir='ltr'>respou-</span> 
     </span>
     <span class='ocr_line' id='line_1_9' title="bbox 299 1308 1483 1395; baseline 0 -23"><span class='ocrx_word' id='word_1_53' title='bbox 299 1308 379 1374; x_wconf 88' lang='lat' dir='ltr'>dens</span> <span class='ocrx_word' id='word_1_54' title='bbox 399 1309 574 1392; x_wconf 86' lang='lat' dir='ltr'>quaestioni</span> <span class='ocrx_word' id='word_1_55' title='bbox 589 1327 630 1373; x_wconf 89' lang='lat' dir='ltr'>an</span> <span class='ocrx_word' id='word_1_56' title='bbox 643 1316 817 1395; x_wconf 89' lang='lat' dir='ltr'>praecepta</span> <span class='ocrx_word' id='word_1_57' title='bbox 837 1310 988 1395; x_wconf 79' lang='lat' dir='ltr'>expirent</span> <span class='ocrx_word' id='word_1_58' title='bbox 1006 1313 1110 1374; x_wconf 89' lang='lat' dir='ltr'>morte</span> <span class='ocrx_word' id='word_1_59' title='bbox 1124 1309 1370 1394; x_wconf 87' lang='lat' dir='ltr'>praecipientis;</span> <span class='ocrx_word' id='word_1_60' title='bbox 1383 1313 1416 1374; x_wconf 84' lang='lat' dir='ltr'>et</span> <span class='ocrx_word' id='word_1_61' title='bbox 1438 1309 1483 1373; x_wconf 88' lang='lat' dir='ltr'>ait</span> 
     </span>
     <span class='ocr_line' id='line_1_10' title="bbox 299 1432 1483 1520; baseline 0 -22"><span class='ocrx_word' id='word_1_62' title='bbox 299 1453 333 1498; x_wconf 80' lang='lat' dir='ltr'>n.</span> <span class='ocrx_word' id='word_1_63' title='bbox 352 1434 420 1499; x_wconf 88' lang='lat'>50:</span> <span class='ocrx_word' id='word_1_64' title='bbox 436 1455 454 1496; x_wconf 85' lang='lat'>‹</span> <span class='ocrx_word' id='word_1_65' title='bbox 471 1434 583 1508; x_wconf 82' lang='lat' dir='ltr'>Quoad</span> <span class='ocrx_word' id='word_1_66' title='bbox 606 1433 779 1500; x_wconf 84' lang='lat' dir='ltr'>secundem</span> <span class='ocrx_word' id='word_1_67' title='bbox 803 1439 929 1520; x_wconf 89' lang='lat' dir='ltr'>partem</span> <span class='ocrx_word' id='word_1_68' title='bbox 954 1432 1049 1500; x_wconf 88' lang='lat' dir='ltr'>dubia</span> <span class='ocrx_word' id='word_1_69' title='bbox 1073 1438 1122 1498; x_wconf 88' lang='lat' dir='ltr'>est</span> <span class='ocrx_word' id='word_1_70' title='bbox 1144 1435 1302 1518; x_wconf 83' lang='lat' dir='ltr'>quaestio;</span> <span class='ocrx_word' id='word_1_71' title='bbox 1327 1454 1369 1498; x_wconf 92' lang='lat' dir='ltr'>an</span> <span class='ocrx_word' id='word_1_72' title='bbox 1384 1433 1483 1498; x_wconf 87' lang='lat' dir='ltr'>licen-</span> 
     </span>
     <span class='ocr_line' id='line_1_11' title="bbox 298 1559 1482 1646; baseline -0.002 -20"><span class='ocrx_word' id='word_1_73' title='bbox 298 1563 344 1626; x_wconf 91' lang='lat' dir='ltr'>tia</span> <span class='ocrx_word' id='word_1_74' title='bbox 366 1560 418 1625; x_wconf 87' lang='lat' dir='ltr'>vel</span> <span class='ocrx_word' id='word_1_75' title='bbox 443 1567 650 1645; x_wconf 88' lang='lat' dir='ltr'>praeceptum</span> <span class='ocrx_word' id='word_1_76' title='bbox 674 1559 804 1646; x_wconf 86' lang='lat' dir='ltr'>expiret</span> <span class='ocrx_word' id='word_1_77' title='bbox 826 1579 885 1645; x_wconf 89' lang='lat' dir='ltr'>per</span> <span class='ocrx_word' id='word_1_78' title='bbox 908 1567 1045 1626; x_wconf 89' lang='lat' dir='ltr'>mortem</span> <span class='ocrx_word' id='word_1_79' title='bbox 1077 1559 1284 1624; x_wconf 86' lang='lat' dir='ltr'>concedentis</span> <span class='ocrx_word' id='word_1_80' title='bbox 1308 1560 1361 1624; x_wconf 82' lang='lat' dir='ltr'>vel</span> <span class='ocrx_word' id='word_1_81' title='bbox 1392 1579 1482 1645; x_wconf 87' lang='lat' dir='ltr'>prae-</span> 
     </span>
     <span class='ocr_line' id='line_1_12' title="bbox 299 1686 1482 1773; baseline -0.003 -19"><span class='ocrx_word' id='word_1_82' title='bbox 299 1687 446 1773; x_wconf 82' lang='lat' dir='ltr'>cipientis</span> <span class='ocrx_word' id='word_1_83' title='bbox 477 1706 571 1770; x_wconf 85' lang='lat' dir='ltr'>quam</span> <span class='ocrx_word' id='word_1_84' title='bbox 602 1692 742 1752; x_wconf 80' lang='lat' dir='ltr'>tractant</span> <span class='ocrx_word' id='word_1_85' title='bbox 765 1687 801 1750; x_wconf 86' lang='lat' dir='ltr'>D.</span> <span class='ocrx_word' id='word_1_86' title='bbox 826 1687 862 1752; x_wconf 87' lang='grc' dir='ltr'>Ι).</span> <span class='ocrx_word' id='word_1_87' title='bbox 887 1687 920 1750; x_wconf 94' lang='lat' dir='ltr'>in</span> <span class='ocrx_word' id='word_1_88' title='bbox 948 1686 1048 1752; x_wconf 87' lang='lat' dir='ltr'>Clem.</span> <span class='ocrx_word' id='word_1_89' title='bbox 1072 1687 1131 1771; x_wconf 79' lang='lat' dir='ltr'>fin.</span> <span class='ocrx_word' id='word_1_90' title='bbox 1155 1687 1198 1751; x_wconf 87' lang='lat' dir='ltr'>de</span> <span class='ocrx_word' id='word_1_91' title='bbox 1219 1688 1309 1752; x_wconf 82' lang='lat' dir='ltr'>elect.</span> <span class='ocrx_word' id='word_1_92' title='bbox 1336 1691 1369 1751; x_wconf 88' lang='lat' dir='ltr'>et</span> <span class='ocrx_word' id='word_1_93' title='bbox 1392 1705 1482 1752; x_wconf 86' lang='lat' dir='ltr'>com-</span> 
     </span>
     <span class='ocr_line' id='line_1_13' title="bbox 298 1807 1483 1910; baseline -0.003 -34"><span class='ocrx_word' id='word_1_94' title='bbox 298 1809 449 1876; x_wconf 81' lang='lat' dir='ltr'>muniter</span> <span class='ocrx_word' id='word_1_95' title='bbox 470 1809 635 1892; x_wconf 77' lang='lat' dir='ltr'>recipitur</span> <span class='ocrx_word' id='word_1_96' title='bbox 650 1809 764 1892; x_wconf 82' lang='lat' dir='ltr'>opinio</span> <span class='ocrx_word' id='word_1_97' title='bbox 781 1810 948 1895; x_wconf 75' lang='lat' dir='ltr'>repetire.</span> <span class='ocrx_word' id='word_1_98' title='bbox 967 1809 1057 1885; x_wconf 85' lang='lat' dir='ltr'>Quae</span> <span class='ocrx_word' id='word_1_99' title='bbox 1074 1815 1123 1874; x_wconf 87' lang='lat' dir='ltr'>est</span> <span class='ocrx_word' id='word_1_100' title='bbox 1138 1807 1232 1910; x_wconf 63' lang='lat' dir='ltr'>dard.</span> <span class='ocrx_word' id='word_1_101' title='bbox 1249 1809 1287 1873; x_wconf 82' lang='lat' dir='ltr'>ira</span> <span class='ocrx_word' id='word_1_102' title='bbox 1302 1809 1327 1874; x_wconf 85' lang='lat'><em>5</em></span> <span class='ocrx_word' id='word_1_103' title='bbox 1343 1813 1483 1893; x_wconf 77' lang='lat' dir='ltr'>quaest:</span> 
     </span>
     <span class='ocr_line' id='line_1_14' title="bbox 299 1932 1484 2019; baseline -0.002 -19"><span class='ocrx_word' id='word_1_104' title='bbox 299 1933 363 2000; x_wconf 88' lang='lat' dir='ltr'>Sed</span> <span class='ocrx_word' id='word_1_105' title='bbox 385 1936 460 2019; x_wconf 88' lang='lat' dir='ltr'>quia</span> <span class='ocrx_word' id='word_1_106' title='bbox 482 1953 536 1999; x_wconf 88' lang='lat' dir='ltr'>res</span> <span class='ocrx_word' id='word_1_107' title='bbox 560 1939 609 2000; x_wconf 84' lang='lat' dir='ltr'>est</span> <span class='ocrx_word' id='word_1_108' title='bbox 631 1938 843 1999; x_wconf 87' lang='lat' dir='ltr'>controversa</span> <span class='ocrx_word' id='word_1_109' title='bbox 865 1938 897 1999; x_wconf 88' lang='lat' dir='ltr'>et</span> <span class='ocrx_word' id='word_1_110' title='bbox 920 1935 1011 1999; x_wconf 87' lang='lat' dir='ltr'>multi</span> <span class='ocrx_word' id='word_1_111' title='bbox 1028 1935 1124 2000; x_wconf 87' lang='lat' dir='ltr'>aliter</span> <span class='ocrx_word' id='word_1_112' title='bbox 1139 1935 1293 2004; x_wconf 85' lang='lat' dir='ltr'>sentiunt,</span> <span class='ocrx_word' id='word_1_113' title='bbox 1310 1932 1384 1996; x_wconf 90' lang='lat' dir='ltr'>ideo</span> <span class='ocrx_word' id='word_1_114' title='bbox 1401 1932 1484 2017; x_wconf 90' lang='lat' dir='ltr'>quod</span> 
     </span>
     <span class='ocr_line' id='line_1_15' title="bbox 299 2057 1484 2144; baseline -0.002 -21"><span class='ocrx_word' id='word_1_115' title='bbox 299 2061 440 2144; x_wconf 89' lang='lat' dir='ltr'>pertinet</span> <span class='ocrx_word' id='word_1_116' title='bbox 469 2057 509 2122; x_wconf 86' lang='lat' dir='ltr'>ad</span> <span class='ocrx_word' id='word_1_117' title='bbox 540 2058 626 2122; x_wconf 88' lang='lat' dir='ltr'>hanc</span> <span class='ocrx_word' id='word_1_118' title='bbox 657 2057 877 2140; x_wconf 87' lang='lat' dir='ltr'>quaestionem</span> <span class='ocrx_word' id='word_1_119' title='bbox 900 2057 1029 2122; x_wconf 88' lang='lat' dir='ltr'>videtur</span> <span class='ocrx_word' id='word_1_120' title='bbox 1051 2075 1132 2122; x_wconf 88' lang='lat' dir='ltr'>vera</span> <span class='ocrx_word' id='word_1_121' title='bbox 1163 2057 1325 2122; x_wconf 87' lang='lat' dir='ltr'>distinctio</span> <span class='ocrx_word' id='word_1_122' title='bbox 1350 2057 1484 2123; x_wconf 86' lang='lat' dir='ltr'>Glossae</span> 
     </span>
     <span class='ocr_line' id='line_1_16' title="bbox 299 2181 1483 2269; baseline -0.002 -21"><span class='ocrx_word' id='word_1_123' title='bbox 299 2183 334 2248; x_wconf 74' lang='grc'>2.</span> <span class='ocrx_word' id='word_1_124' title='bbox 360 2183 430 2248; x_wconf 82' lang='lat' dir='ltr'>hic:</span> <span class='ocrx_word' id='word_1_125' title='bbox 454 2201 529 2246; x_wconf 90' lang='lat' dir='ltr'>nam</span> <span class='ocrx_word' id='word_1_126' title='bbox 552 2186 609 2246; x_wconf 81' lang='lat' dir='ltr'>aut</span> <span class='ocrx_word' id='word_1_127' title='bbox 632 2182 813 2266; x_wconf 84' lang='lat' dir='ltr'>Capitulum</span> <span class='ocrx_word' id='word_1_128' title='bbox 842 2181 919 2248; x_wconf 86' lang='lat' dir='ltr'>sede</span> <span class='ocrx_word' id='word_1_129' title='bbox 942 2187 1078 2248; x_wconf 86' lang='lat' dir='ltr'>vacante</span> <span class='ocrx_word' id='word_1_130' title='bbox 1102 2183 1248 2269; x_wconf 87' lang='lat' dir='ltr'>procedit</span> <span class='ocrx_word' id='word_1_131' title='bbox 1271 2202 1331 2268; x_wconf 88' lang='lat' dir='ltr'>per</span> <span class='ocrx_word' id='word_1_132' title='bbox 1354 2182 1483 2247; x_wconf 90' lang='lat' dir='ltr'>modum</span> 
     </span>
     <span class='ocr_line' id='line_1_17' title="bbox 300 2306 1484 2391; baseline -0.003 -18"><span class='ocrx_word' id='word_1_133' title='bbox 300 2309 428 2383; x_wconf 85' lang='lat' dir='ltr'>statuti;</span> <span class='ocrx_word' id='word_1_134' title='bbox 453 2313 485 2372; x_wconf 90' lang='lat' dir='ltr'>et</span> <span class='ocrx_word' id='word_1_135' title='bbox 506 2311 583 2372; x_wconf 90' lang='lat' dir='ltr'>tunc</span> <span class='ocrx_word' id='word_1_136' title='bbox 609 2307 705 2371; x_wconf 87' lang='lat' dir='ltr'>etiam</span> <span class='ocrx_word' id='word_1_137' title='bbox 729 2307 755 2372; x_wconf 88' lang='lat' dir='ltr'>si</span> <span class='ocrx_word' id='word_1_138' title='bbox 779 2309 931 2372; x_wconf 85' lang='lat' dir='ltr'>statutum</span> <span class='ocrx_word' id='word_1_139' title='bbox 956 2307 1098 2391; x_wconf 88' lang='lat' dir='ltr'>imponat</span> <span class='ocrx_word' id='word_1_140' title='bbox 1121 2327 1256 2391; x_wconf 86' lang='lat' dir='ltr'>poenam</span> <span class='ocrx_word' id='word_1_141' title='bbox 1284 2325 1344 2391; x_wconf 93' lang='lat' dir='ltr'>pro</span> <span class='ocrx_word' id='word_1_142' title='bbox 1372 2306 1484 2372; x_wconf 85' lang='lat' dir='ltr'>futuro</span> 
     </span>
     <span class='ocr_line' id='line_1_18' title="bbox 299 2426 1485 2514; baseline 0 -20"><span class='ocrx_word' id='word_1_143' title='bbox 299 2429 417 2495; x_wconf 86' lang='lat' dir='ltr'>delicto</span> <span class='ocrx_word' id='word_1_144' title='bbox 449 2448 514 2492; x_wconf 90' lang='lat' dir='ltr'>nou</span> <span class='ocrx_word' id='word_1_145' title='bbox 546 2427 675 2512; x_wconf 83' lang='lat' dir='ltr'>expirat</span> <span class='ocrx_word' id='word_1_146' title='bbox 697 2426 773 2493; x_wconf 85' lang='lat' dir='ltr'>sede</span> <span class='ocrx_word' id='word_1_147' title='bbox 796 2428 934 2512; x_wconf 78' lang='lat' dir='ltr'>plena...</span> <span class='ocrx_word' id='word_1_148' title='bbox 960 2429 1025 2493; x_wconf 84' lang='lat' dir='ltr'>Aut</span> <span class='ocrx_word' id='word_1_149' title='bbox 1048 2428 1221 2514; x_wconf 89' lang='lat' dir='ltr'>capitulum</span> <span class='ocrx_word' id='word_1_150' title='bbox 1253 2427 1401 2513; x_wconf 88' lang='lat' dir='ltr'>procedit</span> <span class='ocrx_word' id='word_1_151' title='bbox 1423 2448 1485 2512; x_wconf 87' lang='lat' dir='ltr'>per</span> 
     </span>
     <span class='ocr_line' id='line_1_19' title="bbox 300 2551 1484 2636; baseline 0.001 -19"><span class='ocrx_word' id='word_1_152' title='bbox 300 2553 429 2618; x_wconf 91' lang='lat' dir='ltr'>modum</span> <span class='ocrx_word' id='word_1_153' title='bbox 460 2553 639 2618; x_wconf 87' lang='lat' dir='ltr'>sententiae</span> <span class='ocrx_word' id='word_1_154' title='bbox 662 2553 715 2616; x_wconf 88' lang='lat' dir='ltr'>vel</span> <span class='ocrx_word' id='word_1_155' title='bbox 740 2551 903 2618; x_wconf 83' lang='lat' dir='ltr'>interdicti</span> <span class='ocrx_word' id='word_1_156' title='bbox 928 2554 981 2636; x_wconf 92' lang='lat' dir='ltr'>qui</span> <span class='ocrx_word' id='word_1_157' title='bbox 1009 2558 1058 2619; x_wconf 82' lang='lat' dir='ltr'>est</span> <span class='ocrx_word' id='word_1_158' title='bbox 1080 2573 1175 2618; x_wconf 86' lang='lat' dir='ltr'>casus</span> <span class='ocrx_word' id='word_1_159' title='bbox 1198 2557 1311 2617; x_wconf 86' lang='lat' dir='ltr'>noster</span> <span class='ocrx_word' id='word_1_160' title='bbox 1342 2559 1375 2617; x_wconf 90' lang='lat' dir='ltr'>et</span> <span class='ocrx_word' id='word_1_161' title='bbox 1405 2559 1484 2618; x_wconf 86' lang='lat' dir='ltr'>tunc</span> 
     </span>
     <span class='ocr_line' id='line_1_20' title="bbox 300 2675 1483 2764; baseline -0.001 -22"><span class='ocrx_word' id='word_1_162' title='bbox 300 2681 509 2764; x_wconf 87' lang='lat' dir='ltr'>praeceptum</span> <span class='ocrx_word' id='word_1_163' title='bbox 541 2677 670 2761; x_wconf 86' lang='lat' dir='ltr'>expirat</span> <span class='ocrx_word' id='word_1_164' title='bbox 701 2695 759 2760; x_wconf 90' lang='lat' dir='ltr'>per</span> <span class='ocrx_word' id='word_1_165' title='bbox 790 2681 926 2740; x_wconf 88' lang='lat' dir='ltr'>mortem</span> <span class='ocrx_word' id='word_1_166' title='bbox 955 2677 1201 2761; x_wconf 88' lang='lat' dir='ltr'>praecipientis:</span> <span class='ocrx_word' id='word_1_167' title='bbox 1230 2675 1320 2741; x_wconf 82' lang='lat' dir='ltr'>adest</span> <span class='ocrx_word' id='word_1_168' title='bbox 1350 2695 1483 2743; x_wconf 80' lang='lat' dir='ltr'>rnxrus</span> 
     </span>
     <span class='ocr_line' id='line_1_21' title="bbox 301 2797 1485 2886; baseline -0.003 -16"><span class='ocrx_word' id='word_1_169' title='bbox 301 2821 491 2870; x_wconf 73' lang='lat' dir='ltr'>expressus</span> <span class='ocrx_word' id='word_1_170' title='bbox 524 2802 561 2866; x_wconf 84' lang='lat' dir='ltr'>in</span> <span class='ocrx_word' id='word_1_171' title='bbox 593 2803 613 2865; x_wconf 87' lang='lat' dir='ltr'>l.</span> <span class='ocrx_word' id='word_1_172' title='bbox 638 2803 695 2886; x_wconf 76' lang='lat' dir='ltr'>firi.</span> <span class='ocrx_word' id='word_1_173' title='bbox 719 2802 756 2884; x_wconf 83' lang='lat' dir='ltr'>ff.</span> <span class='ocrx_word' id='word_1_174' title='bbox 779 2799 822 2866; x_wconf 89' lang='lat' dir='ltr'>de</span> <span class='ocrx_word' id='word_1_175' title='bbox 840 2800 972 2884; x_wconf 80' lang='lat' dir='ltr'>poeuis.</span> <span class='ocrx_word' id='word_1_176' title='bbox 998 2801 1090 2866; x_wconf 89' lang='lat' dir='ltr'>Haec</span> <span class='ocrx_word' id='word_1_177' title='bbox 1124 2801 1284 2866; x_wconf 88' lang='lat' dir='ltr'>distinctio</span> <span class='ocrx_word' id='word_1_178' title='bbox 1309 2801 1341 2865; x_wconf 92' lang='lat' dir='ltr'>in</span> <span class='ocrx_word' id='word_1_179' title='bbox 1366 2797 1485 2866; x_wconf 85' lang='lat' dir='ltr'>effectu</span> 
     </span>
     <span class='ocr_line' id='line_1_22' title="bbox 301 2925 1485 3012; baseline -0.005 -16"><span class='ocrx_word' id='word_1_180' title='bbox 301 2936 349 2997; x_wconf 89' lang='lat' dir='ltr'>est</span> <span class='ocrx_word' id='word_1_181' title='bbox 374 2931 507 2996; x_wconf 85' lang='lat' dir='ltr'>Glossae</span> <span class='ocrx_word' id='word_1_182' title='bbox 530 2947 668 3012; x_wconf 84' lang='lat' dir='ltr'>magnae</span> <span class='ocrx_word' id='word_1_183' title='bbox 693 2927 746 2992; x_wconf 84' lang='lat' dir='ltr'>hic</span> <span class='ocrx_word' id='word_1_184' title='bbox 755 2946 769 3010; x_wconf 89' lang='lat'><em>;</em></span> <span class='ocrx_word' id='word_1_185' title='bbox 792 2927 883 2992; x_wconf 85' lang='lat' dir='ltr'>cuius</span> <span class='ocrx_word' id='word_1_186' title='bbox 899 2925 981 2992; x_wconf 84' lang='lat' dir='ltr'>haec</span> <span class='ocrx_word' id='word_1_187' title='bbox 998 2932 1073 2991; x_wconf 88' lang='lat' dir='ltr'>sunt</span> <span class='ocrx_word' id='word_1_188' title='bbox 1088 2927 1206 2992; x_wconf 89' lang='lat' dir='ltr'>verba:</span> <span class='ocrx_word' id='word_1_189' title='bbox 1224 2926 1307 3000; x_wconf 87' lang='lat' dir='ltr'>Quid</span> <span class='ocrx_word' id='word_1_190' title='bbox 1323 2928 1351 2992; x_wconf 85' lang='lat' dir='ltr'>si</span> <span class='ocrx_word' id='word_1_191' title='bbox 1366 2927 1485 2991; x_wconf 87' lang='lat' dir='ltr'>moria-</span> 
     </span>
     <span class='ocr_line' id='line_1_23' title="bbox 300 3049 1485 3135; baseline -0.005 -15"><span class='ocrx_word' id='word_1_192' title='bbox 300 3060 355 3120; x_wconf 91' lang='lat' dir='ltr'>tur</span> <span class='ocrx_word' id='word_1_193' title='bbox 377 3054 430 3117; x_wconf 85' lang='lat' dir='ltr'>rel</span> <span class='ocrx_word' id='word_1_194' title='bbox 453 3051 673 3117; x_wconf 85' lang='lat' dir='ltr'>transferatur</span> <span class='ocrx_word' id='word_1_195' title='bbox 695 3049 735 3114; x_wconf 86' lang='lat' dir='ltr'>ad</span> <span class='ocrx_word' id='word_1_196' title='bbox 759 3050 854 3114; x_wconf 87' lang='lat' dir='ltr'>aliam</span> <span class='ocrx_word' id='word_1_197' title='bbox 878 3051 1058 3116; x_wconf 86' lang='lat' dir='ltr'>Ecclesiam</span> <span class='ocrx_word' id='word_1_198' title='bbox 1083 3053 1136 3135; x_wconf 90' lang='lat' dir='ltr'>qui</span> <span class='ocrx_word' id='word_1_199' title='bbox 1161 3051 1234 3117; x_wconf 87' lang='lat' dir='ltr'>tulit</span> <span class='ocrx_word' id='word_1_200' title='bbox 1253 3051 1340 3116; x_wconf 89' lang='lat' dir='ltr'>illam</span> <span class='ocrx_word' id='word_1_201' title='bbox 1357 3055 1485 3116; x_wconf 81' lang='lat' dir='ltr'>senteu-</span> 
     </span>
     <span class='ocr_line' id='line_1_24' title="bbox 300 3173 1483 3259; baseline -0.002 -19"><span class='ocrx_word' id='word_1_202' title='bbox 300 3177 449 3250; x_wconf 89' lang='lat' dir='ltr'>teutiam;</span> <span class='ocrx_word' id='word_1_203' title='bbox 475 3173 627 3258; x_wconf 90' lang='lat' dir='ltr'>numquid</span> <span class='ocrx_word' id='word_1_204' title='bbox 650 3177 739 3237; x_wconf 89' lang='lat' dir='ltr'>tenet</span> <span class='ocrx_word' id='word_1_205' title='bbox 762 3177 991 3259; x_wconf 88' lang='lat' dir='ltr'>postmortem</span> <span class='ocrx_word' id='word_1_206' title='bbox 1014 3175 1068 3238; x_wconf 89' lang='lat' dir='ltr'>vel</span> <span class='ocrx_word' id='word_1_207' title='bbox 1092 3193 1266 3245; x_wconf 80' lang='lat' dir='ltr'>recessum,</span> <span class='ocrx_word' id='word_1_208' title='bbox 1284 3179 1319 3240; x_wconf 93' lang='lat' dir='ltr'>ut</span> <span class='ocrx_word' id='word_1_209' title='bbox 1334 3175 1388 3257; x_wconf 91' lang='lat' dir='ltr'>qui</span> <span class='ocrx_word' id='word_1_210' title='bbox 1409 3193 1483 3240; x_wconf 89' lang='lat' dir='ltr'>cou-</span> 
     </span>
     <span class='ocr_line' id='line_1_25' title="bbox 300 3297 1483 3383; baseline -0.001 -17"><span class='ocrx_word' id='word_1_211' title='bbox 300 3308 353 3366; x_wconf 88' lang='lat' dir='ltr'>tra</span> <span class='ocrx_word' id='word_1_212' title='bbox 375 3301 497 3364; x_wconf 83' lang='lat' dir='ltr'>faciant</span> <span class='ocrx_word' id='word_1_213' title='bbox 518 3301 582 3365; x_wconf 84' lang='lat' dir='ltr'>sint</span> <span class='ocrx_word' id='word_1_214' title='bbox 606 3297 895 3364; x_wconf 72' lang='lat' dir='ltr'>excommunicati?</span> <span class='ocrx_word' id='word_1_215' title='bbox 913 3297 1051 3364; x_wconf 86' lang='lat' dir='ltr'>Videtur</span> <span class='ocrx_word' id='word_1_216' title='bbox 1074 3299 1158 3382; x_wconf 92' lang='lat' dir='ltr'>quod</span> <span class='ocrx_word' id='word_1_217' title='bbox 1181 3300 1237 3369; x_wconf 88' lang='lat' dir='ltr'>sic,</span> <span class='ocrx_word' id='word_1_218' title='bbox 1255 3300 1337 3383; x_wconf 81' lang='lat' dir='ltr'>quia</span> <span class='ocrx_word' id='word_1_219' title='bbox 1353 3303 1483 3382; x_wconf 67' lang='lat' dir='ltr'>empta</span> 
     </span>
    </p>
   </div>
   <div class='ocr_carea' id='block_1_6' title="bbox 300 3421 1484 3509">
    <p class='ocr_par' dir='ltr' id='par_1_7' title="bbox 300 3421 1484 3509">
     <span class='ocr_line' id='line_1_26' title="bbox 300 3421 1484 3509; baseline -0.001 -17"><span class='ocrx_word' id='word_1_220' title='bbox 300 3426 550 3509; x_wconf 81' lang='lat' dir='ltr'>Episcoporum</span> <span class='ocrx_word' id='word_1_221' title='bbox 581 3422 874 3488; x_wconf 77' lang='lat' dir='ltr'>anathematizant</span> <span class='ocrx_word' id='word_1_222' title='bbox 904 3423 1007 3488; x_wconf 79' lang='lat' dir='ltr'>ctiam</span> <span class='ocrx_word' id='word_1_223' title='bbox 1034 3429 1113 3506; x_wconf 82' lang='lat' dir='ltr'>post</span> <span class='ocrx_word' id='word_1_224' title='bbox 1141 3428 1287 3490; x_wconf 83' lang='lat' dir='ltr'>mortem</span> <span class='ocrx_word' id='word_1_225' title='bbox 1314 3427 1344 3488; x_wconf 83' lang='lat' dir='ltr'>et</span> <span class='ocrx_word' id='word_1_226' title='bbox 1366 3421 1484 3504; x_wconf 82' lang='lat' dir='ltr'>facere</span> 
     </span>
    </p>
   </div>
   <div class='ocr_carea' id='block_1_7' title="bbox 301 3671 1484 4481">
    <p class='ocr_par' dir='ltr' id='par_1_8' title="bbox 301 3671 1484 4481">
     <span class='ocr_line' id='line_1_27' title="bbox 301 3671 1481 3742; baseline 0 -16"><span class='ocrx_word' id='word_1_227' title='bbox 301 3690 366 3729; x_wconf 87' lang='lat' dir='ltr'>nem</span> <span class='ocrx_word' id='word_1_228' title='bbox 389 3691 407 3728; x_wconf 85' lang='lat' dir='ltr'>a</span> <span class='ocrx_word' id='word_1_229' title='bbox 429 3673 510 3727; x_wconf 89' lang='lat' dir='ltr'>nobis</span> <span class='ocrx_word' id='word_1_230' title='bbox 533 3672 712 3742; x_wconf 79' lang='lat' dir='ltr'>propositam,</span> <span class='ocrx_word' id='word_1_231' title='bbox 735 3671 866 3725; x_wconf 87' lang='lat' dir='ltr'>nimirum</span> <span class='ocrx_word' id='word_1_232' title='bbox 888 3681 1041 3742; x_wconf 82' lang='lat' dir='ltr'>praecepta</span> <span class='ocrx_word' id='word_1_233' title='bbox 1067 3687 1122 3725; x_wconf 91' lang='lat' dir='ltr'>non</span> <span class='ocrx_word' id='word_1_234' title='bbox 1141 3673 1232 3726; x_wconf 83' lang='lat' dir='ltr'>minus</span> <span class='ocrx_word' id='word_1_235' title='bbox 1251 3687 1284 3725; x_wconf 83' lang='lat' dir='ltr'>ac</span> <span class='ocrx_word' id='word_1_236' title='bbox 1304 3671 1383 3740; x_wconf 73' lang='lat' dir='ltr'>lepos</span> <span class='ocrx_word' id='word_1_237' title='bbox 1403 3686 1481 3740; x_wconf 85' lang='lat' dir='ltr'>posse</span> 
     </span>
     <span class='ocr_line' id='line_1_28' title="bbox 301 3775 1484 3847; baseline -0.002 -17"><span class='ocrx_word' id='word_1_238' title='bbox 301 3777 401 3832; x_wconf 81' lang='lat' dir='ltr'>durare</span> <span class='ocrx_word' id='word_1_239' title='bbox 421 3775 506 3830; x_wconf 85' lang='lat' dir='ltr'>etiam</span> <span class='ocrx_word' id='word_1_240' title='bbox 525 3775 650 3830; x_wconf 81' lang='lat' dir='ltr'>resoluta</span> <span class='ocrx_word' id='word_1_241' title='bbox 668 3775 865 3844; x_wconf 84' lang='lat' dir='ltr'>praecipientis</span> <span class='ocrx_word' id='word_1_242' title='bbox 875 3775 1082 3840; x_wconf 78' lang='lat' dir='ltr'>iurisdiction03</span> <span class='ocrx_word' id='word_1_243' title='bbox 1103 3781 1131 3830; x_wconf 85' lang='lat' dir='ltr'>ot</span> <span class='ocrx_word' id='word_1_244' title='bbox 1150 3777 1222 3830; x_wconf 83' lang='lat' dir='ltr'>ratio</span> <span class='ocrx_word' id='word_1_245' title='bbox 1233 3781 1283 3843; x_wconf 85' lang='lat' dir='ltr'>est,</span> <span class='ocrx_word' id='word_1_246' title='bbox 1293 3776 1359 3847; x_wconf 77' lang='lat' dir='ltr'>quia</span> <span class='ocrx_word' id='word_1_247' title='bbox 1371 3777 1484 3828; x_wconf 75' lang='lat' dir='ltr'>urruset</span> 
     </span>
     <span class='ocr_line' id='line_1_29' title="bbox 303 3879 1484 3952; baseline -0.004 -14"><span class='ocrx_word' id='word_1_248' title='bbox 303 3885 426 3938; x_wconf 77' lang='lat' dir='ltr'>idemest</span> <span class='ocrx_word' id='word_1_249' title='bbox 435 3885 500 3952; x_wconf 83' lang='lat' dir='ltr'>sons</span> <span class='ocrx_word' id='word_1_250' title='bbox 519 3886 579 3934; x_wconf 91' lang='lat' dir='ltr'>tum</span> <span class='ocrx_word' id='word_1_251' title='bbox 590 3881 731 3952; x_wconf 70' lang='lat' dir='ltr'>depictum</span> <span class='ocrx_word' id='word_1_252' title='bbox 749 3884 894 3950; x_wconf 80' lang='lat' dir='ltr'>praecepti</span> <span class='ocrx_word' id='word_1_253' title='bbox 900 3899 908 3948; x_wconf 83' lang='lat'><em>3</em></span> <span class='ocrx_word' id='word_1_254' title='bbox 926 3897 975 3936; x_wconf 85' lang='lat' dir='ltr'>seu</span> <span class='ocrx_word' id='word_1_255' title='bbox 995 3880 1046 3935; x_wconf 81' lang='lat' dir='ltr'>illa</span> <span class='ocrx_word' id='word_1_256' title='bbox 1056 3880 1210 3935; x_wconf 85' lang='lat' dir='ltr'>iurisdictio</span> <span class='ocrx_word' id='word_1_257' title='bbox 1220 3898 1292 3952; x_wconf 81' lang='lat' dir='ltr'>quae</span> <span class='ocrx_word' id='word_1_258' title='bbox 1302 3885 1345 3935; x_wconf 85' lang='lat' dir='ltr'>est</span> <span class='ocrx_word' id='word_1_259' title='bbox 1354 3879 1484 3934; x_wconf 73' lang='lat' dir='ltr'>ordinatu</span> 
     </span>
     <span class='ocr_line' id='line_1_30' title="bbox 302 3982 1483 4058; baseline -0.007 -15"><span class='ocrx_word' id='word_1_260' title='bbox 302 3988 337 4043; x_wconf 80' lang='lat' dir='ltr'>ad</span> <span class='ocrx_word' id='word_1_261' title='bbox 354 3999 502 4044; x_wconf 76' lang='lat' dir='ltr'>externum</span> <span class='ocrx_word' id='word_1_262' title='bbox 521 3983 782 4058; x_wconf 75' lang='lat' dir='ltr'>repimenfidelium</span> <span class='ocrx_word' id='word_1_263' title='bbox 801 3991 830 4042; x_wconf 87' lang='lat' dir='ltr'>at</span> <span class='ocrx_word' id='word_1_264' title='bbox 850 3986 1094 4042; x_wconf 82' lang='lat' dir='ltr'>estterritoriulis.</span> <span class='ocrx_word' id='word_1_265' title='bbox 1114 4015 1128 4027; x_wconf 91' lang='lat'>·</span> <span class='ocrx_word' id='word_1_266' title='bbox 1147 3985 1232 4040; x_wconf 82' lang='lat' dir='ltr'>Aliud</span> <span class='ocrx_word' id='word_1_267' title='bbox 1250 4001 1317 4040; x_wconf 84' lang='lat' dir='ltr'>vero</span> <span class='ocrx_word' id='word_1_268' title='bbox 1335 3982 1483 4038; x_wconf 88' lang='lat' dir='ltr'>dicendum</span> 
     </span>
     <span class='ocr_line' id='line_1_31' title="bbox 302 4093 1482 4165; baseline -0.006 -14"><span class='ocrx_word' id='word_1_269' title='bbox 302 4101 346 4152; x_wconf 83' lang='lat' dir='ltr'>est</span> <span class='ocrx_word' id='word_1_270' title='bbox 373 4095 406 4149; x_wconf 87' lang='lat' dir='ltr'>de</span> <span class='ocrx_word' id='word_1_271' title='bbox 430 4098 588 4164; x_wconf 80' lang='lat' dir='ltr'>praeceptis</span> <span class='ocrx_word' id='word_1_272' title='bbox 613 4093 747 4148; x_wconf 85' lang='lat' dir='ltr'>ordinatis</span> <span class='ocrx_word' id='word_1_273' title='bbox 772 4093 807 4148; x_wconf 78' lang='lat' dir='ltr'>ed</span> <span class='ocrx_word' id='word_1_274' title='bbox 830 4097 927 4165; x_wconf 83' lang='lat' dir='ltr'>sorum</span> <span class='ocrx_word' id='word_1_275' title='bbox 945 4093 1101 4158; x_wconf 76' lang='lat' dir='ltr'>intemum5</span> <span class='ocrx_word' id='word_1_276' title='bbox 1122 4097 1152 4148; x_wconf 84' lang='lat' dir='ltr'>at</span> <span class='ocrx_word' id='word_1_277' title='bbox 1170 4093 1227 4148; x_wconf 85' lang='lat' dir='ltr'>ista</span> <span class='ocrx_word' id='word_1_278' title='bbox 1245 4096 1399 4163; x_wconf 84' lang='lat' dir='ltr'>sequuntur</span> <span class='ocrx_word' id='word_1_279' title='bbox 1418 4107 1482 4162; x_wconf 85' lang='lat' dir='ltr'>per·</span> 
     </span>
     <span class='ocr_line' id='line_1_32' title="bbox 302 4195 1483 4269; baseline -0.005 -15"><span class='ocrx_word' id='word_1_280' title='bbox 302 4215 399 4254; x_wconf 79' lang='lat' dir='ltr'>sonam</span> <span class='ocrx_word' id='word_1_281' title='bbox 425 4198 527 4269; x_wconf 85' lang='lat' dir='ltr'>ubique</span> <span class='ocrx_word' id='word_1_282' title='bbox 555 4197 678 4252; x_wconf 90' lang='lat' dir='ltr'>locorum</span> <span class='ocrx_word' id='word_1_283' title='bbox 704 4203 733 4252; x_wconf 84' lang='lat' dir='ltr'>et</span> <span class='ocrx_word' id='word_1_284' title='bbox 757 4197 888 4267; x_wconf 82' lang='lat' dir='ltr'>expirant</span> <span class='ocrx_word' id='word_1_285' title='bbox 913 4197 937 4250; x_wconf 86' lang='lat' dir='ltr'>si</span> <span class='ocrx_word' id='word_1_286' title='bbox 959 4201 1050 4252; x_wconf 83' lang='lat' dir='ltr'>cessat</span> <span class='ocrx_word' id='word_1_287' title='bbox 1068 4196 1266 4267; x_wconf 82' lang='lat' dir='ltr'>praecipientis</span> <span class='ocrx_word' id='word_1_288' title='bbox 1284 4195 1447 4249; x_wconf 85' lang='lat' dir='ltr'>iurisdictio.</span> <span class='ocrx_word' id='word_1_289' title='bbox 1465 4223 1483 4234; x_wconf 89' lang='lat'>-</span> 
     </span>
     <span class='ocr_line' id='line_1_33' title="bbox 303 4306 1482 4376; baseline -0.007 -10"><span class='ocrx_word' id='word_1_290' title='bbox 303 4311 423 4366; x_wconf 85' lang='lat' dir='ltr'>Proinde</span> <span class='ocrx_word' id='word_1_291' title='bbox 447 4309 517 4363; x_wconf 83' lang='lat' dir='ltr'>haec</span> <span class='ocrx_word' id='word_1_292' title='bbox 540 4309 682 4363; x_wconf 87' lang='lat' dir='ltr'>distinctio</span> <span class='ocrx_word' id='word_1_293' title='bbox 705 4308 780 4364; x_wconf 83' lang='lat' dir='ltr'>inter</span> <span class='ocrx_word' id='word_1_294' title='bbox 807 4325 891 4362; x_wconf 85' lang='lat' dir='ltr'>unum</span> <span class='ocrx_word' id='word_1_295' title='bbox 911 4313 940 4362; x_wconf 88' lang='lat' dir='ltr'>et</span> <span class='ocrx_word' id='word_1_296' title='bbox 959 4306 1079 4362; x_wconf 83' lang='lat' dir='ltr'>alterum</span> <span class='ocrx_word' id='word_1_297' title='bbox 1097 4323 1186 4376; x_wconf 81' lang='lat' dir='ltr'>genus</span> <span class='ocrx_word' id='word_1_298' title='bbox 1208 4309 1421 4376; x_wconf 89' lang='lat' dir='ltr'>praeceptorum</span> <span class='ocrx_word' id='word_1_299' title='bbox 1439 4307 1482 4360; x_wconf 84' lang='lat' dir='ltr'>est</span> 
     </span>
     <span class='ocr_line' id='line_1_34' title="bbox 304 4411 1481 4481; baseline -0.004 -11"><span class='ocrx_word' id='word_1_300' title='bbox 304 4414 470 4480; x_wconf 81' lang='lat' dir='ltr'>necessaria,</span> <span class='ocrx_word' id='word_1_301' title='bbox 489 4417 526 4480; x_wconf 85' lang='lat' dir='ltr'>at,</span> <span class='ocrx_word' id='word_1_302' title='bbox 544 4414 573 4468; x_wconf 94' lang='lat' dir='ltr'>ni</span> <span class='ocrx_word' id='word_1_303' title='bbox 591 4412 684 4480; x_wconf 84' lang='lat' dir='ltr'>fallor,</span> <span class='ocrx_word' id='word_1_304' title='bbox 703 4417 746 4468; x_wconf 84' lang='lat' dir='ltr'>est</span> <span class='ocrx_word' id='word_1_305' title='bbox 764 4416 849 4468; x_wconf 80' lang='lat' dir='ltr'>unico</span> <span class='ocrx_word' id='word_1_306' title='bbox 866 4415 939 4466; x_wconf 79' lang='lat' dir='ltr'>ratio</span> <span class='ocrx_word' id='word_1_307' title='bbox 958 4412 1106 4467; x_wconf 82' lang='lat' dir='ltr'>decidendi</span> <span class='ocrx_word' id='word_1_308' title='bbox 1125 4412 1282 4481; x_wconf 84' lang='lat' dir='ltr'>propositas</span> <span class='ocrx_word' id='word_1_309' title='bbox 1294 4411 1481 4481; x_wconf 56' lang='lat' dir='ltr'>quaestiones</span> 
     </span>
    </p>
   </div>
   <div class='ocr_carea' id='block_1_8' title="bbox 0 0 1642 5092">
    <p class='ocr_par' dir='ltr' id='par_1_9' title="bbox 0 0 1642 5092">
     <span class='ocr_line' id='line_1_35' title="bbox 0 0 1642 5092; baseline 0 0"><span class='ocrx_word' id='word_1_310' title='bbox 0 0 1642 5092; x_wconf 95' lang='lat' dir='ltr'> </span> 
     </span>
    </p>
   </div>
  </div>
 </body>
</html>
