3290 5100
292 293 360 360 504
818 314 902 362 raas
927 315 949 360 1.

293 437 472 503 christiani.
485 438 569 504 Sane
580 438 770 506 iurisdictio
783 441 889 524 prouti
903 439 1112 526 intelligenda
1124 439 1226 506 estad
1240 460 1309 506 rem
1325 445 1473 504 nostram

294 569 326 627 et
348 565 455 649 prouti
478 562 574 628 hodie
590 563 765 629 assumitur
788 565 821 629 in
840 565 914 650 lage
929 566 1087 630 canonica
1102 569 1136 630 et
1150 565 1238 630 civili
1254 570 1319 632 est:
1340 584 1358 628 ‹
1374 563 1479 631 Pote-

216 679 219 684 ’
293 694 363 756 stas
385 687 529 774 publico
552 690 643 755 circo
666 689 816 755 otiorum
838 689 989 777 repimen
1012 695 1044 754 et
1064 689 1349 777 puber-nationem
1365 712 1396 754 ›.
1422 689 1476 754 Gi.

302 813 369 880 Vol.
388 815 416 897 1,
443 834 477 878 n.
496 813 544 878 40
558 834 608 900 sq·
626 814 754 880 Fideles
776 834 858 880 vero
880 815 928 880 uti
951 815 1071 900 singuli
1087 821 1249 900 reguntur
1274 817 1308 880 in
1329 814 1409 898 soro
1425 815 1479 880 ia·

294 943 388 1005 terno
404 943 438 1005 et
452 939 529 1024 ipsis
544 941 749 1004 succurritur
763 959 824 1025 per
834 939 1051 1006 absolutiones
1066 939 1257 1023 apeecutis
1270 960 1331 1026 per
1343 939 1479 1025 dispen-

293 1063 433 1128 sationes
456 1068 489 1129 et
510 1063 575 1128 alia
597 1063 703 1129 media
726 1063 914 1149 spiritualia,
932 1063 986 1148 (ei.
1004 1084 1103 1150 supra
1126 1085 1158 1130 n.
1174 1065 1218 1130 48
1238 1063 1335 1148 seq.);
1359 1062 1477 1129 fideles

293 1193 401 1252 autem
423 1193 581 1272 quatenus
597 1187 784 1253 coalescunt
806 1189 840 1252 in
863 1189 1048 1254 societatem
1067 1187 1235 1260 visibilem,
1252 1192 1415 1274 reguntur
1441 1190 1476 1252 in

292 1311 370 1395 foro
387 1316 527 1379 esterno
552 1312 584 1376 in
608 1332 671 1395 quo
686 1313 883 1398 prospicitur
896 1311 1058 1378 directius
1074 1311 1158 1376 bono
1175 1313 1349 1376 universae
1372 1313 1480 1378 socie·

293 1437 378 1502 tatis.
393 1471 411 1485 ·
430 1438 595 1502 Iunuimus
610 1436 665 1500 hic
679 1437 731 1522 agi
748 1435 788 1500 de
803 1434 1023 1501 iurisdictione
1039 1449 1122 1519 quae
1138 1435 1306 1500 Ecclesiae
1323 1437 1482 1521 competit

294 1566 452 1646 quatenus
482 1567 531 1626 est
559 1561 701 1628 societas
730 1561 893 1647 periecta;
918 1563 993 1645 quia
1023 1561 1110 1626 iufra
1138 1562 1171 1626 in
1202 1566 1267 1626 art.
1295 1559 1319 1625 7
1346 1579 1481 1646 compe·

294 1689 430 1749 scuntnr
446 1718 464 1732 -
482 1685 615 1750 edentes
645 1684 735 1770 tapes
757 1689 789 1749 et
810 1683 947 1749 decreta
969 1688 1090 1750 centra
1121 1682 1308 1750 libertatem
1336 1688 1368 1748 et
1397 1684 1483 1748 iuro

293 1809 472 1881 Ecclesiae,
492 1843 509 1855 ·
533 1827 591 1872 seu
614 1807 823 1894 impedientes
846 1808 1039 1872 exercitium
1064 1807 1149 1872 illius
1171 1807 1337 1893 legitimae
1359 1809 1480 1872 activi-

293 1934 369 1999 tatis
392 1935 602 2020 competentis
625 1934 740 2018 cuique
755 1953 913 2018 personae
928 1933 1085 2019 physicae
1109 1939 1142 1998 et
1165 1933 1290 2006 morali.
1308 1933 1401 1998 cuius
1427 1940 1481 1999 est

294 2057 378 2122 bona
398 2059 579 2142 acquirere,
595 2057 739 2124 vendere
763 2063 795 2123 et
818 2059 862 2124 ita
885 2065 993 2145 porro.
1014 2059 1131 2123 -Item
1156 2057 1221 2124 huc
1243 2077 1310 2122 non
1335 2061 1483 2144 pertinet

294 2185 435 2267 potestas
465 2201 528 2264 qua
559 2181 702 2246 Praelati
733 2181 875 2266 gaudent
904 2181 937 2245 in
969 2183 1114 2266 regimen
1149 2201 1282 2246 suorum
1314 2179 1480 2247 Ordinum

296 2305 517 2390 Regularium.
543 2305 590 2372 cf.
615 2306 797 2370 Bucceroni
821 2307 841 2371 l.
867 2325 894 2372 c.
918 2325 952 2370 a.
977 2305 1029 2371 19.

384 2429 501 2516 Agitur
524 2429 557 2494 in
581 2431 839 2514 praesentiarum
854 2431 896 2496 de
911 2429 1071 2496 exercitio
1091 2429 1337 2495 iurisdictionis
1354 2449 1399 2494 ex
1414 2447 1482 2512 qua

295 2556 537 2621 committuntur
560 2553 814 2621 administranda
836 2574 875 2619 ea
897 2573 981 2638 quae
1003 2558 1078 2619 sunt
1097 2554 1220 2619 ordinis
1243 2558 1277 2618 et
1299 2551 1480 2618 conferun-

294 2684 348 2743 tur
371 2676 477 2743 officia
500 2677 735 2753 ecclesiastica;
759 2677 887 2742 minime
910 2695 991 2742 vero
1013 2678 1130 2762 agitur
1144 2675 1184 2740 de
1206 2676 1366 2741 exercitio
1383 2679 1478 2759 pote·

295 2806 385 2869 statis
409 2802 530 2870 ordinis
552 2823 610 2868 seu
634 2801 673 2868 de
697 2804 765 2888 ipsa
788 2801 1064 2870 administratione
1087 2805 1366 2866 sacramentorum
1390 2819 1477 2884 quae

296 2928 473 2995 attenditur
496 2929 528 2993 in
552 2934 617 2993 art.
643 2928 666 2992 7
689 2929 752 2992 iam
777 2929 886 2993 citato.

387 3053 463 3118 441.
488 3051 632 3118 Proinde
654 3051 874 3135 impedientes
890 3049 1015 3117 directe
1031 3051 1083 3115 vel
1100 3050 1267 3116 indirecte
1283 3049 1482 3114 exercitium

203 3203 206 3212 ·
296 3175 524 3242 iurisdictionis
540 3175 705 3250 eiusmodi,
723 3180 797 3240 sunt
812 3176 864 3260 qui
881 3172 1038 3240 obsistunt
1053 3173 1179 3239 duecte
1199 3173 1369 3256 quominus
1386 3172 1483 3258 Papa

297 3302 371 3367 edat
392 3302 491 3388 leges.
517 3301 694 3387 Episcopus
719 3299 805 3366 ferat
827 3318 995 3380 censuras,
1020 3297 1190 3363 Perochus
1213 3298 1342 3364 assistat
1365 3300 1484 3363 matri·

296 3429 411 3493 moniis
434 3426 492 3511 (l),
518 3427 659 3512 excipiat
681 3426 911 3496 confessiones,
937 3424 1049 3490 clerici
1072 3421 1230 3489 beneficia
1254 3422 1484 3490 ecclesiastica

296 3553 434 3618 assecuti
458 3571 522 3616 non
538 3551 690 3616 fruantur
705 3551 771 3616 suis
787 3549 910 3614 iuribus
927 3547 966 3613 ob
984 3547 1178 3634 denegatum
1196 3581 1214 3596 -
1232 3544 1381 3633 Repium
1406 3565 1485 3614 eme·

297 3683 425 3762 queror
442 3712 459 3724 -
478 3680 510 3740 et
525 3677 570 3742 ita
584 3695 692 3760 porro.
711 3673 880 3741 Obsistunt
895 3679 1005 3738 autem
1020 3672 1183 3738 indirecte
1198 3673 1252 3757 qui
1273 3672 1305 3735 in
1321 3672 1403 3737 alias
1426 3691 1485 3738 res

297 3803 349 3868 vel
374 3821 528 3887 personas
545 3803 703 3866 exercent
718 3800 902 3864 violentiam
919 3817 1001 3883 quae
1017 3803 1125 3863 tamen
1141 3795 1251 3864 refluit
1272 3797 1305 3861 in
1324 3816 1485 3881 personas

297 3926 543 3998 ecclesiasticas,
567 3925 667 3991 veluti
691 3944 788 4009 quum
811 3925 927 3990 harum
948 3941 1162 4010 personarum
1185 3925 1333 4008 apenos,
1353 3939 1485 4005 procre-

297 4057 447 4128 ratores‚
479 4050 688 4134 familiares,
716 4048 964 4135 consaapuinei
995 4047 1047 4112 vel
1073 4045 1194 4131 affines
1223 4046 1381 4112 molestiis
1411 4043 1484 4110 uffi-

386 4333 426 4404 (l)
445 4331 582 4387 Nimirum
595 4331 865 4402 comprehenduntur
878 4329 922 4384 illi
936 4333 1015 4384 actus
1028 4281 1134 4382 ordinis
1147 4326 1194 4400 qui
1208 4328 1267 4382 sins
1288 4327 1487 4384 iurisdictione

298 4439 422 4494 exerceri
442 4453 498 4493 non
517 4443 640 4508 possunt.
