3266 5102
527 303 572 350 nn
598 302 753 349 neironis
777 301 819 348 nr
845 301 963 349 ronurs
1293 283 1337 348 97

150 431 260 492 solent
290 428 372 492 ferri
396 427 428 491 in
452 426 613 512 singulum
645 427 748 491 civem
773 425 830 490 sed
853 425 1025 510 aliquando
1049 427 1156 508 etiam,
1180 425 1237 490 sed
1261 445 1338 490 raro

151 553 187 614 in
212 571 324 616 omnes
347 549 489 615 subditos
512 549 665 614 feruntur
677 547 733 635 (l).
752 549 946 616 Canonistae
962 550 1080 633 passim
1095 554 1247 614 asserunt
1262 569 1339 634 poe-

150 695 213 741 nas
243 674 286 742 ab
311 675 445 742 bomine
468 675 549 740 ferri
573 673 613 739 nd
638 675 741 740 instar
771 676 958 760 praecepti;
982 681 1015 740 et
1039 675 1116 740 hinc
1142 677 1340 776 resolvilvel

150 799 306 885 suspendi
337 799 479 866 resoluto
501 798 554 862 vel
579 819 734 884 suspenso
758 800 830 864 iure
853 798 1001 880 ferentis,
1026 800 1089 864 nisi
1123 801 1186 864 iam
1217 799 1340 866 fuerint

150 935 315 998 incursae.
341 931 389 998 (ll.
415 934 545 998 Suarcz.
571 933 621 998 De
644 932 739 1019 lepib.
767 932 823 998 lio.
851 933 879 998 Ι.
904 952 979 1015 cap.
1003 933 1047 997 10
1070 939 1101 998 et
1124 932 1340 1000 D’Annibale

152 1060 183 1124 Ι.
208 1058 286 1124 301.
314 1059 399 1124 Hinc
422 1062 577 1144 sequitur,
602 1065 809 1146 praeceptum
834 1079 890 1125 seu
916 1061 1068 1146 Episcopi
1092 1059 1259 1128 decretum
1285 1063 1340 1128 ali·

152 1187 206 1250 cui
230 1185 352 1249 clerico
377 1183 497 1248 sactum
521 1205 551 1248 v.
569 1206 599 1270 g.
625 1204 687 1248 non
711 1181 941 1268 frequentandi
965 1185 1105 1268 aliquam
1132 1185 1270 1268 donnum,
1286 1187 1340 1251 rel

153 1310 333 1395 peragendi
357 1311 516 1376 exercitia
539 1311 718 1395 spiritualia
747 1311 883 1394 amplius
907 1329 971 1373 non
996 1311 1110 1395 vigere
1133 1331 1153 1374 a
1178 1317 1340 1376 momento

155 1457 218 1522 qno
252 1438 402 1522 Episcopi
438 1441 542 1502 cessat
573 1437 767 1512 iurisdictio;
792 1434 943 1522 suspendi
972 1457 1060 1516 vera,
1085 1438 1111 1501 si
1141 1437 1224 1504 haec
1249 1436 1339 1503 dum-

154 1565 249 1625 taxat
272 1559 495 1645 suspendatur,
520 1559 622 1625 etiam
644 1579 683 1623 re
699 1579 769 1626 non
791 1559 934 1645 inlepra.
953 1579 1010 1623 seu
1026 1561 1086 1623 etsi
1103 1560 1166 1624 iam
1192 1563 1340 1644 coeptum

154 1685 206 1764 sit,
231 1683 364 1749 decreto
387 1681 622 1767 obtemperare.
638 1683 824 1768 'Excipiunt
846 1687 971 1747 tantum
1001 1703 1110 1748 casum
1143 1702 1204 1766 quo
1237 1699 1340 1767 poena

154 1809 218 1872 iam
243 1807 344 1872 inerit
367 1807 460 1892 plene
484 1807 615 1871 incursa
630 1806 730 1872 veluti
747 1807 1064 1878 earommunicatio.
1082 1807 1267 1890 suspensio,
1286 1806 1339 1872 bc·

154 1929 268 2014 aeficii
286 1929 449 2011 privatio.
482 1926 643 2012 Siquidem
674 1947 780 2012 poena
809 1930 872 1991 iam
902 1929 1036 1994 incursa
1063 1928 1214 2014 legitimis
1237 1926 1340 1992 modis

154 2053 323 2126 aulertur;
361 2071 475 2136 nempe
499 2051 552 2116 vel
575 2050 786 2117 absolutione
809 2053 860 2115 vel
885 2051 1138 2134 dispensatione
1161 2049 1213 2114 vel
1238 2049 1339 2133 lapsu

158 2177 322 2261 temporis
345 2183 378 2241 et
400 2179 445 2241 ita
469 2196 578 2262 porro.

245 2301 402 2376 Quamvis
433 2301 516 2364 haec
545 2300 693 2365 doctrina
726 2300 853 2366 dicatur
883 2299 1160 2366 communissima
1194 2304 1226 2364 et
1249 2301 1339 2383 quasi

158 2426 255 2491 bodie
268 2425 525 2490 contradictores
537 2445 600 2489 non
613 2425 745 2498 babere,
762 2430 871 2489 tamen
883 2427 927 2489 ita
939 2425 1138 2510 generaliter
1151 2443 1339 2509 expressam

155 2551 311 2616 audemus
334 2571 484 2616 asserere
507 2569 620 2615 veram
643 2569 708 2614 non
731 2571 801 2615 esse
825 2555 858 2615 et
881 2552 1011 2614 omnino
1035 2571 1106 2614 esse
1131 2549 1339 2614 reiciendam.

244 2673 299 2738 65.
330 2675 379 2738 Re
403 2692 481 2738 sane
504 2691 583 2737 vera
606 2677 641 2738 ut
664 2674 808 2758 positivis
832 2675 1059 2738 inhaereamus
1084 2673 1165 2738 iuris
1188 2671 1338 2742 decretis,

154 2801 187 2862 in
210 2800 326 2884 primis
360 2797 559 2870 advertatur,
595 2797 634 2863 de
661 2799 855 2882 praeceptis
878 2817 935 2864 seu
958 2797 999 2862 de
1022 2797 1276 2862 ordinationibus
1308 2801 1341 2862 et

154 2923 267 3007 poenis
291 2921 334 2987 ab
359 2920 493 2988 homine
516 2921 668 2992 ferendis,
692 2921 799 3007 legem
823 2920 948 2986 dedisse
973 2922 1222 2986 instructionem
1247 2920 1280 2984 S.
1305 2919 1337 2983 O.

157 3048 222 3111 ΕΕ.
241 3053 275 3112 et
297 3047 370 3110 RR.
387 3045 502 3110 editam
515 3065 583 3128 pro
600 3045 830 3112 ecclesiasticis
846 3045 950 3111 curiis
966 3046 1081 3130 picoad
1101 3045 1241 3110 modum
1257 3062 1343 3127 pro·

158 3172 301 3238 cedendi
326 3171 539 3239 oeconomiae
561 3173 599 3236 in
621 3174 733 3238 causis
753 3171 1029 3254 disciplinaribus
1052 3177 1083 3236 et
1106 3169 1341 3236 criminalibus

157 3296 372 3376 clericorum,
386 3296 441 3363 die
463 3296 500 3360 11
523 3295 617 3362 lunii
640 3316 670 3361 a.
697 3295 810 3378 1880,
837 3297 882 3360 ita
904 3295 1086 3362 iubentem:
1112 3297 1136 3360 l.
1160 3315 1177 3358 ‹
1198 3294 1341 3360 Ordina-

155 3421 208 3486 ria
228 3421 408 3503 pastorale
430 3439 516 3486 onus
539 3419 702 3486 incumbit
715 3421 933 3502 disciplinam
949 3421 1259 3504 correctionemque
1281 3421 1342 3486 ale-

155 3545 312 3611 ricorum
336 3565 358 3609 a
380 3565 416 3610 se
439 3545 702 3628 dependentium
725 3545 882 3619 curandi,
906 3565 1011 3626 super
1034 3544 1233 3610 eorumdem
1252 3543 1341 3608 vitoe

155 3671 328 3736 rationem
351 3671 526 3757 aipilaudo
549 3670 776 3754 remediisque
798 3669 923 3736 utendo
948 3669 1119 3737 canonicis
1135 3669 1182 3734 ad
1196 3687 1342 3751 proeco-

156 3791 287 3855 vendas
309 3791 405 3873 apud
427 3791 561 3857 eosdem
584 3797 614 3856 et
638 3791 867 3856 eliminandas
879 3789 1010 3856 ordinis
1022 3787 1293 3872 perturbationes
1311 3807 1340 3850 ›.

156 3913 199 3979 II.
219 3915 276 3980 Ea
300 3914 352 3980 bis
374 3915 534 3981 remediis
557 3915 628 3980 alia
646 3915 887 3998 praeveniunt,
912 3915 983 3980 alia
1006 3914 1200 3997 reprimunt
1223 3917 1253 3978 et
1276 3929 1342 3976 me·

157 4041 271 4106 delam
296 4043 454 4124 afferunt.
479 4040 607 4106 Priora
633 4041 680 4106 ad
711 4039 773 4106 boc
803 4040 1003 4122 diripuntur
1027 4045 1084 4105 etc.
1104 4062 1133 4103 ».
1158 4039 1201 4104 V.
1233 4037 1341 4102 «Has

253 4286 294 4358 (l)
309 4285 382 4342 istae
392 4287 485 4342 vacari
497 4285 589 4341 solent
598 4295 665 4341 sent
676 4287 826 4356 penerales
834 4284 879 4340 vel
887 4286 1071 4350 universales,
1082 4284 1207 4356 Layman
1218 4286 1261 4339 De
1270 4301 1341 4338 cens.

163 4411 224 4464 cap.
240 4394 279 4447 ll.
293 4395 320 4448 2.
334 4393 485 4456 Quaeritur
497 4411 532 4448 an
545 4413 562 4448 a
576 4395 638 4448 iure
652 4394 695 4448 vel
708 4396 743 4448 ab
755 4396 865 4448 lromine
878 4393 1009 4450 dicendae
1023 4393 1086 4447 sint.

308 4505 368 4556 Sac.
388 4503 465 4572 Lapa
1251 4503 1269 4554 7
