3202 5104
279 287 345 353 264
803 306 886 351 raas
913 305 932 350 1.

369 430 412 495 nt
440 430 466 494 si
493 431 641 514 componi
671 427 787 495 debeat
817 429 966 515 specialis
996 431 1148 495 tractatio
1172 429 1212 494 de
1244 449 1341 495 sacra
1370 428 1455 494 ordi·

278 553 409 618 natione
424 573 506 636 qnae
530 555 637 620 omnia
652 553 887 639 complectatur
902 553 943 618 ad
966 553 1051 619 hanc
1075 555 1242 620 materiam
1266 555 1455 640 spectantia,

278 680 375 760 patet,
399 677 506 743 locum
528 677 711 744 faciendum
730 699 801 744 esse
824 680 976 744 tractatui
1000 677 1040 743 de
1064 677 1367 764 irregularitatibus‚
1392 695 1457 742 non

278 819 372 866 secus
383 819 422 866 ac
438 801 477 867 de
493 805 696 868 matrimonio
712 805 890 869 christiano
903 805 956 889 agi
970 824 1033 868 non
1046 808 1150 889 potest
1165 803 1309 869 absolute
1325 804 1403 887 quin
1418 801 1458 866 de

280 927 514 1012 impedimentis
538 929 827 996 matrimonialibus
843 929 1002 996 habeatur
1025 950 1142 995 sermo.
1160 931 1374 996 Nihilominus
1390 948 1459 994 ma-

280 1055 403 1118 ximum
427 1055 599 1124 intercedit
614 1056 786 1124 discrimen
803 1057 887 1122 inter
903 1057 1163 1142 irregularitates
1179 1064 1213 1119 et
1232 1055 1460 1141 impedimenta

281 1179 545 1255 matrimonialia;
570 1181 688 1265 quippe
709 1180 801 1260 haec,
818 1182 845 1246 si
868 1179 977 1246 demas
993 1180 1105 1244 forsan
1122 1177 1382 1265 impedimentum
1398 1179 1460 1243 cri·

281 1302 385 1375 minis,
410 1303 583 1370 nullimode
606 1304 755 1370 redolent
783 1305 922 1370 indolem
946 1324 1069 1389 poenae
1093 1309 1126 1370 at
1149 1302 1297 1368 derivant
1321 1323 1364 1366 ex
1386 1303 1459 1366 iure

281 1427 421 1492 naturali
445 1434 500 1493 aut
523 1427 631 1494 divino
654 1429 708 1494 vel
732 1449 803 1494 cum
822 1429 933 1494 eodem
949 1435 1041 1494 arcte
1057 1429 1252 1503 cohaerent;
1276 1427 1352 1493 dum
1376 1429 1459 1492 irre·

281 1552 483 1637 gularitates,
500 1555 526 1619 si
544 1574 639 1620 unam
652 1563 719 1620 ¹aut
741 1554 876 1620 alteram
897 1556 1049 1641 excipias,
1072 1574 1196 1640 poenae
1219 1554 1290 1640 plus
1313 1555 1460 1618 minusve

280 1677 467 1762 exprimunt
480 1676 630 1750 indolem,
644 1697 755 1742 omnes
767 1697 846 1742 vero
861 1663 1026 1762 pertinent
1040 1677 1081 1742 ad
1097 1677 1166 1743 vim
1177 1676 1364 1743 coactivam
1380 1675 1460 1740 iuris

280 1801 416 1886 positivi,
441 1804 548 1885 prouti
572 1801 693 1867 fatetur
719 1803 788 1888 ipse
812 1803 977 1888 Gasparri‚
1002 1821 1057 1886 op.
1081 1803 1134 1868 cit.
1158 1803 1240 1885 199;
1262 1801 1345 1886 quod
1370 1807 1461 1868 ceria

280 1943 345 1988 non
368 1925 510 2009 pertinet
532 1925 572 1990 ad
596 1926 824 2011 impedimenta
840 1925 1098 1999 matrimonialia,
1117 1929 1161 1991 uti
1183 1925 1277 1991 docet
1293 1926 1459 2010 Gasparri‚

280 2049 334 2116 De
348 2055 449 2114 matr.
466 2051 549 2116 298.
567 2051 783 2128 Quamobrem
797 2072 893 2136 quum
910 2054 942 2116 in
955 2055 1074 2118 nostris
1090 2053 1211 2136 scholis
1225 2052 1351 2136 integer
1364 2070 1461 2135 expo

280 2181 378 2242 natur
401 2171 588 2263 complexus
610 2179 717 2264 legum
743 2179 1045 2252 ecclesiasticarum,
1070 2198 1134 2244 non
1158 2178 1335 2272 improprie
1351 2177 1461 2261 agitur

281 2301 321 2367 de
344 2303 637 2388 irregularitatibus
659 2306 693 2368 in
716 2309 858 2369 tractatu
880 2304 923 2369 de
942 2304 1065 2387 poenis
1088 2308 1120 2368 et
1145 2304 1179 2367 in
1202 2303 1398 2368 tractatione
1421 2301 1461 2366 de

281 2447 376 2494 sacra
394 2429 597 2495 ordinatione
619 2429 852 2496 subaudiuntur
867 2449 950 2513 quae
969 2433 1115 2514 spectant
1137 2427 1178 2494 ad
1200 2427 1461 2513 irregularitatcs

280 2575 337 2620 seu
353 2554 393 2619 ad
410 2555 585 2620 subiectum
602 2555 697 2620 huius
711 2556 905 2620 sacramenti
921 2553 1039 2628 habile,
1053 2553 1136 2638 quod
1149 2549 1321 2637 praeterea
1332 2551 1373 2616 ab
1389 2552 1462 2616 aliis

281 2681 393 2764 poenis
409 2684 442 2746 et
457 2681 653 2766 potissimum
670 2700 690 2744 a
706 2681 858 2746 censuris
872 2679 1100 2744 ecclesiasticis
1113 2679 1254 2742 immune
1270 2697 1342 2742 esse
1355 2675 1460 2750 debet,

281 2805 387 2888 prouti
410 2803 505 2887 plura
527 2803 760 2869 subaudiuntur
781 2823 862 2887 quae
883 2805 1048 2888 pertinent
1070 2802 1111 2868 ad
1133 2821 1305 2888 personam
1322 2802 1462 2866 ministri

282 2950 306 2994 s.
332 2928 551 2994 ordinationis.
621 2985 624 2990 .

374 3055 446 3119 181.
473 3055 583 3119 Poena
606 3054 795 3139 privationis
811 3053 1050 3120 ecclesiasticae
1069 3041 1255 3136 sepulturae
1272 3047 1323 3118 ¹ita
1339 3049 1461 3116 descri-

282 3178 369 3243 bitur
384 3197 404 3242 a
421 3174 615 3250 Barutialdo,
633 3197 752 3245 comm.
770 3177 897 3244 cdliii.
916 3173 1014 3244 Rom.
1031 3177 1079 3242 tit.
1101 3177 1155 3259 34,
1172 3197 1203 3240 n.
1222 3176 1258 3240 4:
1279 3173 1462 3240 «Nomine

282 3303 524 3369 ecclesiasticae
545 3304 742 3386 sepulturae
754 3323 828 3370 non
844 3308 975 3368 tantam
991 3304 1085 3370 iocus
1098 3321 1205 3376 sacer,
1222 3319 1339 3366 comm
1357 3300 1462 3366 eiiam

277 3428 427 3510 pulsatio
452 3446 713 3511 campanarum,
731 3427 905 3511 eccequiac,
923 3427 1121 3499 luminaria,
1134 3424 1378 3508 processiones,
1392 3423 1462 3506 suf·

281 3549 409 3637 frapia,
433 3551 557 3616 rnissoe
580 3551 717 3635 aliaque
740 3549 866 3616 similia
889 3549 927 3613 in
950 3549 1090 3615 eeclesia
1117 3547 1282 3615 catholica
1308 3566 1376 3629 pro
1409 3545 1462 3610 de·

280 3676 409 3759 functis
423 3677 499 3762 fieri
515 3682 674 3744 consueta
690 3677 948 3762 manipretium
966 3680 1154 3757 propterea
1182 3672 1237 3738 cai
1248 3671 1461 3755 prohibitum

281 3817 390 3863 anam
414 3805 461 3863 est
484 3805 544 3864 aut
563 3799 770 3883 permaneam
794 3804 825 3862 ei
848 3799 994 3862 aiteram
1022 3795 1232 3879 permissum
1256 3797 1318 3858 aut
1339 3791 1462 3874 prohi-

283 3922 388 3989 bitum
412 3941 482 3989 esse
505 3929 659 3990 censetur
675 3944 706 3987 ›.
726 3925 763 3987 ln
780 3921 842 3987 Rit.
862 3923 953 3986 Rom.
972 3921 1021 3986 tit.
1038 3919 1088 3985 De
1104 3918 1257 4002 eaequiis
1276 3914 1463 3980 indicantur

282 4049 455 4133 praecipua
472 4049 609 4113 crimina
624 4047 663 4112 ob
680 4067 762 4132 quae
778 4047 928 4113 catholici
942 4045 1090 4110 homines
1114 4043 1334 4108 ecclesiastica
1353 4041 1463 4126 sepul·

281 4176 357 4236 tura
379 4173 558 4258 privantur.
577 4207 594 4220 -
613 4172 758 4256 inquam,
782 4169 937 4237 catholici
961 4189 1036 4233 nam
1052 4165 1198 4232 infideles
1221 4172 1253 4230 et
1272 4165 1462 4264 acatholici,

283 4314 321 4360 eo
343 4296 412 4380 ipso
435 4297 510 4380 quia
533 4297 748 4361 communioni
765 4295 944 4360 catholicae
960 4294 1025 4357 vivi
1041 4297 1167 4377 partem
1183 4309 1248 4353 non
1266 4287 1461 4362 habuerunt,

282 4440 344 4486 nec
366 4425 486 4488 mortui
508 4420 621 4489 eadem
637 4421 702 4486 frui
722 4403 880 4485 sinuntur.
898 4453 916 4466 -
934 4421 972 4484 In
996 4436 1127 4502 genere,
1144 4414 1263 4500 publici
1288 4417 1320 4478 et
1343 4413 1462 4478 notorii
