3302 5100
324 293 391 372 574
775 324 981 374 antaosruu
1005 325 1052 372 ιν.

325 447 395 500 Nem
409 447 437 500 in
450 447 507 501 suis
519 447 651 503 advemm
669 446 855 514 manichaeos,
869 445 1040 517 pelagianos,
1052 446 1216 510 donatistas,
1228 444 1354 516 aliosque
1367 411 1423 498 tam
1436 443 1503 509 sibi,

323 571 407 626 quam
419 553 562 610 Ecclesiae
575 555 762 620 adversantes,
775 553 892 610 assiduis
904 555 1165 620 conflictationibus,
1179 553 1206 607 id
1220 567 1329 622 semper
1341 551 1503 620 diligentis·

324 663 393 719 sime
412 663 496 728 cavit,
515 679 550 718 ne
568 663 727 734 quempiam
747 677 842 717 eorum
861 659 970 715 iniuriis
982 666 1032 714 aut
1044 657 1326 724 conviciis'laederet,
1339 663 1422 728 atque
1435 673 1504 711 exa·

324 775 457 840 speraret
477 771 530 832 Qtsi
549 788 628 826 secus
646 769 791 826 scribendo
810 768 854 825 vel
874 769 1039 840 disputando
1058 770 1164 834 fecerit,
1183 770 1208 823 is
1227 769 1351 838 profecto
1364 784 1415 823 nec
1428 767 1504 822 reri·

324 884 412 936 tatem
432 880 484 936 sibl
504 880 652 950 praecipue
671 879 747 934 cordi
765 895 834 945 esse,
853 895 904 934 nec
923 877 1090 932 charitatem
1109 879 1210 932 sectari
1229 893 1259 932 se
1278 875 1407 932 ostendit.

374 1015 377 1024 ·
414 989 432 1050 ἕ
451 985 494 1039 23.
513 986 535 1039 li
554 1001 665 1057 quoque
683 1002 738 1040 non
760 985 829 1040 satis
853 985 980 1039 idoneam
999 984 1157 1055 iustamque
1175 983 1383 1038 excusationem
1403 981 1505 1036 afferre

324 1093 463 1160 videntur,
476 1095 524 1166 qni
537 1096 572 1150 ob
587 1095 739 1162 singulare,
752 1093 824 1165 quod
838 1095 1013 1164 profitentur,
1024 1107 1092 1162 erga
1104 1097 1214 1148 veteres
1232 1092 1359 1148 doctores
1371 1091 1504 1155 studium,

325 1217 387 1256 eam
412 1201 464 1256 sibi
489 1201 627 1256 scribendi
656 1201 792 1256 rationem
817 1199 902 1254 licere
928 1200 1116 1262 arbitranturt
1141 1215 1203 1252 nam
1229 1199 1252 1251 si
1278 1213 1392 1267 carpere
1417 1211 1505 1250 noros

325 1308 457 1376 audeant,
480 1310 552 1363 sorte
577 1309 611 1361 ab
636 1306 776 1363 laedendis
800 1309 942 1362 veteribus
966 1307 1019 1360 sibi
1045 1307 1159 1361 minime
1184 1311 1400 1376 temperassent,
1425 1305 1448 1358 si
1475 1305 1506 1358 in

325 1429 421 1469 eorum
440 1419 566 1483 tempora
585 1413 761 1478 incidissent3
779 1413 852 1484 quod
871 1412 1013 1482 praeclare
1032 1385 1253 1467 animadversum
1273 1417 1315 1465 est
1335 1411 1369 1464 ab
1388 1414 1504 1463 auctore

326 1516 424 1586 Operis
449 1517 603 1586 imperfecti
629 1516 656 1569 in
681 1514 865 1579 Matthaeum,
887 1514 959 1569 hom.
980 1515 1071 1569 4‘2.-
1088 1515 1155 1570 Cam
1174 1515 1308 1580 audieris,
1328 1515 1428 1584 inquit,
1448 1516 1504 1568 aii-

326 1639 407 1692 qnem
427 1623 626 1692 beatificantem
645 1624 770 1692 antiquos
783 1625 920 1685 donares,
932 1625 1031 1692 praba,
1044 1622 1136 1692 qualis
1149 1623 1183 1674 sit
1197 1621 1272 1675 circa
1286 1637 1351 1675 suas
1366 1621 1505 1674 doctores.

327 1729 357 1783 st
370 1733 443 1784 enim
456 1731 531 1794 illos,
544 1747 607 1786 cum
621 1732 719 1800 quibus
731 1733 806 1795 civit,
819 1732 944 1794 sustinet,
959 1740 983 1784 et
995 1731 1120 1796 honorat,
1134 1733 1193 1784 sine
1209 1733 1293 1784 dubia
1313 1730 1389 1792 illos,
1402 1729 1427 1781 si
1440 1745 1504 1781 cum

326 1835 385 1889 illis
404 1837 527 1900 eiecisset,
546 1837 723 1892 honorasset:
742 1841 766 1890 si
783 1845 877 1891 autem
895 1853 960 1890 suos
980 1837 1135 1900 contemnit,
1149 1841 1175 1890 si
1187 1853 1250 1890 cum
1262 1835 1323 1888 illis
1341 1836 1466 1900 visisset,
1479 1844 1507 1887 et

326 1943 392 1995 illos
406 1944 619 2014 contempsisset.
633 1943 818 2004 Quamobrem
831 1945 939 1997 firmum
954 1948 1099 2014 ratumque
1113 1943 1150 1996 sit
1161 1944 1299 2006 omnibus,
1312 1943 1359 2014 qui
1373 1942 1507 1996 adversus

326 2047 444 2102 aliorum
464 2048 617 2103 sententias
636 2049 761 2103 scribunt
780 2065 812 2103 ac
831 2048 980 2119 disputent,
1001 2051 1028 2103 in
1047 2049 1120 2122 qnod
1139 2051 1263 2118 gras-'iter
1281 2064 1315 2102 ac
1333 2049 1506 2118 sapientera

325 2171 387 2208 ren.
406 2169 486 2208 servo
506 2153 555 2209 Dei
575 2153 784 2224 praedecessore
803 2160 898 2208 nostro
917 2155 1079 2210 Innocentio
1097 2155 1173 2224 Papa
1187 2154 1227 2209 Xl
1244 2155 1446 2224 praescriptum
1463 2162 1507 2208 est

326 2261 355 2314 in
373 2259 485 2317 decreto
504 2261 579 2317 edito
597 2261 642 2318 die
660 2262 781 2316 secunda
800 2262 896 2316 Martii
922 2263 987 2316 anni
1010 2263 1150 2318 millesimi
1174 2263 1368 2318 sexcentesimi
1392 2269 1506 2332 septua-

326 2367 424 2436 gesimi
445 2367 519 2422 noni.
534 2395 567 2408 -
587 2367 718 2432 Tandem,
738 2368 837 2439 inquit,
856 2379 887 2422 ut
905 2370 940 2423 ab
959 2369 1101 2422 iniuriosis
1123 2371 1344 2424 contentionibus
1368 2370 1506 2434 doctores,

326 2488 376 2526 seu
395 2473 560 2538 scholastici,
579 2483 628 2526 aut
646 2474 699 2526 alii
716 2475 881 2544 quicumque
900 2477 928 2526 in
946 2485 1088 2544 pasterum
1102 2477 1266 2539 abstineant,
1279 2485 1310 2528 ut
1319 2479 1387 2546 paci
1399 2486 1425 2528 et
1440 2477 1506 2528 cha·

326 2582 404 2635 citati
419 2581 589 2647 consulatur,
603 2581 677 2635 idam
692 2582 887 2636 sanctissimus
900 2587 928 2636 in
942 2587 1043 2638 uirtute
1056 2595 1168 2638 sanctae
1181 2585 1353 2638 obedientiae
1366 2588 1408 2639 eis
1417 2602 1505 2654 prae·

326 2689 401 2756 cipit,
419 2697 449 2739 ut
468 2695 523 2739 tarn
543 2691 572 2740 in
592 2687 672 2741 libris
690 2691 886 2758 imprimendis
911 2708 945 2744 ac
963 2691 1169 2760 trtattttscrt'ptt's,
1188 2707 1271 2760 quam
1284 2693 1314 2742 in
1333 2691 1455 2744 thesibus
1472 2707 1506 2742 uc

323 2795 589 2864 praedicationibus,
608 2805 724 2850 caueant
735 2798 769 2850 ab
784 2799 859 2850 omni
871 2814 990 2851 censura
1008 2809 1035 2852 et
1047 2796 1121 2862 nota,
1134 2814 1242 2852 necnon
1254 2816 1274 2851 a
1286 2800 1506 2869 quibuscumque

327 2900 457 2952 conuiciis
476 2910 572 2954 contra
592 2916 639 2953 eas
654 2903 869 2970 propositiones,
881 2917 952 2972 quae
970 2903 1062 2956 adhuc
1081 2903 1156 2956 inter
1174 2903 1323 2956 catholicos
1343 2912 1506 2957 controuer-

326 3015 431 3068 tuntur,
450 3007 538 3060 donec
557 3024 573 3058 a
592 3016 687 3060 sancta
714 3007 785 3061 Sede
806 3009 965 3076 recopnitae
983 3012 1046 3072 sint,
1067 3019 1094 3064 et
1112 3025 1199 3078 super
1217 3012 1257 3062 eis
1277 3010 1413 3062 iudicium
1434 3023 1506 3078 pra·

327 3113 445 3178 seratur.
459 3141 492 3151 -
504 3111 673 3166 cohibeatur
688 3113 782 3184 itaque
796 3131 829 3168 ea
841 3115 1008 3183 scriptorum
1027 3114 1159 3178 licentia;
1180 3114 1227 3185 qui
1246 3124 1278 3168 ut
1296 3115 1390 3168 aiebat
1409 3115 1508 3184 Augu·

326 3218 423 3282 atinus,
443 3217 489 3272 lib.
513 3217 552 3272 ta.
573 3217 659 3282 Cous,
678 3235 737 3288 cap.
757 3219 800 3286 25,
820 3237 845 3274 n.
863 3220 907 3286 34,
926 3223 1089 3275 sententiam
1108 3237 1188 3275 suant
1213 3231 1347 3289 arnasttes,
1366 3239 1422 3276 non
1442 3223 1508 3291 qaia

326 3342 395 3379 vera
414 3335 462 3392 est,
481 3327 532 3380 sed
550 3327 614 3396 quia
633 3343 684 3380 sua
704 3337 752 3394 est,
771 3327 889 3382 aliorum
916 3329 1061 3398 opiniones
1087 3344 1140 3382 non
1166 3329 1247 3384 modo
1271 3329 1440 3398 improbant,
1459 3329 1506 3382 sed

327 3433 504 3490 illiberaliter
523 3436 608 3489 etiam
628 3442 727 3490 notant
750 3442 833 3507 atque
859 3437 1015 3491 traducunt.
1036 3435 1097 3491 Non
1116 3439 1223 3492 feratur
1240 3438 1363 3504 omnine,
1383 3439 1508 3507 privatas

326 3540 480 3594 sententias
499 3540 586 3594 veluti
606 3546 683 3596 certa
701 3558 734 3596 ac
753 3541 867 3596 definite
886 3541 1026 3598 Ecclesiae
1046 3542 1186 3611 dogmata,
1199 3559 1216 3595 a
1228 3543 1358 3614 quopiam
1380 3543 1408 3598 ia
1428 3543 1509 3598 libris

327 3643 447 3710 obtrudi,
466 3645 593 3714 opposita
613 3663 678 3701 vero
696 3647 798 3702 erroris
813 3648 979 3714 insimulari,
989 3665 1043 3720 quo
1055 3651 1153 3704 turbae
1163 3651 1189 3703 in
1202 3649 1328 3705 Ecclesia
1339 3651 1507 3709 excitantur,

328 3747 440 3801 dissidia
459 3749 532 3804 inter
550 3749 678 3806 doctores
700 3757 749 3806 aut
770 3758 900 3808 seruntur
919 3759 968 3808 aut
986 3755 1124 3820 foventur,
1143 3761 1171 3810 et
1190 3757 1340 3810 cristianae
1360 3754 1508 3810 charitatis

329 3851 442 3905 vincula
462 3869 594 3923 persaepe
615 3856 824 3924 abrumpuntur.

417 3963 435 4023 ἓ
455 3959 500 4013 24.
521 3959 673 4030 angelicus
686 3961 843 4018 scholarum
857 3965 993 4035 princeps,
1013 3965 1208 4038 Ecclesiaeque
1227 3967 1323 4021 doctor
1342 3985 1363 4020 a.
1385 3965 1507 4022 Thomas

328 4066 462 4136 Aquinas,
475 4067 539 4121 dum
552 4073 595 4122 tot
609 4071 772 4140 conscripsit
785 4088 925 4143 nunquam
939 4075 1007 4126 satis
1021 4073 1134 4128 laudata
1146 4073 1296 4140 voltrmina,
1309 4075 1403 4128 varias
1416 4091 1509 4131 neces·

328 4174 402 4227 sario
412 4175 526 4229 offendit
537 4175 762 4246 philosophorum
776 4178 1025 4252 theologorumque
1035 4184 1187 4250 opiniones.
1196 4191 1266 4253 quas
1276 4184 1397 4238 veritate
1408 4182 1508 4254 impel-

329 4279 405 4334 lente
428 4281 556 4337 rclellere
581 4283 683 4339 debuit.
705 4285 819 4340 Ceteras
843 4304 908 4342 vero
934 4289 1005 4342 tariti
1030 4288 1151 4343 doctoris
1176 4289 1271 4344 laudes
1293 4289 1321 4344 id
1339 4291 1510 4345 mirabiliter

328 4387 461 4456 cumulat,
481 4390 553 4460 quod
573 4391 792 4450 adversariorum
811 4397 949 4451 neminem
969 4397 1175 4468 parvipendere,
1191 4397 1323 4454 vellicare
1342 4402 1392 4452 ant
1411 4399 1505 4453 tredu-
