3202 5104
259 297 324 364 248
785 317 865 363 enns
891 316 912 361 1.

259 440 357 520 Trid,
384 440 435 504 ubi
460 407 632 525 capitulum
654 441 737 525 quod
761 439 836 504 sede
860 445 997 504 vacante
1022 441 1190 504 Vicarium
1214 438 1432 523 Capitul'enem

259 585 321 630 non
347 567 509 630 constituit
540 571 685 650 tempore
708 571 741 630 et
764 565 856 630 modo
880 566 922 631 ibi
951 567 1175 651 praescriptis.
1201 563 1390 649 prohibetur
1414 583 1434 626 a

259 691 411 756 facultate
429 691 516 756 illum
533 690 747 756 constituendi
764 711 823 774 pro
836 711 875 755 ea
886 693 972 755 vice:
990 691 1072 755 haec
1088 691 1253 774 suspensio
1270 690 1312 755 ab
1324 690 1433 774 efficio

258 820 315 879 est.
343 851 359 863 -
385 814 446 880 Sed
477 815 560 878 haec
591 819 640 879 est
668 817 835 899 suspensio
866 815 1011 899 partialis
1043 814 1085 879 ab
1114 813 1241 898 officim
1268 815 1434 898 suspensio

258 939 338 1006 ferri
363 943 467 1023 potest
489 940 678 1022 simpliciter
702 939 744 1005 ab
761 939 892 1024 officim
914 945 947 1004 et
969 944 1046 1003 tunc
1062 939 1112 1003 his
1130 938 1315 1003 munenibus
1332 939 1431 1002 inten-

258 1064 336 1128 dicit
351 1083 433 1147 quae
449 1063 487 1128 ad
506 1063 756 1129 iurisdictionem
774 1065 904 1149 capituli
929 1067 1109 1148 pe1·tinent;
1133 1064 1266 1133 scilicet,
1285 1062 1436 1148 prohibet

258 1185 431 1269 capitulum
448 1187 615 1268 quominus
632 1187 809 1250 conventus
826 1187 1020 1271 capitulares
1041 1187 1167 1257 hebeat,
1184 1184 1341 1251 beneficia
1362 1205 1435 1248 con-

259 1311 352 1375 serat.
370 1348 387 1356 -
405 1311 436 1375 Si
453 1313 618 1395 suspensio
643 1312 768 1375 senatur
785 1334 806 1374 a
822 1312 945 1378 divinis
970 1312 1031 1377 iste
1046 1312 1195 1397 pencellit
1217 1317 1308 1376 aelus
1328 1309 1435 1375 cultus
1467 1299 1469 1302 ’

258 1431 356 1498 divini
388 1453 469 1516 quae
499 1432 579 1498 fiunt
602 1435 634 1498 in
659 1437 827 1500 communi.
854 1471 871 1483 -
898 1437 1025 1502 Etenim
1057 1436 1221 1521 suspensio
1245 1435 1289 1500 ab
1312 1435 1435 1498 ordine

258 1577 321 1620 non
346 1563 449 1641 potest
473 1559 590 1623 cadere
614 1561 647 1622 in
670 1561 844 1644 capitulum
873 1582 930 1625 seu
953 1561 1141 1646 collegium,
1167 1579 1229 1644 que
1252 1560 1334 1634 tale;
1359 1579 1433 1636 cum

258 1682 301 1746 illi
326 1687 417 1748 actus
441 1703 503 1746 non
528 1681 606 1748 fiant
629 1705 688 1768 pei·
712 1689 809 1748 totam
842 1687 1102 1750 communitatem
1126 1685 1182 1750 sed
1206 1706 1265 1770 pen·
1288 1684 1433 1768 singula-

259 1827 327 1872 rem
352 1826 531 1892 personam.
552 1845 567 1855 ·
587 1809 759 1893 Suspensio
784 1810 910 1875 demum
935 1831 957 1875 a
980 1810 1137 1896 beneficio
1162 1812 1206 1875 itn
1229 1807 1328 1874 afficit
1351 1809 1435 1892 capi-

258 1933 359 1998 tulum
384 1954 438 1997 seu
465 1934 646 2018 collegium,
664 1941 820 2018 quatenus
836 1939 903 2000 tota
918 1937 1129 2001 communitas
1149 1932 1436 2018 aliqnando'habet

259 2054 414 2122 beneficia
437 2057 494 2120 sibi
520 2058 624 2130 unita;
648 2063 680 2122 et
703 2057 742 2122 ab
775 2058 955 2123 huiusmodi
987 2057 1142 2125 beneficio
1167 2060 1358 2142 intelligitur
1380 2081 1435 2122 su·

208 2249 210 2264 ,
258 2202 374 2266 spensa
398 2185 626 2258 communitas;
651 2203 719 2266 arg.
737 2203 811 2266 cap.
833 2185 978 2270 nanque
995 2221 1012 2235 ·
1032 2185 1080 2250 De
1103 2184 1317 2252 electionibus
1339 2185 1376 2248 In
1401 2186 1434 2264 6,

257 2306 298 2389 (Ι.
323 2305 367 2393 6).
393 2307 440 2371 cf.
466 2307 595 2377 Suacen
619 2308 785 2382 XXVIII,
810 2308 844 2378 3,
869 2310 887 2371 1
909 2329 976 2394 seq.

347 2430 518 2514 Suspensio
542 2431 621 2494 ferni
654 2436 758 2516 potest
782 2435 813 2497 in
839 2434 981 2518 singulos
1009 2433 1061 2517 qni
1093 2435 1231 2518 aliquam
1257 2435 1433 2498 communi-

257 2561 354 2619 tatem
378 2560 578 2639 eomponunt·
596 2561 651 2620 aut
673 2558 768 2622 alicui
786 2558 874 2622 clero
891 2558 1008 2623 addicti
1025 2563 1112 2632 sunt;
1138 2560 1235 2624 veluti
1257 2561 1282 2622 si
1299 2577 1434 2642 suspen-

257 2679 375 2743 dantur
391 2699 501 2743 omnes
519 2681 628 2744 clerici
646 2681 780 2746 alicuius
796 2682 949 2754 Civitatis,
963 2684 1044 2748 haec
1061 2686 1226 2769 suspensio
1239 2690 1287 2747 est
1302 2683 1434 2767 propi-ie

256 2823 392 2867 censure
408 2823 490 2887 quae
506 2806 648 2888 singulos
666 2806 884 2884 distributive,
902 2829 964 2872 non
982 2810 1150 2875 collective
1165 2815 1306 2894 sumptos
1323 2806 1431 2872 afficit.

346 2926 476 2989 Demum
501 2930 665 3012 suspensio
689 2928 771 2993 ferni
802 2935 905 3013 potest
929 2932 960 2994 in
985 2931 1084 3014 ipsam
1117 2933 1375 2996 communitatem
1400 2935 1433 2993 et

258 3055 287 3116 in
313 3054 465 3138 singulos,
483 3053 565 3118 adeo
580 3058 615 3118 ut
638 3075 702 3119 non
726 3057 827 3120 solum
851 3059 1060 3142 suspensione
1084 3056 1268 3122 afficientur
1292 3059 1364 3121 iuna
1382 3056 1431 3119 vel

258 3179 411 3241 universa
434 3180 485 3242 vel
511 3180 666 3243 nonnulla
690 3180 803 3263 quibus
827 3182 925 3265 pollet
948 3183 1119 3268 collegium
1148 3183 1202 3247 sed
1234 3184 1329 3246 etiam
1362 3182 1434 3244 iuna

256 3298 309 3362 vel
332 3301 485 3364 universe
508 3302 561 3366 vel
584 3303 740 3367 nonnulle
763 3323 844 3386 queo
868 3307 1003 3390 singulis
1026 3309 1173 3390 personis
1196 3311 1390 3392 competunt.
1414 3341 1431 3353 ·

258 3423 405 3509 Exempli
422 3445 529 3506 causa,
546 3425 628 3490 haec
653 3425 874 3494 decernuntur
898 3451 966 3515 cap.
987 3431 1072 3526 euin
1088 3451 1197 3516 saepe.
1216 3431 1277 3497 40.
1303 3431 1352 3498 Ile
1368 3435 1431 3498 ete-

256 3548 372 3618 ctione,
397 3549 434 3614 in
457 3551 480 3616 6
502 3552 549 3630 (Ι,
576 3551 626 3636 dl:
654 3553 777 3622 «Quia
800 3575 901 3638 saepe
925 3558 1088 3644 contingit
1111 3559 1203 3642 quod
1228 3558 1430 3624 cathedrati-

256 3670 348 3736 bus...
375 3674 530 3739 Ecetesiis
553 3676 767 3749 uocantibus,
796 3679 966 3762 Capitale,
995 3675 1200 3756 conomius,
1229 3683 1378 3768 Cottepta
1402 3689 1432 3748 el

255 3800 447 3886 singulares
470 3803 670 3867 earumdem
691 3824 858 3886 personae
875 3805 963 3874 bona
980 3828 1001 3872 a
1019 3807 1188 3874 Praelatis
1211 3810 1367 3892 ipsarum
1384 3811 1432 3875 di·

255 3925 391 3990 missa...
416 3933 592 4009 occupant,
613 3928 701 3994 inter
724 3948 758 3995 se
782 3931 969 3996 dividunt...
989 3931 1092 3997 Nos...
1110 3935 1325 4000 decernimus
1346 3943 1384 4000 ut
1407 3937 1433 4000 ii

255 4048 314 4131 qui
326 4052 520 4131 praemissa
535 4052 577 4116 ete
593 4059 700 4120 cetera
714 4057 995 4138 praesulanpserit,
1020 4077 1057 4123 eo
1081 4059 1154 4140 ipso
1170 4059 1238 4124 sint
1253 4067 1283 4126 et
1300 4062 1433 4126 tamdiu

254 4180 416 4238 maneant
432 4175 475 4240 ab
488 4175 596 4260 officio
612 4183 644 4241 et
660 4176 826 4264 beneficiis
839 4180 1107 4276 quintanamque
1122 4186 1309 4267 ¹clusinensi...
1324 4192 1385 4250 etc.
1401 4209 1431 4249 s.

256 4293 364 4367 Quane
389 4296 567 4361 huiusmodi
584 4301 751 4384 suspensio
775 4321 839 4365 una
856 4304 949 4368 simul
966 4309 1055 4370 tenet
1071 4313 1104 4372 et
1120 4307 1289 4392 collegium
1307 4315 1340 4372 et
1362 4329 1433 4394 pec·
1491 4349 1494 4360 ·

237 4441 349 4499 ¹sonas
377 4422 519 4507 singulas
544 4423 654 4488 iisdem
680 4424 833 4491 eildictas.
