3290 5100
298 303 366 370 460
817 329 901 376 rins
925 329 947 375 1.

388 449 435 514 De
464 450 616 518 limitibus
646 455 798 538 appositis
821 454 971 519 licentiae
1002 454 1131 540 legendi
1161 455 1262 520 libros
1288 455 1482 542 prohibitos,

298 574 409 640 habita
423 576 550 642 ratione
566 581 731 663 potestatis
748 579 929 664 Superioris
947 581 1041 645 istam
1057 580 1273 657 concedentis,
1290 581 1373 647 haec
1389 587 1486 648 notat

298 700 339 765 cl.
359 700 545 766 Pennacchi
562 702 582 766 l.
600 723 626 768 c.
640 720 678 785 p.
694 703 779 768 169:
805 725 822 766 «
839 702 910 778 Qua
933 702 973 769 de
988 722 1086 769 causa
1102 706 1124 769 ii
1140 706 1194 788 qui
1209 705 1262 770 vel
1283 725 1304 770 a
1320 707 1486 792 Suprema

299 826 509 910 inquisitione
521 825 573 890 vel
589 845 608 890 a
625 826 655 890 S.
673 825 793 891 Indicis
810 827 1069 914 congregatione
1083 835 1298 915 opportunam
1314 829 1484 896 licentiam

297 951 464 1015 consecuti
488 955 562 1014 sunt
585 969 624 1014 ea
648 956 779 1034 possunt
802 951 935 1016 ubilibet
958 954 1020 1027 uti;
1045 955 1099 1036 qui
1122 972 1193 1018 eam
1216 973 1237 1018 a
1260 955 1291 1020 S.
1315 954 1415 1040 Cong.
1441 954 1486 1019 de

299 1076 396 1160 Prcp.
422 1075 458 1140 F.
475 1076 692 1150 obtinuerunt,
713 1075 868 1143 adhibere
892 1078 980 1143 illam
1004 1085 1156 1164 poterunt
1172 1081 1205 1145 in
1229 1080 1376 1146 omnibns
1399 1082 1485 1147 locis

298 1201 327 1264 ei
344 1200 505 1280 subiectis,
522 1203 549 1265 si
565 1200 684 1285 absque
708 1202 774 1266 ulla
796 1204 953 1268 territorii
977 1203 1167 1269 limitatione
1191 1225 1347 1270 concessa
1367 1204 1483 1279 fuerin

297 1325 324 1389 si
347 1343 427 1391 vero
451 1345 524 1390 cum
546 1325 737 1391 limitatione
760 1325 800 1390 ad
823 1327 963 1411 aliquem
990 1328 1205 1410 Vicariatum,
1230 1348 1377 1414 regnum,
1403 1347 1484 1415 pre·

297 1451 446 1530 vinciam,
464 1451 495 1515 in
520 1451 558 1515 iis
581 1450 801 1516 tantummodo
825 1451 904 1516 locis
920 1451 960 1516 ad
977 1471 1059 1536 qnae
1075 1451 1213 1520 facultas
1229 1455 1383 1519 restricta
1397 1453 1484 1538 legi·

297 1581 363 1642 tur.
387 1577 449 1652 Qui
472 1597 551 1642 vero
575 1599 595 1642 a
618 1577 649 1644 S.
672 1576 788 1642 Palatii
813 1574 982 1663 Magistro,
1006 1579 1039 1642 in
1064 1577 1151 1644 Urbe
1175 1585 1207 1643 et
1230 1579 1299 1642 eius
1324 1579 1483 1644 Districtu

299 1706 432 1782 tantum,
457 1721 521 1766 non
546 1708 695 1766 extra».
724 1700 787 1768 Sed
818 1703 934 1786 opinor
963 1721 1026 1766 non
1052 1721 1123 1766 esse
1153 1722 1265 1767 veram
1296 1702 1484 1768 huiusmodi

298 1827 478 1892 doctrinam
502 1828 576 1910 qnia
600 1825 794 1911 dispensatio
817 1831 866 1892 est
888 1825 928 1890 ad
946 1827 1048 1892 instar
1067 1827 1243 1913 privilegii
1261 1827 1484 1910 personalis5

298 1954 518 2038 privilegiatus
542 1972 621 2018 vero
645 1971 702 2018 suo
731 1953 904 2038 privilegio
936 1954 981 2017 uti
1012 1959 1118 2039 potest
1148 1959 1244 2018 extra
1274 1955 1482 2020 territorium

299 2077 481 2163 Superioris
497 2077 712 2143 concedentis.
731 2076 778 2142 Oi.
797 2077 976 2162 Schmalzg
991 2079 1033 2151 V,
1051 2077 1104 2150 33,
1120 2099 1154 2144 n.
1170 2079 1226 2142 111
1232 2099 1246 2161 ;
1262 2077 1345 2143 idem
1360 2080 1484 2146 Ductor

297 2201 361 2266 hoc
391 2201 582 2285 principium
612 2199 753 2285 applicat
783 2221 816 2264 n.
841 2197 903 2266 113
929 2217 996 2285 seq.
1031 2198 1320 2284 dispensationibus
1350 2200 1485 2286 legendi

297 2324 398 2389 libros
429 2323 615 2408 prohibitos.
642 2324 722 2388 ltem
747 2323 986 2396 Vermeersch‚
1016 2304 1211 2405 p.115.1n
1242 2325 1338 2408 praxi
1365 2327 1482 2410 procul

297 2447 392 2514 dubio
427 2448 489 2512 hac
520 2449 680 2512 sententia
715 2449 760 2513 uti
795 2468 962 2532 possumus
995 2451 1074 2514 tute.
1106 2445 1237 2513 Etenim
1273 2449 1484 2514 limitationes

298 2576 420 2659 positae
447 2575 480 2639 in
501 2574 651 2645 articulo,
677 2574 716 2639 de
741 2573 840 2658 Cong.
865 2571 971 2655 Prop.
996 2573 1070 2638 [rial.
1096 2575 1131 2639 ut
1157 2571 1240 2637 haec
1271 2572 1436 2658 dispenset
1461 2609 1481 2622 ·

294 2715 362 2779 pro
382 2695 579 2782 regionibus
601 2694 665 2761 sibi
684 2694 839 2761 subiectis
857 2700 924 2759 -et
947 2694 986 2759 de
1006 2694 1164 2780 Magistro
1185 2695 1217 2760 S.
1235 2692 1273 2757 P.
1290 2695 1481 2781 Apostolici,

297 2840 414 2906 nempe
436 2855 453 2869 ·
470 2839 538 2903 pro
557 2820 644 2887 Urbe
660 2827 791 2884 tantum
809 2855 827 2868 -
854 2820 1030 2904 respiciunt
1045 2819 1248 2884 territorium
1265 2820 1298 2882 in
1314 2793 1381 2904 quo*
1399 2838 1483 2886 con·

298 2943 468 3010 radendae
491 2949 565 3008 sunt
588 2942 850 3027 dispensationes.
886 2957 891 2968 ·
962 2976 967 2984 ·

388 3070 493 3134 Etiam
522 3069 671 3152 Episcopi
702 3073 855 3132 tenentur
885 3065 1102 3153 prohibitione
1132 3066 1313 3152 pontificia,
1341 3073 1481 3154 excepto

299 3211 376 3258 casu
399 3212 461 3277 quo
480 3191 591 3276 legant
607 3190 705 3255 veluti
727 3192 885 3258 Censores
907 3191 949 3256 ad
969 3187 1118 3256 effectum
1137 3190 1331 3276 prohibendi
1346 3190 1477 3270 librum,

299 3317 326 3382 si
350 3335 444 3382 casus
467 3315 563 3381 ierat.

389 3440 500 3516 Quoad
516 3441 675 3506 clausulas
691 3439 763 3505 addi
781 3441 890 3508 solitas
910 3436 1208 3526 dispensationibus,
1226 3440 1326 3505 veluti
1345 3474 1362 3488 ·
1380 3459 1479 3506 cace-

296 3569 366 3650 ptis
396 3566 491 3634 libris
514 3585 559 3632 en
585 3565 743 3649 professo
775 3570 894 3632 contra
920 3565 1120 3651 religionem
1152 3563 1329 3650 agentibus
1353 3599 1372 3612 -
1397 3564 1481 3630 haec

299 3691 444 3757 clausula
467 3689 666 3774 intelligatur
698 3691 788 3754 iuxta
812 3709 910 3772 supra
933 3688 1034 3763 dicta;
1059 3689 1111 3753 vel
1131 3689 1195 3753 alia
1212 3724 1230 3736 -
1254 3688 1301 3754 ad
1324 3689 1481 3771 effectum

300 3835 356 3882 eos
379 3815 617 3900 impugnandi,
637 3849 654 3861 -
680 3811 840 3898 significat
863 3832 993 3878 causam
1016 3812 1236 3894 impulsivam
1259 3810 1325 3892 sed,
1349 3831 1411 3896 per
1435 3831 1481 3884 se,

299 3940 493 4027 dispensatio
522 3939 629 4025 legem
653 3939 822 4024 derogavit
846 3939 970 4022 etquis
993 3937 1107 4023 legere
1130 3935 1359 4021 potestlibros
1383 3937 1482 4002 etiarn

299 4065 339 4130 ad
362 4065 460 4131 alium
483 4061 643 4136 effectum,
668 4067 743 4149 puta
767 4061 940 4129 recreandi
963 4063 1072 4134 animi,
1097 4049 1228 4127 secluso*
1244 4061 1412 4144 petriculo.

389 4191 465 4256 380.
490 4194 574 4256 Aar.
603 4190 663 4256 25:
692 4190 886 4273 «Episcopi
909 4187 1037 4273 aliique
1064 4185 1217 4254 Praelati
1246 4185 1483 4253 iurisdictione

298 4314 398 4398 qnasi
428 4313 613 4397 episcopali
635 4313 811 4395 pollentes,
832 4331 897 4395 pro
927 4308 1161 4396 singularibus
1193 4307 1289 4374 libris
1317 4313 1422 4392 alque
1444 4309 1483 4372 in

299 4438 433 4505 casibus
448 4443 579 4504 tanturn
594 4437 793 4523 urgentibus
817 4435 986 4502 licentiam
1010 4434 1195 4502 concedere
1217 4434 1364 4500 caleant.
1385 4432 1484 4504 Quod
