3290 5100
319 304 385 370 478
837 322 925 370 esus
948 323 970 370 1.

408 446 484 512 409.
509 447 595 514 Aur.
613 446 674 512 42:
702 465 719 510 σε
738 446 809 511 Viri
832 465 851 512 e
874 448 964 514 clero
980 445 1150 513 saeculari
1170 465 1215 511 ue
1229 444 1334 512 libros
1349 443 1498 530 quidem

315 572 378 657 qui
400 571 443 638 de
466 571 599 638 ortibus
621 571 835 656 scientiisque
858 589 953 638 mere
974 569 1193 636 naturatibus
1211 575 1369 650 tractant,
1386 569 1501 634 incon·

315 696 415 763 sultis
435 697 507 763 suis
533 691 737 770 Ordinoriis
765 695 941 780 publicent
966 702 1004 764 ut
1034 695 1246 780 obsequentis
1276 693 1387 760 animi
1417 713 1502 780 erqo

315 819 394 886 ittos
417 801 616 904 cuempiam
636 820 834 904 praebcant.

410 969 427 1000 s
446 945 557 1010 iidem
575 943 802 1028 prohibentur
825 943 1019 1029 quominus,
1044 942 1174 1028 absque
1192 943 1338 1026 praeuia
1356 941 1502 1008 Ordina-

316 1069 452 1135 riorum
475 1069 576 1135 venia
599 1069 716 1135 diaria
745 1071 797 1136 oet
826 1069 913 1153 folia
935 1068 1117 1152 periodica
1147 1068 1364 1136 moderanda
1395 1067 1501 1134 senci-

314 1187 416 1272 piout
433 1209 463 1253 i.

408 1314 483 1380 410.
508 1313 614 1387 Modo.
639 1317 686 1380 uti
709 1318 943 1401 proposuimus,
961 1315 1170 1402 interpretari
1187 1313 1337 1380 debemus
1361 1313 1467 1379 verba
1484 1349 1502 1362 ·

316 1457 436 1506 omnes
457 1439 573 1526 fideles
596 1475 614 1489 -
638 1441 769 1506 articuli
791 1441 1027 1526 praecedentis.
1045 1477 1060 1489 -
1076 1441 1122 1506 cl.
1137 1441 1291 1512 Genuari,
1308 1457 1344 1522 p.
1366 1438 1417 1504 85
1433 1439 1503 1524 opi-

318 1570 416 1629 natur
438 1563 571 1630 decreto
587 1565 700 1650 attingi
720 1601 737 1615 -
755 1585 872 1632 omues
886 1567 1002 1652 fideles
1020 1600 1037 1614 -
1055 1563 1096 1629 ad
1112 1566 1273 1632 tramitem
1292 1564 1429 1629 Consilii
1445 1563 1503 1627 La·

315 1693 422 1754 terun.
438 1691 470 1757 V
485 1688 529 1775 (a.
546 1691 634 1758 1515
648 1675 710 1758 sub
726 1693 840 1759 Leone
854 1693 888 1758 X
884 1691 900 1780 )
917 1693 970 1758 ubi
986 1694 1107 1757 iussum
1123 1692 1184 1757 fuit
1202 1691 1359 1758 ‹Nuitus
1373 1689 1503 1756 tibrum

317 1813 468 1897 aliquem
491 1820 523 1880 et
545 1815 653 1881 oliam
676 1835 929 1901 quamcumque
950 1817 1160 1899 scripturam
1180 1834 1377 1882 ruramnnn
1396 1833 1503 1896 proe-

316 1945 432 2005 sumat
447 1959 485 2015 »ς
502 1959 567 2004 non
590 1961 684 2006 secus
700 1962 740 2006 ac
756 1941 893 2007 edicitur
909 1943 943 2006 in
959 1942 1041 2027 Reg.
1059 1942 1091 2007 X
1109 1940 1246 2016 Indicis;
1272 1939 1356 2005 unde
1372 1939 1505 2007 deducit

317 2064 381 2129 hec
404 2064 477 2150 lege
500 2067 605 2130 teneri
628 2085 693 2130 non
724 2067 810 2151 ipsos
834 2072 989 2134 auctores
1013 2065 1069 2131 sed
1091 2066 1251 2131 librorum
1274 2065 1422 2131 editores
1445 2085 1504 2130 sen

315 2189 560 2276 typoqruplros,
585 2191 646 2255 nisi
673 2193 742 2277 ipse
771 2197 892 2257 auctor
927 2191 1051 2256 directe
1086 2197 1182 2256 curet
1212 2190 1384 2255 editionem
1414 2189 1503 2254 libri.

318 2315 527 2400 Exceptionis
558 2316 661 2380 instar
692 2322 851 2383 memorat
873 2317 1056 2382 articulum
1082 2314 1131 2382 37
1154 2314 1196 2381 ob
1223 2335 1319 2400 quem
1342 2319 1506 2382 auctores

318 2439 440 2504 Romae
457 2439 611 2525 degentes
627 2441 756 2504 veniam
780 2440 927 2505 obtinere
943 2439 1062 2504 debent
1075 2438 1194 2528 edendi
1217 2459 1237 2503 a
1260 2438 1356 2504 Card.
1374 2439 1452 2504 Vic.
1471 2445 1507 2504 et

312 2585 337 2628 a
353 2565 440 2651 Mag.
458 2565 488 2631 S.
506 2563 544 2629 P.
559 2601 576 2613 -
594 2565 676 2631 Item
699 2566 800 2631 sentit
824 2565 917 2631 Giolli
940 2585 994 2649 op·
1011 2565 1064 2632 cit.
1080 2583 1165 2651 paq.
1184 2565 1235 2629 71.
1253 2565 1337 2629 -Ex
1361 2563 1505 2629 adverso

317 2689 357 2753 cl.
376 2689 573 2762 Pennacchi‚
593 2707 631 2772 p.
649 2688 735 2771 223,
752 2694 907 2763 autumat,
928 2689 1017 2755 hunc
1037 2689 1210 2754 articulum
1230 2689 1392 2775 attingere
1414 2689 1506 2773 ipsos

312 2817 475 2887 auctores,
500 2833 557 2878 seu
581 2832 700 2880 omues
721 2814 837 2894 fideles
859 2813 978 2879 librum
1010 2815 1044 2880 in
1071 2814 1177 2879 lucem
1208 2813 1308 2878 edere
1336 2813 1505 2888 volentess

318 2944 351 3004 et
374 2938 501 3005 deducit
523 2925 567 3004 ex
590 2938 643 3005 cit.
669 2943 733 3004 ort.
755 2937 813 3014 37,
839 2959 882 3004 ex
906 2945 971 3005 art.
990 2937 1040 3004 30
1063 2938 1117 3004 ubi
1141 2943 1297 3005 auctores
1317 2938 1506 3022 Regulares

311 3060 470 3130 iubentur
492 3067 525 3130 et
547 3063 674 3148 proprii
695 3061 877 3148 Superioris
904 3067 937 3128 et
967 3063 1120 3147 Episcopi
1142 3062 1308 3127 licentiam
1330 3066 1446 3148 petere
1469 3065 1508 3128 et

316 3187 457 3251 maxime
473 3207 516 3252 ex
532 3191 596 3252 ort.
614 3187 664 3251 40
680 3186 732 3252 ubi
749 3189 948 3272 praecipitur
965 3185 1159 3260 Ordinariis‚
1176 3185 1321 3252 absoluto
1337 3187 1505 3267 examine,

311 3311 343 3376 si
368 3311 449 3375 nihil
472 3310 586 3384 obstet,
612 3310 807 3377 auctoribus
822 3310 986 3377 licentiam
1010 3310 1099 3376 dare.
1118 3311 1198 3375 -Et
1219 3311 1296 3375 hnic
1319 3311 1505 3375 sententiae

313 3435 531 3502 adhaeremus
554 3435 609 3500 sed
633 3435 841 3517 arbitramur,
866 3455 904 3500 re
927 3436 1070 3501 intimius
1096 3441 1278 3522 perspecta,
1303 3434 1506 3502 discordiam

316 3561 420 3646 magis
436 3559 664 3626 consisterem
681 3561 803 3625 cortice
818 3559 1006 3632 verborum.
1033 3560 1169 3626 Interim
1185 3559 1385 3626 advertimus
1408 3580 1507 3646 prae

314 3805 457 3859 sententia
474 3804 647 3874 qeneratiter
665 3820 732 3858 sane
751 3819 806 3858 non
826 3803 1037 3872 adprobanda,
1056 3802 1152 3858 sedin
1172 3819 1291 3872 persona
1312 3805 1506 3860 moderatoris

311 3911 403 3965 diarii
420 3913 469 3964 aut
488 3911 574 3965 etism
592 3911 663 3965 certi
681 3913 836 3966 redemeris
849 3910 1011 3982 aliqualiter
1024 3893 1053 3966 et
1071 3911 1103 3966 in
1120 3909 1236 3981 speciali
1254 3926 1332 3977 cusu,
1345 3911 1506 3965 auctoritas

312 4017 415 4073 eccles.
437 4023 529 4088 potest
548 4034 682 4087 reponere
701 4035 801 4072 munus
819 4019 941 4074 censoris
960 4019 1042 4090 eique
1062 4018 1144 4089 plane
1169 4017 1316 4073 confidere.
1336 4047 1352 4058 -
1373 4016 1414 4073 De
1433 4034 1506 4073 con-

310 4125 463 4180 suetudine
481 4142 564 4196 quam
583 4125 706 4195 explicat
723 4125 848 4190 Genium,
862 4125 1035 4192 advertatur,
1048 4125 1121 4197 quod
1140 4123 1222 4180 hodie
1241 4129 1270 4179 et
1288 4128 1346 4178 tem
1366 4123 1426 4178 cito
1445 4140 1504 4179 nou

315 4229 408 4284 facilis
420 4230 497 4284 locus
509 4230 652 4284 faciendus
664 4234 707 4285 est
720 4231 912 4285 consuetudini
926 4232 1085 4286 contrariae
1099 4229 1192 4285 Consi.
1209 4228 1380 4301 Officiorum.
1394 4229 1504 4284 Veram

317 4336 422 4406 recepti
441 4351 531 4390 mores
557 4341 671 4406 possunt
693 4335 834 4407 explicere
852 4341 882 4392 et
900 4337 1069 4406 significare,
1088 4352 1226 4408 quaenam
1247 4336 1277 4390 in
1298 4333 1412 4404 singulo
1437 4333 1504 4390 loco

311 4439 373 4494 sint
385 4440 490 4512 scripta
509 4443 538 4495 in
557 4444 656 4512 quibus
669 4443 817 4514 reliqianis
835 4454 861 4497 et
879 4460 992 4498 morum
1005 4435 1155 4497 honestatis
1167 4456 1359 4498 erncrsnrrnn
1379 4441 1502 4496 intersit.
