3312 5112
296 257 339 318 rt
824 273 910 320 raus
932 273 956 319 1.

381 397 436 462 2¹9.
459 399 503 462 ‚tt
525 417 624 482 quum
647 397 743 462 homo
765 399 800 461 in
822 397 970 481 perlecta
996 404 1103 462 aetate
1126 396 1317 462 natur-aliter
1338 395 1470 462 soranis

292 532 341 588 eet
364 523 492 608 plenam
515 544 645 588 euamm
670 524 860 587 facultatum
884 524 1111 587 evolutionem.
1134 529 1276 589 attamen
1298 521 1470 606 aliquando

291 647 381 712 ratio
403 667 473 712 nrm
497 645 761 712 laberemini
785 649 950 712 iudiciuin
974 649 1031 730 (ex
1055 649 1092 712 D.
1108 649 1221 713 Thena
1233 647 1269 720 2,
1284 647 1398 722 2-154,
1422 647 1469 729 5),

292 741 366 858 tinia
389 776 522 839 reti-nis
545 795 621 840 urus
643 777 851 860 intercipitur
874 776 927 839 rel
952 775 1171 841 unammiter
1192 774 1309 838 relati
1331 773 1471 858 αὶίφιοά

294 905 434 981 inopus.
459 934 477 948 -
504 900 713 984 intercipitur
742 899 954 966 habitualiter
977 901 1011 962 in
1034 905 1170 965 umente
1191 919 1248 964 seu
1280 899 1312 962 in
1337 897 1469 980 [mineo

294 1025 348 1106 cini
371 1025 488 1087 nullior
511 1026 559 1088 rei
583 1043 695 1088 sanam
719 1023 816 1088 habet
843 1027 1062 1108 cognitionem
1085 1029 1118 1088 et
1140 1025 1377 1108 appetitionem
1394 1021 1468 1085 item

295 1153 328 1214 in
342 1149 495 1214 detinente
509 1169 567 1214 seu
581 1153 615 1214 in
630 1151 900 1216 monomnninco.
917 1153 972 1234 qui
986 1157 1105 1228 tamen
1119 1152 1164 1213 uti
1176 1149 1364 1214 vocabulum
1376 1149 1470 1234 signi-

295 1271 371 1338 timi
394 1293 455 1335 non
480 1272 582 1356 quiesi
607 1275 715 1338 omnia
737 1275 853 1338 insanit
870 1275 926 1340 sed
942 1281 1066 1339 tantum
1089 1274 1194 1357 quted
1217 1277 1340 1339 certum
1361 1291 1469 1336 rerum

296 1413 398 1480 genus
409 1395 437 1457 (Ι
450 1426 466 1457 ι.
481 1397 614 1478 inquam
629 1432 647 1445 -
665 1399 870 1481 intercipitur
887 1397 1105 1463 habitantia·
1116 1433 1136 1445 -
1148 1396 1304 1480 siquidem
1316 1401 1349 1462 et
1360 1414 1470 1460 amens

296 1523 329 1582 et
351 1517 483 1582 deluens
513 1519 631 1586 halent
658 1521 774 1587 lucida
805 1523 996 1602 inter-rullo,
1020 1523 1135 1606 quibus
1156 1521 1288 1586 morbus
1318 1521 1471 1584 intermit-

296 1643 375 1706 titur
390 1654 422 1706 et
437 1649 541 1706 cesrat
558 1644 673 1706 mentis
696 1645 832 1706 insania.
850 1644 899 1707 Cf.
916 1644 1072 1708 Sancbez.
1086 1642 1137 1708 De
1152 1643 1235 1706 ilat.
1252 1641 1307 1707 tib.
1324 1642 1351 1713 Ι,
1374 1640 1470 1706 8-22.

385 1769 534 1833 larnrero
548 1771 622 1852 quia
644 1769 736 1833 dutus
753 1791 815 1834 non
832 1772 1014 1855 concipitur
1028 1771 1099 1834 sine
1112 1771 1230 1834 mentis
1244 1787 1323 1832 sano
1345 1767 1469 1838 iudicio,

296 1891 372 1958 hinc
386 1913 498 1957 amens
513 1901 545 1956 et
560 1893 692 1958 demens
707 1893 913 1977 delinquendi
933 1900 1008 1958 sunt
1032 1897 1220 1978 incapacem
1243 1912 1354 1957 amens
1368 1890 1470 1974 quoad

296 2015 529 2100 qualecumque
550 2015 719 2088 obiectum.
744 2017 877 2081 demens
899 2017 1005 2100 quoad
1031 2037 1102 2080 rem
1125 2017 1159 2080 in
1182 2035 1277 2098 quam
1301 2017 1426 2084 insanit
1443 2015 1470 2078 si

296 2139 403 2204 lucida
426 2144 570 2228 excipiar
585 2144 759 2207 intervalla
774 2144 832 2228 (¹2).
850 2143 913 2209 Sed
929 2145 1085 2227 quandiu,
1100 2162 1143 2205 an
1159 2144 1230 2226 quis
1244 2161 1342 2206 sanae
1358 2141 1473 2204 ruentis

385 2373 426 2442 (1)
447 2374 618 2429 D'Annibale
637 2375 669 2444 (l.
687 2375 731 2442 31,
746 2394 773 2428 n.
797 2376 839 2442 18)
864 2377 966 2430 refert:
984 2375 1131 2435 «Quidam
1149 2373 1274 2428 hodierni
1293 2367 1473 2442 psycbiatrici

296 2478 452 2533 dementiae
470 2483 499 2534 et
524 2483 663 2535 amentiae
687 2481 811 2536 eamdem
838 2483 894 2534 rim
913 2497 974 2534 esse
993 2479 1172 2542 contendunt,
1197 2479 1252 2531 rati
1273 2493 1412 2546 nunquam
1438 2491 1474 2530 ex

298 2591 377 2655 parte
395 2586 539 2640 dumtaxat
558 2587 630 2642 laedi
649 2605 784 2658 organum
805 2589 918 2641 virtutis
936 2589 1149 2657 imaginativae.
1167 2585 1244 2647 Quod
1263 2587 1286 2640 si
1308 2600 1402 2639 reruni
1421 2589 1472 2649 aet,

298 2709 392 2746 ameni
411 2693 480 2747 nibil
500 2697 560 2764 agit
580 2712 630 2750 nee
649 2698 797 2752 momentis
815 2687 917 2766 'cluibus
935 2697 1016 2765 sapit
1037 2694 1179 2764 Amplius:
1200 2693 1248 2748 alii
1268 2709 1319 2747 nee
1337 2691 1475 2761 ignobiles

298 2815 348 2854 nef:
362 2801 509 2870 irreligiosi
525 2819 622 2856 noram
636 2804 802 2859 detexerunt
820 2805 1014 2858 monomaniae
1026 2805 1155 2872 speciem,
1167 2819 1239 2872 quae
1252 2803 1280 2855 in
1292 2801 1474 2866 voluntatem,

297 2919 359 2956 cum
379 2907 482 2974 primia,
504 2907 559 2960 imo
579 2913 608 2960 ut
629 2908 756 2962 nonnulli
776 2927 810 2963 ex
831 2909 872 2962 eis
891 2915 1001 2978 putant,
1019 2908 1174 2970 dumtaxat,
1193 2907 1249 2960 vim
1268 2905 1357 2959 exerit
1381 2915 1477 2964 suam3

297 3027 380 3081 qnam
392 3013 459 3082 ‘pria
471 3013 555 3066 animi
575 3014 779 3082 aegritudinum
799 3017 882 3084 parit,
897 3017 1078 3084 lipemnniem
1092 3019 1200 3068 uocant
1215 3013 1297 3080 Haec,
1307 3015 1399 3064 mente
1414 3010 1476 3079 qni·

296 3117 358 3170 deni
373 3119 569 3188 integrandae
583 3119 755 3175 voluntatem
768 3126 894 3186 enervat,
907 3121 1037 3175 debilitat
1051 3125 1082 3174 nt
1095 3137 1165 3191 pene
1181 3123 1292 3184 enecet,·
1304 3135 1367 3172 nam
1381 3117 1427 3188 qui
1441 3131 1475 3169 ea

299 3223 407 3278 laborat
421 3243 472 3280 noo
489 3233 579 3296 potest
593 3229 619 3282 id
630 3229 702 3298 qnod
716 3229 776 3283 vult
790 3229 874 3297 nolle,
888 3237 937 3284 ant
951 3231 976 3282 id
988 3231 1061 3285 velle
1074 3231 1146 3302 quod
1161 3245 1215 3283 non
1228 3228 1298 3294 vult,
1311 3229 1377 3282 lieet
1391 3229 1475 3297 probe

298 3328 438 3398 intelligat
457 3347 486 3386 ne
506 3349 563 3386 rem
583 3335 694 3386 noxiam
713 3333 757 3388 vel
776 3332 904 3387 illicitam
924 3335 1024 3387 facere.
1043 3332 1165 3394 Quorum
1185 3333 1303 3402 primum
1318 3332 1402 3384 salvis
1414 3345 1476 3384 mo·

300 3435 383 3502 ribua,
403 3438 457 3504 vix,
480 3439 599 3494 alterum
619 3441 699 3494 salva
717 3441 771 3496 fide
786 3459 819 3495 ue
833 3443 878 3495 vix
898 3443 1008 3512 quidem
1028 3442 1137 3495 admitti
1157 3457 1236 3512 posse
1252 3441 1367 3495 ridetur.
1387 3439 1475 3494 Nolo·

299 3559 359 3594 rnnn
377 3547 479 3599 obduci
495 3547 627 3599 doctrinis
641 3549 727 3600 coriis
745 3559 771 3602 et
788 3549 947 3618 parem-inis
961 3564 985 3604 i».
1005 3579 1021 3588 -
1042 3548 1081 3602 De
1100 3547 1152 3602 boc
1171 3547 1361 3602 commentitio
1380 3546 1476 3598 morbo

300 3651 470 3706 volontatem
488 3655 635 3722 afficiente,
655 3657 786 3710 incolumi
807 3656 964 3722 intellectu,
982 3656 1124 3726 appellato
1142 3657 1227 3710 etiam
1246 3657 1342 3710 aeolia
1354 3654 1397 3709 vel
1410 3671 1476 3707 nne·

300 3761 398 3827 nerpic
411 3759 528 3824 diruerit,
538 3761 602 3814 data
614 3778 707 3832 opera,
720 3763 811 3830 utnon,
826 3764 881 3816 Les
894 3763 1031 3817 nimicitias
1044 3767 1081 3818 ite
1095 3763 1124 3816 lu
1136 3761 1255 3816 volenti.
1266 3761 1318 3816 Sed
1331 3761 1477 3814 enaritate

300 3869 406 3920 remota
424 3870 467 3918 est
484 3883 567 3936 quam
587 3867 746 3937 longissime
765 3869 834 3924 haec
853 3869 1079 3939 sententiaquin
1098 3867 1165 3922 mali
1184 3865 1296 3922 habitus
1314 3872 1344 3920 et
1359 3879 1477 3935 praepo·

300 3969 391 4024 tentia
409 3969 590 4038 cupiditatum
610 3973 737 4027 inliciunt
756 3961 929 4028 volontatem
948 3973 994 4028 vel
1019 3973 1160 4028 obsistunt
1185 3973 1244 4028 eius
1269 3975 1346 4026 recto
1376 3969 1477 4033 corani,

300 4077 347 4132 aed
366 4077 429 4132 inde
448 4085 526 4132 actua
544 4085 608 4134 aunt
627 4081 693 4136 mali
713 4087 742 4136 et
761 4097 871 4151 prorsus
896 4081 1076 4150 impotabiles
1095 4082 1128 4135 ad
1154 4097 1280 4151 poenam,
1298 4079 1390 4150 prouti
1409 4093 1477 4132 cou-

301 4181 388 4236 ieanua
406 4187 449 4237 ent
468 4183 526 4252 ipse
545 4183 658 4239 Ovidius
676 4185 828 4242 «video
846 4187 963 4242 meliora
982 4190 1132 4258 proboque,
1151 4185 1291 4241 deteriora
1309 4200 1417 4254 sequor.

373 4285 411 4346 (a,
430 4285 525 4347 Quoad
544 4289 765 4343 aestimationem
790 4291 878 4344 lucidi
897 4291 1046 4343 interualli
1063 4289 1202 4344 discordes
1220 4289 1334 4344 luerunt
1351 4289 1475 4350 veterea;

303 4391 376 4446 inter
404 4407 433 4448 ee
457 4391 634 4462 disputarunt
659 4392 822 4464 techinam,
854 4395 1067 4451 Controversiae
1093 4397 1164 4450 iniis
1183 4395 1253 4462 (Lib.
1275 4395 1301 4462 9,
1321 4411 1380 4464 cap.
1398 4393 1430 4462 3)
1448 4397 1479 4448 et
