3302 5100
305 277 372 343 578
765 295 973 344 nunnonruu
995 295 1030 344 v.

304 417 400 482 rimus,
418 419 503 472 robur
522 418 622 472 exinde
647 417 788 482 habeant;
814 417 898 472 simul
924 418 1108 478 declarantes.
1128 419 1239 474 easdem
1265 435 1319 474 non
1346 420 1430 474 modo
1453 437 1488 474 ex

303 524 431 576 velerum
455 538 593 578 canonum
619 522 798 588 auctoritate,
823 527 964 593 qnatenus
989 539 1051 578 cum
1071 521 1124 576 hec
1150 523 1254 578 Nostra
1279 523 1488 580 Constitutione

305 629 483 694 conveniunt,
502 645 599 685 verum
618 627 704 684 etiam
723 645 758 684 ex
776 627 830 682 hec
849 629 908 699 ipsa
927 629 1137 685 Constitutione
1149 629 1262 695 Nostra,
1280 647 1336 684 non
1356 648 1439 686 secus
1458 649 1490 686 ac

304 734 327 787 si
346 736 466 804 primum
485 735 576 791 editae
595 737 630 790 ab
650 751 684 790 ea
704 735 816 802 luerint,
836 737 892 790 vim
911 751 990 790 susm
1010 752 1123 806 prorsus
1141 738 1269 808 accipere
1287 737 1399 794 debere.

582 1036 894 1077 ROOMUUNIOATIONBS
912 1037 1005 1077 ῑιΔΤΑΕ
1025 1036 1207 1078 sancturus

520 1147 652 1188 SPlOlALl
671 1147 747 1186 MODO
766 1145 884 1186 ROlssllO
903 1145 1048 1186 Pourlrrct
1066 1146 1266 1187 RESBRVATAB.

392 1379 489 1450 ltaque
517 1377 797 1432 excommunicationi
825 1374 901 1432 latae
928 1376 1086 1432 sententiae
1112 1376 1228 1447 speciali
1253 1377 1335 1432 modo
1361 1378 1490 1432 Romano

304 1485 433 1542 Pontifici
453 1487 611 1540 reservatae
630 1483 775 1538 subiacere
793 1482 982 1538 declaramus:

394 1591 413 1646 l.
432 1591 534 1645 Omnes
553 1607 570 1643 e
588 1588 741 1644 christiana
766 1588 820 1644 fide
839 1593 990 1658 apostatas,
1010 1594 1038 1642 et
1056 1605 1152 1644 omnes
1178 1607 1210 1644 ac
1235 1589 1363 1660 singulos
1389 1589 1491 1644 haere·

303 1701 382 1764 ticos,
405 1714 580 1771 quocumque
604 1696 717 1751 nomine
741 1701 918 1762 censeantur,
937 1700 966 1752 et
991 1697 1191 1769 cuiuscumque
1216 1703 1312 1752 sectae
1337 1698 1488 1762 exsistant,

302 1801 398 1869 eisque
416 1797 569 1862 credentes,
589 1812 741 1868 eorumque
760 1801 927 1866 receptores,
946 1796 1078 1864 fautores,
1098 1813 1131 1850 ac
1150 1797 1324 1866 generaliter
1345 1798 1490 1870 quoslibet

302 1906 415 1962 illorum
434 1905 602 1960 defensores.

392 2015 424 2069 ll.
444 2015 546 2069 Omnes
564 2017 593 2068 et
611 2010 738 2081 singulos
756 2013 878 2066 scienter
897 2012 1026 2082 legentes
1044 2013 1105 2068 sine
1124 2013 1294 2067 auctoritate
1313 2012 1393 2068 Sedis
1412 2014 1490 2082 Apo-

301 2123 418 2178 stolicae
437 2123 523 2176 libros
542 2119 692 2176 eorundem
711 2125 902 2188 apostatarum
928 2125 957 2174 et
981 2119 1188 2175 haereticorum
1213 2119 1354 2175 haeresim
1381 2137 1489 2190 propu-

302 2232 428 2300 gnantes,
449 2245 498 2283 nec
518 2243 572 2282 nou
592 2227 679 2281 libros
698 2227 819 2280 cuiusvis
833 2227 958 2282 auctoris
984 2243 1033 2296 per
1057 2227 1235 2296 Apostolicas
1260 2227 1372 2281 litteras
1398 2227 1490 2281 nomi·

301 2337 388 2391 natim
409 2335 572 2405 prohibitos,
593 2333 758 2404 eosdemque
777 2332 864 2388 libros
883 2334 1046 2400 retinentes,
1066 2323 1268 2404 imprimentes,
1287 2339 1317 2388 et
1335 2334 1488 2404 quomodo-

301 2443 371 2498 libet
388 2441 576 2498 defendentes.

391 2547 435 2602 lll.
455 2545 652 2601 Schismaticos
673 2551 702 2600 et
721 2546 834 2617 eosqui
854 2563 870 2598 a
891 2546 1008 2600 Romani
1027 2545 1173 2600 Pontificis
1191 2562 1241 2616 pro
1260 2551 1387 2615 tempore
1413 2547 1486 2601 exsi-

301 2655 401 2708 stentis
420 2653 580 2708 obedientia
599 2654 781 2723 pertinaciter
799 2670 830 2708 se
848 2651 1027 2718 subtrahunt,
1046 2651 1092 2707 vel
1111 2651 1253 2708 recedunt.

390 2761 436 2816 lV.
456 2761 558 2816 Omnes
577 2767 605 2817 et
624 2761 757 2831 singulos,
777 2761 978 2832 cuiuscumque
997 2764 1097 2824 status,
1123 2760 1225 2830 gradus
1244 2777 1293 2814 seu
1313 2759 1483 2814 conditionis

300 2867 413 2934 fuerint,
432 2868 467 2920 ab
486 2866 709 2921 ordinationibus
728 2882 777 2920 seu
797 2866 936 2921 mandetis
957 2867 1146 2922 Romanorum
1166 2867 1334 2921 Pontificum
1351 2883 1402 2936 pro
1415 2872 1485 2923 tem·

300 2990 367 3042 pore
385 2973 580 3028 exsistentium
599 2971 634 3026 ad
654 2971 812 3028 universale
831 2974 957 3027 futurum
975 2973 1132 3028 Concilium
1152 2972 1337 3042 appellantes,
1357 2989 1409 3027 nec
1427 2989 1483 3027 non

300 3095 355 3143 eos,
376 3095 494 3150 quorum
513 3079 627 3146 auxilio,
646 3078 764 3134 consilio
783 3079 830 3134 vel
847 3081 943 3136 fauore
961 3080 1136 3151 appellatum
1154 3081 1247 3135 inierit.

390 3185 422 3239 V.
442 3186 544 3241 Omnes
562 3187 772 3250 interficientes,
792 3187 964 3254 mutilantes,
990 3188 1188 3257 percutientes,
1213 3187 1365 3256 capientes,
1384 3201 1480 3243 carce·

299 3297 404 3358 rantes,
422 3293 588 3358 detinentes,
610 3293 654 3347 vel
674 3292 816 3348 hostiliter
835 3293 1014 3362 insequentes
1033 3291 1059 3346 S.
1076 3293 1107 3347 R.
1121 3293 1152 3346 Ε.
1172 3291 1344 3355 cardinales,
1358 3292 1481 3346 Petriar·

299 3402 374 3470 chas,
396 3401 636 3472 Archiepiscopos,
656 3402 814 3472 Episcopos,
834 3402 967 3472 Sedisqne
986 3402 1167 3472 Apostolicae
1186 3401 1317 3472 Legatos,
1337 3401 1381 3457 rel
1401 3401 1480 3456 Nun·

299 3508 366 3573 cios,
380 3511 430 3561 aut
449 3524 497 3563 eos
510 3525 527 3561 a
539 3509 596 3561 suis
611 3507 797 3572 Dloecesibus‚
811 3508 982 3573 Territoriis,
996 3507 1098 3574 Terris,
1112 3525 1160 3562 sen
1176 3506 1310 3561 Dominiis
1323 3505 1477 3569 eiicientes,

298 3629 350 3666 nec
371 3629 425 3667 non
445 3629 478 3668 ee
497 3613 670 3678 mandantes,
683 3613 729 3668 vel
748 3617 810 3668 rata
828 3612 973 3676 habentes,
986 3613 1039 3667 seu'
1050 3616 1224 3683 praestantes
1238 3613 1267 3665 in
1280 3611 1322 3666 eis
1335 3609 1478 3674 auxilium,

270 3690 273 3698 Ι
299 3721 449 3775 consilium
468 3721 513 3776 vel
532 3722 664 3775 favorem.

389 3826 434 3880 Vl.
455 3825 639 3896 Impedienles
650 3827 756 3882 directe
774 3826 820 3882 vel
839 3827 976 3882 indirecte
988 3825 1155 3883 exercitium
1174 3825 1376 3882 iurisdictionis
1391 3825 1478 3880 ecele-

298 3934 429 3988 siasticae
441 3933 501 3989 sive
518 3934 623 3990 interni
642 3935 701 3990 sive
720 3933 830 3990 externi
844 3934 905 4002 sori,
920 3939 949 3990 et
961 3929 997 3988 ad
1009 3934 1062 3989 hoc
1076 3937 1252 3990 recurrentes
1263 3934 1299 3987 ad
1311 3935 1403 3988 forum
1415 3948 1475 3987 see·

298 4037 403 4106 culare,
423 4039 536 4110 eiusque
555 4041 687 4095 mandate
705 4044 894 4110 procurantes,
913 4040 1037 4107 edentes,
1049 4045 1099 4095 ant
1111 4039 1256 4101 auxilinm,
1269 4037 1418 4093 consilium
1431 4036 1474 4092 vel

297 4143 422 4198 favorem
442 4148 624 4214 praestantes.

386 4247 443 4302 Vll.
461 4247 600 4319 cogentes
619 4249 677 4305 sive
695 4249 810 4316 directe,
834 4251 894 4306 sive
919 4250 1057 4306 indirecte
1076 4249 1181 4304 iudices
1200 4248 1286 4303 laicos
1305 4247 1339 4302 ad
1365 4249 1474 4305 trahen-

296 4349 361 4404 dum
380 4351 415 4405 ad
439 4369 520 4406 snum
544 4353 669 4409 tribunal
694 4370 825 4424 perennes
844 4355 1049 4410 ecclesiasticas
1074 4359 1185 4425 praeter
1210 4353 1359 4408 canonicas
1383 4353 1472 4423 dispo·
