3290 5100
526 315 569 361 nn
594 315 747 363 nnurcrrs
771 316 813 362 ar
836 315 955 362 rosurs
1266 296 1335 362 475

153 435 289 503 licentia
304 437 436 532 obtenta
450 438 580 504 iabetur
594 437 827 522 imprimenda
842 439 897 524 (cf.
914 438 955 504 cl.
973 439 1117 506 Gannari
1133 459 1163 525 p.
1181 438 1255 525 83);
1276 439 1332 520 sed

152 561 282 627 omnino
305 581 370 628 non
394 566 499 648 potest
514 563 684 650 reprobari
700 565 811 649 praxis
827 563 1031 649 imprimendi
1047 563 1220 629 formulam
1236 584 1332 649 gene·

152 686 256 752 ralem
281 721 297 734 ·
328 686 378 752 De
407 684 649 771 Superioribus
680 686 816 752 licentia
848 722 865 734 -
897 692 953 752 aut
984 685 1080 751 aliam
1103 685 1250 752 similem.
1281 688 1334 753 lta

151 813 192 878 cl.
219 814 405 878 Pennacchi
428 819 461 879 et
486 813 725 880 Vermeersohs
747 815 781 880 tt.
807 834 852 880 cc.

241 939 389 1004 Licentia
409 939 544 1022 scriptis
560 939 665 1004 danda
688 945 737 1005 est
752 941 826 1024 quia
848 939 1071 1024 probationem
1091 938 1202 1004 lacere
1218 939 1331 1014 debet;

151 1062 358 1128 nihilominus
382 1069 538 1130 oretenus
561 1083 726 1138 concessa,
750 1083 811 1149 per
834 1084 879 1138 se,
904 1061 1022 1128 sufficit
1044 1062 1149 1147 quoad
1178 1062 1331 1130 substau-

150 1187 245 1260 tiam,
269 1187 324 1253 sed
348 1189 417 1252 sine
440 1187 632 1272 gravissima
663 1207 762 1252 causa
785 1206 849 1252 non
882 1191 932 1252 est
959 1185 1174 1252 recedendum
1204 1186 1245 1252 ab
1267 1186 1331 1253 hac

151 1311 362 1385 solemnitate,
378 1313 530 1377 nimirum
546 1311 702 1379 licentiae
723 1311 858 1395 scriptis
878 1331 1065 1379 concessae.
1083 1311 1134 1377 Ad
1151 1331 1220 1376 rem
1237 1311 1331 1377 docet

152 1437 191 1502 cl.
210 1435 447 1502 Vermeerschs
467 1455 503 1520 p.
530 1437 589 1503 97.
617 1436 739 1503 «Olim
762 1439 788 1503 si
813 1439 896 1504 iusta
920 1457 1026 1512 causa,
1050 1459 1081 1502 v.
1099 1457 1148 1523 gr.
1165 1456 1207 1501 ne
1230 1437 1332 1521 impe·

149 1559 257 1625 diatur
273 1559 401 1646 publica
414 1535 491 1624 libri
506 1559 638 1630 utilitas,
655 1559 686 1624 id
710 1560 898 1645 postularet,
918 1559 1128 1625 admittebant
1145 1560 1208 1624 DD.
1225 1579 1328 1645 posse,

149 1690 314 1750 annuente
329 1686 500 1771 Episcopo,
516 1686 649 1751 reticeri
675 1684 838 1750 obtentam
863 1685 1060 1776 facultatem.
1079 1684 1159 1753 Nou
1178 1686 1333 1771 cepimus

151 1810 250 1877 hodie
271 1829 342 1877 esse
365 1810 598 1877 severiores».
623 1811 667 1876 Et
688 1811 774 1875 hanc
805 1811 998 1876 sententiam
1028 1815 1105 1896 puto
1129 1809 1328 1877 conformem

150 1935 356 2022 generalibus
383 1937 462 2001 iuris
486 1936 620 2022 regulis.

240 2061 366 2146 Regula
389 2062 421 2126 X
444 2063 565 2128 veteris
588 2061 775 2147 disciplinae
799 2059 927 2145 iubebat
956 2067 994 2126 ut
1024 2063 1220 2143 eaeuiptam
1250 2061 1331 2128 libri

148 2185 370 2269 imprimendi
392 2186 623 2252 authenticum
638 2191 670 2252 et
684 2205 792 2252 mana
815 2187 966 2253 auctoris
987 2185 1217 2270 subscriptam
1233 2189 1331 2270 apud

149 2312 424 2378 eaamiaararem
438 2318 615 2378 remaneat
622 2332 637 2394 ,·
651 2311 747 2378 hodie
763 2312 943 2378 huiusmodi
965 2332 1047 2377 onus
1062 2312 1248 2379 auctoribus
1263 2331 1329 2378 non

149 2437 287 2523 amplius
310 2409 510 2523 imponitur.

285 2740 307 2821 g
330 2739 361 2803 3.
386 2737 440 2804 De
463 2738 558 2805 tibris
576 2740 742 2822 praeciae
764 2759 930 2810 censurae
955 2739 1184 2806 subiiciendis.

429 2915 480 2958 linc
494 2913 608 2958 reseratur
621 2919 692 2970 caput
706 2916 751 2970 ΙΙΙ,
765 2915 802 2960 tlt.
813 2916 837 2959 11
849 2916 883 2959 ita
897 2917 1041 2972 inscriptam.

146 3103 363 3162 summarium.
383 3134 417 3148 —
437 3107 498 3160 407.
513 3107 645 3164 Refertur
662 3111 715 3161 art.
729 3105 773 3162 41.
786 3135 823 3148 -
834 3107 895 3161 408.
909 3107 1123 3162 commentatio.
1135 3136 1172 3149 —
1189 3107 1250 3161 409.
1270 3109 1327 3163 Re·

236 3212 325 3266 fertur
343 3215 397 3266 art.
416 3211 460 3265 42.
480 3239 513 3252 -
532 3211 593 3266 410.
613 3211 827 3267 Commentatio.

235 3426 311 3492 407.
336 3427 421 3496 Anr.
447 3429 500 3492 41.
527 3426 687 3494 «Omnes
708 3427 825 3514 sidetes
848 3434 1005 3495 tencatur
1024 3431 1190 3532 praeciae
1213 3449 1327 3498 cerasa·

146 3567 209 3614 rae
238 3549 481 3616 ecclesiasticae
512 3569 569 3617 ecs
598 3551 718 3616 saltem
753 3549 919 3618 subiicere
949 3550 1070 3628 libros,
1101 3553 1163 3637 qui
1192 3553 1328 3620 divinus
1391 3595 1394 3602 ·
1431 3631 1433 3634 ,

143 3673 351 3757 scripturas,
384 3675 418 3740 S.
461 3674 698 3762 Tbeotopiara,
731 3674 923 3744 Historiam
957 3677 1234 3752 ecclesiasticam,
1266 3679 1327 3746 Ius

147 3797 367 3880 eanonicam,
397 3799 616 3887 Theotopiam
646 3801 853 3881 naturalem,
880 3801 1025 3869 Ethiceu
1056 3802 1184 3868 aliasve
1215 3803 1327 3869 baias·

142 3920 237 3987 modi
259 3921 438 4008 retipiosas
462 3929 522 3990 aut
543 3923 693 3990 morales
717 3922 919 4006 disciptinas
941 3923 1138 4008 respiciant,
1163 3944 1205 3992 ac
1226 3945 1325 4012 peue-

142 4045 264 4110 ratiter
286 4046 415 4130 scripta
439 4047 555 4114 omniu
579 4047 617 4112 ia
651 4046 774 4132 quibas
794 4047 972 4134 retipioais
995 4053 1026 4114 et
1055 4068 1194 4115 moram
1223 4049 1323 4116 boae-

141 4170 238 4236 statis
258 4171 452 4254 specialiter
473 4171 655 4239 intersit».

232 4295 308 4360 408.
345 4296 383 4360 In
418 4296 482 4363 hcc
515 4298 654 4362 articulo
685 4297 873 4363 decernitur
911 4297 942 4384 l)
973 4299 1117 4384 quinam
1149 4303 1325 4367 teneantur

141 4418 274 4486 subesse
297 4422 451 4507 praeviae
474 4441 632 4488 censurae
655 4443 713 4488 seu
735 4442 852 4490 omnes
874 4424 989 4508 fideles
1019 4424 1053 4511 2)
1088 4425 1217 4509 quinam
1240 4425 1320 4492 iibri
