3266 5102
321 293 386 358 172
851 312 935 360 unns
959 312 982 358 1.

410 437 484 502 117.
510 437 577 501 Per
606 434 875 520 dispensationem
898 442 955 502 aut
977 437 1208 502 absolutionem
1240 456 1362 523 poenae
1386 438 1503 502 vincu-

319 563 385 626 lum
408 537 535 647 penitus
557 561 749 637 resolvitur;
774 561 830 627 sed
854 543 1027 648 praeterea
1050 563 1169 647 inquiri
1188 562 1292 644 debet,
1307 581 1359 636 an,
1376 582 1505 650 perma-

318 691 417 751 nente
451 705 571 771 poena,
597 686 726 752 valeant
761 688 829 752 eius
864 683 1012 761 effectus,
1037 688 1151 753 saltem
1186 686 1227 752 ad
1254 707 1352 754 unum
1384 692 1503 768 actum,

319 812 491 895 suspendi,
516 811 596 876 adeo
620 816 655 876 ut
678 816 768 877 actus
792 811 898 877 valide
920 817 1059 896 ponatur
1081 811 1121 877 ab
1146 833 1184 878 eo
1207 813 1262 896 qui
1288 831 1394 898 poena
1425 813 1504 878 mul·

319 942 433 1010 status,
458 939 562 1023 impar
585 936 688 1002 eidem
713 937 860 1023 ponendo
885 943 1044 1004 evaserat.
1070 937 1142 1003 Hoc
1165 936 1329 1004 obtinetur
1350 956 1411 1022 per
1426 956 1504 1022 poe·

319 1080 381 1126 nae
404 1063 669 1144 suspensionem.

409 1187 474 1250 Nos
489 1186 649 1270 loquimur
664 1188 705 1252 de
720 1187 960 1272 suspendenda
975 1207 1079 1273 poena
1106 1187 1170 1251 iam
1197 1189 1383 1262 commissa3
1401 1205 1505 1270 quare

320 1312 385 1377 huc
415 1331 480 1376 non
511 1316 634 1396 spectat
664 1313 839 1396 suspensio
869 1333 951 1398 quae
982 1311 1121 1378 habetur
1151 1332 1210 1397 per
1232 1312 1503 1398 appellationem

320 1456 396 1501 nam
430 1435 512 1500 haec
543 1435 641 1501 habet
671 1433 819 1502 effectum
844 1437 1090 1521 suspensivum,
1115 1437 1233 1502 nedum
1261 1436 1502 1508 deuolutiaunu

320 1561 475 1626 adversus
499 1563 674 1626 sententias
698 1561 888 1628 defenitivas
904 1583 986 1647 quae
1002 1583 1112 1628 secum
1135 1583 1200 1628 uon
1222 1563 1359 1629 trahunt
1381 1583 1504 1628 execu-

319 1690 450 1754 tionem.
469 1689 564 1770 Atqui
589 1707 746 1752 censurae
770 1687 832 1752 hoc
857 1689 978 1755 habent
999 1690 1167 1774 proprium
1191 1693 1227 1754 ut
1249 1689 1357 1756 statim
1373 1707 1413 1752 ao
1428 1693 1505 1753 suut

320 1815 485 1900 irrogatae
507 1813 576 1879 sive
599 1813 673 1897 ipso
696 1812 787 1895 forto
805 1813 1023 1880 incurrendae
1046 1816 1115 1880 sive
1138 1835 1197 1900 per
1212 1816 1405 1880 sententiam
1422 1833 1503 1879 con·

320 1938 581 2010 demissionem,
598 1938 817 2004 secumferant
837 1939 1079 2013 executionem3
1096 1958 1197 2022 quare
1213 1937 1387 2024 appellatio
1404 1935 1504 2002 habet

322 2059 470 2128 effeotmn
483 2067 606 2127 tantum
619 2063 863 2139 deuotutivum,
878 2083 948 2149 arg.
966 2085 992 2130 c.
1011 2085 1036 2130 c.
1056 2063 1115 2138 37,
1132 2063 1182 2130 53
1197 2066 1219 2147 ἓ
1234 2064 1262 2137 1,
1276 2064 1326 2130 De
1342 2064 1456 2146 appel.
1473 2063 1508 2127 X

322 2187 378 2273 (ΙΙ.
398 2187 453 2274 28)
478 2193 510 2252 et
526 2187 558 2252 8.
575 2187 625 2254 De
643 2190 697 2272 off.
716 2189 788 2255 ord.
807 2190 841 2252 X
853 2187 891 2274 (l.
910 2188 976 2275 31).
993 2188 1055 2255 Sed
1070 2194 1139 2254 tum
1155 2190 1312 2254 sententia
1336 2188 1507 2254 dumtaxat

324 2332 536 2377 censurarum
560 2314 806 2378 comminatoria
821 2319 890 2378 tum
916 2314 1131 2378 declaratoria
1147 2315 1188 2380 de
1206 2315 1339 2379 incursa
1355 2334 1505 2396 censura,

320 2437 535 2523 appellatione
558 2437 708 2521 suspendi
725 2439 846 2512 valent,
864 2441 939 2523 quia
954 2438 1044 2504 hisce
1064 2459 1129 2504 non
1145 2442 1328 2504 continetur
1344 2459 1505 2504 censurae

321 2565 486 2648 irrogatio,
503 2561 559 2628 sed
583 2565 688 2648 prima
711 2564 796 2628 hanc
820 2567 969 2640 minatur,
987 2566 1092 2632 altera
1111 2567 1205 2630 istam
1229 2565 1386 2630 subaudit..
1413 2565 1506 2630 Haeo

321 2705 439 2774 parere
455 2684 590 2750 intendit
604 2682 737 2751 effeetus
761 2690 961 2755 notorietatis
978 2689 1067 2770 iuris,
1084 2709 1162 2772 quos
1183 2686 1315 2754 effectus
1338 2688 1506 2774 suspendit

322 2810 465 2896 apposita
489 2810 670 2894 appellatio.
690 2810 737 2875 Of.
769 2810 932 2876 Theseus.
949 2812 989 2876 P.
1006 2812 1030 2876 I
1041 2833 1068 2878 c.
1084 2811 1143 2885 25,
1169 2811 1291 2878 Tertio.
1311 2810 1506 2896 -Reliquae

321 2941 428 3001 autem
443 2954 566 3020 poenae
582 2937 713 3021 proprie
730 2935 835 3000 diotae
850 2937 911 3001 nisi
927 2937 1001 3020 ipso
1023 2936 1116 3019 facto
1139 2957 1197 3002 seu
1212 2937 1286 3020 ipso
1302 2937 1379 3002 iure
1395 2937 1505 3002 incur·

321 3063 438 3126 rantur
462 3056 517 3122 sed
540 3059 603 3122 sint
624 3057 789 3140 serendae
812 3060 1006 3133 sententiae,
1024 3081 1083 3147 per
1099 3060 1290 3125 sententiam
1315 3059 1507 3124 condemua-

322 3185 438 3286 toriam
462 3184 627 3269 irrogatae
650 3183 889 3268 suspenduntur
912 3205 971 3270 per
994 3185 1251 3270 appellationem.

412 3309 539 3373 Poenas
570 3308 632 3371 iam
664 3310 811 3374 incursas
846 3309 997 3396 suspendi
1032 3332 1126 3396 posse
1157 3331 1176 3375 a
1208 3307 1504 3400 Rom-..Pontidius

208 3443 210 3448 '
322 3413 585 3516 explorati'iuris
610 3439 679 3508 est;
705 3436 820 3519 qnippe
851 3436 912 3499 iste
943 3435 1055 3500 valens
1085 3435 1307 3519 quodcumque
1338 3435 1507 3500 resolvere

322 3555 486 3620 vinculum
516 3557 660 3639 poenale,
685 3577 749 3621 non
780 3559 884 3622 minus
908 3565 1013 3644 potest
1035 3558 1176 3625 eiusdem
1208 3556 1359 3625 ellectum
1382 3561 1423 3625 ad
1446 3561 1508 3625 ali-

323 3700 417 3764 quem
444 3685 550 3745 actum
583 3682 789 3767 suspendere.
816 3683 1043 3755 Quotidianum
1074 3685 1257 3770 exemplum
1288 3684 1446 3751 habemus
1474 3687 1506 3750 in

323 3804 425 3869 Bullis
448 3803 626 3871 Pontificiis
657 3825 739 3890 quae
769 3827 982 3873 censurarum
1013 3791 1179 3874 continent
1208 3808 1444 3876 absolutionem
1468 3808 1509 3874 ad

323 3946 396 3992 eum
426 3932 549 3992 tantum
581 3924 740 4000 ellectum,
774 3929 938 3995 obtinendi
966 3933 1104 4016 gratiam
1135 3932 1188 3997 vel
1215 3931 1422 4018 privilegium
1454 3933 1506 3998 rel

322 4049 512 4117 beneficium
544 4053 575 4116 in
613 4055 770 4138 rescripto
798 4075 998 4139 expressum.
1028 4056 1091 4122 Hic
1117 4056 1256 4122 habetur
1292 4076 1508 4122 censurarum

323 4176 460 4260 simplex
483 4177 658 4258 suspensio
672 4178 727 4264 (l).
746 4179 874 4244 Nullum
892 4179 1021 4246 dubium
1045 4181 1125 4246 alias
1148 4201 1278 4267 poenas,
1302 4181 1403 4246 veluti
1427 4182 1509 4246 irre·

412 4342 452 4414 (l)
472 4343 521 4396 Ait
545 4345 707 4399 Thesaurus
727 4347 745 4398 l.
759 4348 802 4400 cit.
819 4348 956 4402 Secundo:
968 4361 986 4403 t(
999 4347 1076 4402 Talis
1095 4349 1182 4418 igitur
1201 4353 1244 4403 est
1263 4347 1405 4402 absolutio
1423 4365 1508 4420 quam

325 4443 440 4512 apponit
463 4443 539 4512 Papa
564 4444 593 4498 in
618 4445 675 4498 suis
693 4446 796 4502 litteris
815 4447 849 4502 ad
867 4448 981 4503 illarum
1000 4450 1130 4505 ellectum
1150 4450 1314 4520 absolvens3
1331 4456 1362 4508 et
1380 4451 1448 4508 talis
1466 4457 1509 4510 est
