3296 5108
285 313 354 384 420
815 333 899 380 runs
923 333 945 379 1.

422 457 455 540 5)
478 454 658 521 Praeterea
674 475 716 520 ex
732 473 806 538 cop.
824 455 865 521 15
882 455 934 520 cit.
952 455 1110 522 haeretici
1129 473 1306 540 eorumque
1322 454 1472 520 fautores

285 585 322 646 et
344 579 533 653 credentes,
559 587 592 646 et
614 578 671 644 filii
695 581 726 643 in
752 579 904 664 gradibus
928 579 1237 664 supramemoratis
1261 575 1342 643 flunt
1368 579 1466 644 inha-

286 706 367 772 biles
390 706 430 771 ad
454 705 644 806 possidenda
667 724 886 790 quaecumque
910 702 1077 784 beneficia,
1102 703 1288 790 dignitates,¹
1304 711 1336 770 et
1360 702 1472 770 officia

286 831 516 895 ecclesiastica.
534 831 660 895 Verum
683 829 882 900 advertatur,
898 826 980 893 filios
1000 828 1240 894 haereticorum
1264 829 1322 892 has
1345 849 1473 914 poenas

286 973 351 1018 non
375 957 545 1022 incurrere
568 957 595 1020 si
618 960 769 1039 parentes
793 953 833 1018 ad
849 961 979 1018 rectam
1008 950 1102 1018 fidem
1134 959 1377 1018 convertantur.
1401 953 1468 1019 Sed

286 1080 346 1162 ipsi
370 1079 527 1144 haeretici
552 1087 583 1144 et
607 1077 779 1162 complices
810 1084 882 1163 post
905 1079 1153 1143 conversionem
1182 1083 1312 1142 manent
1336 1079 1470 1163 irregu-

284 1203 373 1268 lares
397 1212 431 1267 et
454 1202 612 1268 inhabiles
639 1204 699 1268 nisi
731 1205 793 1267 rite
824 1202 1061 1287 dispensatione
1094 1201 1262 1266 donentur.
1296 1199 1344 1268 Ot'.
1375 1201 1470 1267 Senti

285 1325 317 1389 tt.
343 1330 364 1389 t.
388 1326 434 1391 11.

421 1451 453 1538 6)
480 1453 564 1516 Hinc
585 1469 804 1535 quaecumque
819 1451 960 1515 habeant
975 1447 1080 1515 officia
1096 1455 1151 1516 aut
1166 1447 1322 1515 beneficia
1338 1449 1473 1535 quando

286 1577 320 1640 in
343 1575 505 1640 haeresim
530 1573 681 1640 labuntur
705 1575 774 1639 sive
797 1574 953 1640 haeretici
977 1575 1036 1659 ipsi
1051 1580 1108 1639 aut
1131 1572 1302 1639 credentes
1318 1575 1387 1638 sive
1410 1574 1470 1640 alii

286 1699 468 1784 complices,
486 1697 597 1762 iisdem
622 1699 690 1782 ipso
711 1699 781 1763 iure
798 1697 830 1762 hi
847 1718 959 1763 omnes
979 1696 1188 1762 declarantur
1203 1697 1330 1782 priuati,
1349 1715 1418 1782 arg.
1438 1718 1467 1762 c.

286 1845 313 1890 c.
333 1825 365 1890 9.
382 1825 423 1898 X,
448 1831 477 1890 et
493 1823 546 1895 12,
565 1824 595 1888 h.
614 1829 634 1897 t,
653 1825 688 1888 in
709 1825 739 1889 6.
759 1827 801 1888 st
817 1826 850 1890 in
866 1824 929 1889 hoc
945 1828 1062 1888 statuto
1078 1825 1211 1888 istorum
1228 1820 1284 1888 filii
1301 1843 1365 1888 non
1381 1843 1468 1888 com·

285 1948 540 2034 prehenduntur.

419 2075 452 2157 7)
477 2075 629 2158 Denique,
653 2075 811 2140 haeretici
835 2091 1010 2156 eorumque
1039 2073 1211 2158 complices
1234 2074 1286 2139 vel
1310 2093 1372 2158 qua
1402 2094 1472 2142 ao·

285 2199 443 2266 minutim
471 2201 756 2280 excommunicati,
788 2205 843 2263 aut
866 2198 1038 2270 interdicti,
1065 2198 1116 2263 vel
1141 2217 1203 2281 qua
1233 2199 1359 2264 notorii
1385 2199 1467 2264 hae-

286 2323 390 2396 retici,
408 2322 573 2408 sepultura
597 2324 816 2389 ecclesiastica
839 2325 1020 2408 privantur.
1043 2321 1105 2388 Sed
1129 2323 1182 2405 qui
1206 2328 1280 2387 sunt
1299 2324 1468 2388 censurati

285 2447 419 2512 tolerati
441 2467 502 2511 nec
526 2452 600 2512 sunt
622 2447 748 2514 notorii
778 2447 936 2512 haeretici
965 2447 1061 2512 hodie
1091 2447 1276 2531 sepulturae
1309 2446 1466 2511 ecclesia-

285 2573 386 2636 sticae
409 2571 595 2636 demandari
619 2577 760 2656 possunt.
786 2571 847 2646 Qui
871 2573 955 2636 hanc
988 2573 1095 2657 legem
1119 2569 1241 2635 violant
1263 2589 1379 2636 severe
1410 2592 1468 2656 pu-

285 2695 437 2769 niuntur;
469 2695 598 2759 namin
631 2693 740 2760 Coust.
765 2694 829 2777 Ap.
856 2689 932 2760 Sed.
957 2714 990 2757 n.
1015 2693 1043 2766 1,
1067 2693 1165 2759 inter.
1198 2711 1366 2765 esseorum,
1391 2693 1412 2756 l.
1438 2711 1465 2758 s.

284 2837 374 2883 nem.
407 2837 532 2884 resero.
566 2819 870 2892 excommunicatio,
906 2819 1027 2884 nemini
1063 2823 1239 2891 reservata,
1277 2816 1474 2883 decernitur

285 2947 401 3006 contra
426 2943 667 3009 ‹Marsdcntes
689 2961 748 3007 seu
772 2947 925 3028 copentes
954 2941 1044 3006 tracti
1067 2941 1321 3008 Ecclesiasticus
1352 2943 1466 3025 sepul·

287 3071 386 3132 rurae
409 3067 594 3133 lmereticos
616 3067 767 3134 notorios
782 3073 842 3132 eut
856 3068 1060 3132 nominatim
1076 3066 1390 3134 encommuuicetos
1406 3072 1473 3131 aut·

286 3191 516 3257 interdictos»
536 3189 591 3277 (l).
617 3191 655 3256 In
678 3210 773 3275 quam
795 3191 901 3276 legem
925 3197 1064 3261 notetur,
1089 3191 1142 3255 hic
1165 3191 1231 3275 agi:

420 3315 453 3400 a)
479 3315 526 3380 De
541 3315 616 3380 solis
640 3315 816 3382 haereticis
839 3335 896 3380 seu
918 3315 1082 3399 apostatis
1106 3319 1138 3379 et
1161 3311 1383 3381 schismaticis
1400 3332 1471 3378 non

376 3595 415 3665 (l)
435 3596 505 3649 Nam
531 3595 674 3665 sepultura
702 3597 808 3649 duobus
833 3601 960 3660 constat3
985 3599 1043 3649 ritu
1071 3611 1158 3660 sacre,
1183 3599 1212 3649 et
1238 3595 1298 3648 loco
1323 3611 1413 3647 sacro.
1436 3595 1471 3647 ln

286 3698 411 3754 themate
430 3701 462 3754 fit
484 3716 575 3754 sermo
596 3703 705 3754 tentum
728 3700 760 3755 de
787 3702 857 3763 loco,
882 3717 964 3770 quem
989 3701 1131 3769 significat
1156 3701 1270 3754 tradere
1291 3700 1466 3768 sepulturae.

286 3805 474 3860 Prohibentur
494 3823 510 3859 a
528 3808 675 3876 sepultura
694 3806 820 3861 homines
845 3805 990 3860 christiani
1010 3807 1054 3862 vel
1074 3807 1182 3862 ratione
1206 3821 1340 3860 censurae
1367 3821 1470 3874 nempe

284 3915 393 3967 citandi
410 3913 454 3967 vel
475 3914 583 3968 ratione
602 3915 707 3978 delicti,
726 3929 824 3982 nempe
844 3917 1003 3983 peccatores
1022 3912 1125 3982 publici
1146 3918 1175 3967 et
1194 3913 1295 3966 notorii
1310 3911 1350 3965 ita
1372 3911 1466 3966 demo-

286 4019 391 4073 rientes
410 4022 588 4073 contumaces
606 4024 656 4072 aut
674 4019 702 4071 iu
722 4019 832 4072 notorio
851 4023 974 4087 peccato.
995 4019 1040 4074 Aa
1061 4023 1093 4071 ut
1117 4017 1195 4071 locus
1214 4018 1251 4071 sit
1270 4033 1351 4072 sacer
1371 4017 1467 4087 requi·

286 4129 365 4178 ratur
384 4125 551 4194 episcopalis
576 4125 742 4190 benedictio,
764 4129 903 4195 quaerunt
922 4123 986 4191 DD.,
1006 4131 1036 4179 at
1061 4141 1115 4178 non
1142 4125 1325 4188 conveniunt3
1348 4123 1395 4179 sed
1416 4139 1473 4193 pro

286 4231 364 4298 praxi
379 4234 442 4284 tuta
455 4235 483 4285 et
498 4235 610 4302 recepta
623 4236 665 4285 est
680 4232 821 4285 sententis
834 4230 935 4285 Suarez
949 4231 991 4285 De
1004 4248 1078 4285 cens.
1092 4229 1165 4300 (xit,
1180 4230 1235 4300 46),
1249 4231 1296 4300 qui
1309 4230 1360 4295 ait,
1373 4229 1469 4282 locum

284 4348 397 4386 sacrum
417 4333 505 4402 accipi
525 4338 662 4404 quatenus
680 4334 848 4387 destinatum
868 4333 909 4388 rei
928 4350 1026 4389 sacrae
1040 4333 1184 4389 obeundae
1203 4339 1252 4388 aut
1270 4332 1473 4389 benedictione

278 4443 333 4491 vsut
352 4437 537 4493 destinatione
556 4438 685 4508 Episcopi
704 4443 753 4493 etit
771 4439 980 4494 consuetudine.
