3302 5100
306 311 372 376 594
728 329 836 400 rausa
859 327 1064 377 sruorricus

412 451 578 514 clamatum
599 451 657 511 init
677 471 732 530 pro
750 456 919 530 systemate
946 452 1067 530 poenali
1081 453 1250 512 inducendo
1265 453 1343 529 quod

409 560 565 637 principiis
580 559 773 620 Christianae
789 559 946 619 civilitatis
962 559 1059 637 magis
1074 559 1303 619 informaretur.
1328 576 1407 636 pay.
1452 559 1488 618 ll

303 665 350 725 ll.
374 667 523 726 Reiicitur
543 675 680 743 systema
700 667 734 726 in
756 667 876 726 ratione
896 668 1045 726 utilitatis
1068 667 1206 744 apprime
1227 666 1346 726 innixo.
1386 684 1406 726 ›
1451 667 1489 725 12

303 771 350 833 12.
375 774 521 851 Systema
552 773 723 832 iuridicum
755 773 914 834 fundatum
942 773 1113 832 iuratione
1138 773 1274 833 institiae
1295 792 1344 832 so-

413 879 499 940 cialis
521 879 674 940 humanae
695 883 728 938 et
750 880 931 958 iampridem
956 899 976 941 a
996 881 1028 941 S.
1044 881 1225 940 Ductoribus
1243 879 1349 940 Eccle-

413 987 478 1047 siae
492 987 614 1063 egregie
629 986 851 1063 praedicatum,
862 1006 882 1046 a
896 985 1069 1063 Pellegrioe
1082 987 1172 1046 Rossi
1184 985 1345 1062 praeclare

382 1167 386 1174 .
412 1095 593 1172 expositum,
605 1111 660 1171 per
673 1093 810 1154 scholam
821 1093 958 1154 italicam
970 1111 1156 1171 magnopere
1168 1093 1346 1171 expolitum,

412 1200 501 1261 hodie
523 1202 636 1278 passim
658 1205 823 1278 receptum,
846 1200 1020 1278 explicatur
1034 1246 1347 1262 .......
1389 1219 1407 1261 a
1452 1200 1491 1261 13

303 1308 350 1367 13.
373 1309 577 1374 Quamobrem
598 1307 804 1367 essentialiter
825 1307 890 1367 alia
910 1310 958 1366 est
978 1309 1059 1368 ratio
1081 1308 1222 1384 puniendi
1245 1309 1275 1366 in
1290 1309 1347 1367 Ec·

412 1413 506 1474 clesia
526 1431 604 1492 quae
620 1415 752 1474 maxime
767 1415 915 1492 perquirit
929 1415 960 1472 in
975 1415 1080 1491 poenis
1095 1414 1260 1474 inferendis
1275 1433 1348 1474 non·

412 1524 515 1582 nullos
530 1525 685 1581 solutores
700 1525 835 1598 effectus,
847 1521 1006 1580 remittens
1021 1521 1051 1579 in
1064 1521 1159 1580 vitam
1176 1525 1347 1598 aeternam,

413 1627 580 1705 perfectam
595 1628 709 1687 ordinis
722 1628 921 1705 perturbatae
932 1627 1068 1688 iustitiae
1079 1628 1347 1689 restaurationem.
1389 1645 1408 1689 a
1452 1628 1493 1687 16

304 1735 351 1798 14.
373 1737 420 1794 An
441 1736 473 1794 in
495 1733 655 1812 disciplina
676 1733 797 1812 poenali
812 1734 1024 1794 ecclesiastica
1039 1735 1182 1794 delictum
1197 1754 1254 1794 ees
1269 1737 1347 1794 iuri·

413 1841 517 1902 dicum
538 1840 690 1919 appellari
711 1842 808 1918 possit
829 1859 868 1900 ea
889 1841 1094 1920 rationeque,
1111 1841 1350 1910 utitale,habe-

417 1951 468 2008 tur
488 1949 519 2007 in
540 1965 574 2006 re
595 1935 717 2024 poenali
738 1947 819 2008 civili
836 1993 1347 2012 ...........
1388 1967 1407 2009 ›
1449 1948 1495 2007 ibi

811 2217 920 2276 Carur
941 2218 980 2278 11.

733 2393 769 2430 DE
788 2392 903 2431 uulneri
925 2391 1058 2432 ΝΟΤΙΟΝΕ.

306 2591 352 2654 15.
374 2591 467 2651 Notio
490 2590 592 2650 delicti
612 2608 666 2650 seu
688 2591 822 2649 criminis
837 2591 868 2648 in
882 2591 1051 2666 systemate
1065 2588 1188 2667 poenali
1203 2589 1350 2650 ecclesia-

415 2697 884 2763 stica-Quomododeticmm
899 2697 1293 2774 distinguaturapeccato.
1331 2713 1410 2773 pay.
1450 2695 1493 2756 21

305 2805 352 2868 16.
374 2807 569 2868 Distinctioni
586 2806 691 2866 delicti
718 2810 750 2862 et
766 2807 888 2880 peccati
912 2805 1077 2882 respondet
1108 2805 1262 2864 distinctio
1291 2803 1350 2864 fori

414 2915 535 2972 externi
557 2916 588 2971 ct
607 2914 724 2971 interni
731 2956 1349 2974 .............
1390 2929 1409 2973 n
1451 2911 1495 2970 23

246 3091 248 3094 Ι
306 3019 353 3081 17.
375 3018 524 3078 Delictum
555 3019 695 3079 consistit
722 3022 777 3078 aut
807 3021 841 3077 in
872 3021 1086 3078 commissione
1117 3021 1172 3077 aut
1202 3021 1238 3077 ia
1258 3019 1350 3097 omis-

415 3129 502 3185 sione
533 3171 1349 3188 .................
1390 3143 1409 3184 »
1450 3124 1494 3184 24

306 3233 352 3292 18.
375 3233 543 3292 Praeterea
564 3233 704 3292 consistit
724 3233 754 3290 in
777 3233 897 3292 actione
919 3239 1052 3293 amimae
1067 3235 1144 3293 adeo
1159 3238 1194 3292 ut
1207 3233 1350 3293 delictum

415 3342 456 3398 sit
476 3338 645 3415 perfectum
666 3355 720 3398 sen
742 3343 985 3399 consummatum
1006 3339 1037 3397 in
1058 3357 1172 3417 genere
1193 3357 1248 3398 suo
1290 3385 1299 3400 .
1341 3383 1349 3400 .
1390 3355 1409 3399 n
1451 3337 1493 3398 24

306 3443 354 3504 19.
376 3445 424 3502 An
445 3446 477 3502 et
496 3461 630 3520 quanam
651 3445 771 3502 ratione
792 3444 892 3520 puniri
914 3444 1032 3521 possint
1052 3448 1140 3504 actus
1162 3443 1296 3504 ordinati
1310 3444 1349 3504 ad

416 3549 568 3627 delictum,
591 3551 616 3609 si
648 3550 705 3609 hoc
737 3568 796 3609 non
829 3552 869 3610 sit
899 3557 1144 3610 consummatum
1172 3569 1227 3612 seu
1258 3551 1352 3610 fuerit

414 3663 696 3734 praetergressum.
717 3657 951 3734 Distinguuntur
965 3659 1052 3716 actus
1066 3659 1306 3734 praeparatorii
1319 3659 1353 3716 et

416 3767 502 3824 actus
535 3765 668 3823 criminis
698 3765 859 3833 enecativi,
891 3765 942 3841 qui
974 3764 1116 3823 dicuntur
1147 3765 1277 3826 conatus
1300 3763 1352 3822 vel

414 3873 556 3948 proximi
580 3869 628 3928 vel
649 3872 760 3929 remoti
785 3916 1350 3933 ............
1392 3889 1411 3933 a
1453 3869 1495 3931 26

305 3977 354 4038 20.
376 3978 411 4037 In
432 3977 630 4054 propositum,
652 3975 825 4053 explicatur
846 3977 999 4036 distinctio
1021 3993 1190 4054 poenarum
1214 3979 1248 4037 ut
1267 3977 1351 4038 aliae

416 4087 478 4142 sint
498 4087 582 4144 tatae
602 4084 780 4158 sententiae,
802 4081 883 4143 aliae
903 4083 1054 4162 serendae
1080 4089 1251 4144 scotomiae
1292 4130 1300 4146 .
1343 4129 1351 4142 .
1392 4102 1412 4144 ›
1454 4081 1495 4142 30

306 4191 355 4252 21.
377 4191 549 4268 Aliquando
570 4189 660 4268 plura
681 4193 753 4250 acta
768 4191 931 4251 criminosa
947 4192 1082 4251 eiusdem
1103 4193 1216 4269 speciei
1233 4194 1265 4250 et
1279 4208 1352 4251 con-

419 4297 573 4357 summata
592 4297 624 4354 in
645 4297 843 4356 incontinenti
871 4298 981 4375 posita,
1010 4299 1245 4357 considerantur
1264 4297 1353 4374 qnasi

417 4421 513 4462 unum
535 4400 677 4461 delictum
699 4406 731 4460 et
743 4421 808 4462 ana
822 4420 922 4480 poena
936 4403 1141 4482 mulctantam
1164 4421 1202 4463 ex
1218 4404 1352 4464 adverso
