3312 5108
536 337 580 384 nn
605 335 758 384 onmcrrs
783 337 824 382 nr
849 335 967 383 roavrs
1288 317 1332 382 79

152 474 262 519 cerem
278 455 543 538 ecclesiasticum,
561 477 619 520 seu
635 458 668 520 in
685 455 855 522 decanicas
880 455 1118 521 ecclesiasticas
1132 453 1176 542 (l)
1189 477 1246 522 seu
1270 476 1333 521 me

149 583 297 646 uastaria
320 580 582 654 denudabantur,
601 583 699 648 exilio
717 580 956 646 mulctabantur
971 586 1026 668 aut
1043 583 1140 646 etiam
1156 581 1335 668 fastigatio-

150 703 255 775 nibus‚
279 701 470 768 verberibus
493 701 717 768 alliciebantur
736 703 862 790 abipsa
884 701 1105 768 ecclesiastica
1128 705 1332 776 auctoritate.

151 845 195 890 ne
218 846 292 891 cum
315 826 437 892 ordinis
462 827 621 892 dedecore
645 829 679 890 in
703 847 816 892 manus
839 827 996 892 laicorum
1020 827 1211 894 inciderent.
1240 827 1288 911 Os.
1306 849 1333 896 c.

152 970 181 1016 c.
198 949 258 1030 35,
275 952 317 1015 Χ.
331 951 380 1017 De
395 957 477 1018 seat.
494 971 624 1018 cacam.
638 949 695 1036 (V.
714 950 769 1035 39)
785 973 812 1016 c.
829 951 888 1024 27,
905 952 927 1032 g
944 952 970 1024 1,
988 951 1029 1024 Χ,
1047 952 1097 1018 De
1112 953 1202 1018 cerb.
1217 952 1334 1039 staats.

153 1072 209 1156 (V,
236 1075 292 1158 40)
315 1082 347 1141 et
373 1075 406 1140 3.
431 1075 485 1142 De
510 1076 640 1158 poenis.
672 1075 744 1140 iad
775 1073 830 1160 (V,
855 1075 898 1158 9).
925 1075 1056 1138 Revera
1080 1075 1110 1140 S.
1135 1077 1335 1160 Augustinus

152 1197 301 1280 ep.135,
326 1219 359 1263 a.
377 1199 412 1272 2,
436 1201 483 1265 ad
506 1199 659 1265 Marcell.
690 1198 830 1264 Tribaa.
854 1199 976 1281 inquit:
1003 1199 1215 1266 «Tantorum
1238 1200 1336 1265 scele-

154 1345 228 1388 rum
260 1325 495 1390 confessionem
498 1371 550 1390 .....
575 1329 744 1412 virgarum
773 1324 964 1390 verberibus
996 1327 1107 1392 eruisti
1140 1328 1192 1411 qui
1224 1327 1336 1392 modus

154 1453 360 1517 coercitionis
385 1459 417 1518 et
438 1473 458 1518 a
481 1454 645 1538 magistris
667 1453 849 1517 liberalium
873 1454 1001 1534 artium,
1027 1459 1059 1519 et
1075 1453 1116 1518 ab
1133 1455 1208 1538 ipsis
1224 1471 1337 1538 paren-

153 1577 239 1643 tibus
264 1585 296 1644 et
318 1599 415 1664 saepe
445 1581 540 1644 etiarn
564 1582 596 1644 in
621 1579 745 1645 iudiciis
776 1580 858 1644 solet
880 1579 920 1644 ab
945 1580 1111 1665 Episcopis
1139 1580 1286 1644 adhiberi
1303 1601 1334 1652 a,

153 1707 187 1766 et
213 1704 392 1787 Gregorius
422 1704 465 1768 M.
499 1705 604 1788 Epist.
636 1704 695 1776 27,
725 1703 771 1770 ad
799 1705 942 1768 Ianuar.
968 1705 1028 1769 ait:
1057 1702 1226 1768 «Paulum
1258 1723 1337 1768 vere

153 1826 312 1890 clericum
338 1826 391 1908 qui
415 1845 512 1911 saepe
535 1825 653 1892 dicitur
670 1827 702 1889 in
718 1823 883 1890 maleficiis
906 1823 1139 1910 deprehensus.
1158 1828 1211 1909 qui
1228 1826 1337 1910 despe-

154 1957 209 2016 cto
233 1950 345 2015 habitu
369 1971 426 2016 suo
448 1951 490 2016 ed
513 1951 628 2016 laicam
655 1971 807 2016 reversus
838 1953 935 2014 vitem
960 1953 994 2016 in
1018 1949 1164 2016 Africam
1196 1951 1335 2035 fugerat.

154 2075 182 2139 si
209 2076 254 2139 ita
279 2081 336 2148 est,
361 2075 523 2160 corporali
547 2077 636 2160 prius
659 2078 870 2160 proveniente
893 2074 1045 2147 vindicta,
1070 2073 1288 2159 praevidimus
1305 2075 1337 2138 iu

155 2202 389 2286 poenitentiam
414 2201 502 2276 dari;
525 2207 682 2286 quatenus
706 2207 739 2267 et
762 2201 937 2266 secundum
968 2201 1186 2286 Apostolicam
1210 2205 1336 2266 senten·

154 2328 239 2390 tiam
262 2345 305 2390 ex
328 2327 437 2391 carnis
460 2320 633 2392 afflictione
649 2328 780 2412 spiritus
795 2327 903 2391 salvus
919 2323 976 2393 fiat
992 2347 1022 2391 ».
1044 2325 1125 2392 Dein
1141 2325 1261 2390 iactum
1279 2330 1337 2406 est,

155 2449 343 2515 Ecclesiam
366 2449 406 2514 ab
430 2451 492 2515 hoc
516 2470 607 2516 more
629 2451 813 2516 discessisse
829 2455 1010 2535 temporum
1033 2451 1162 2516 mutatis
1181 2449 1338 2514 conditio-

155 2575 263 2648 nibus.
287 2578 404 2662 quippe
427 2577 529 2662 magis
553 2582 805 2642 consentaneum
827 2577 930 2641 visum
955 2581 1003 2642 est
1022 2575 1248 2659 tranquillitati
1264 2575 1340 2639 civi·

154 2707 272 2770 tatum.
296 2720 481 2785 supremam
503 2699 676 2766 vindictam
693 2702 725 2765 in
742 2701 879 2766 clericos
903 2702 1092 2785 permittere
1110 2699 1245 2765 brachio
1273 2719 1339 2764 sae·

156 2824 275 2889 culari.
288 2859 333 2872 -
346 2825 437 2888 Haec
450 2828 559 2890 tamen
577 2825 721 2888 innuisse
738 2825 824 2888 iuvet
839 2827 875 2888 ut
891 2827 999 2908 pateat
1012 2824 1139 2907 quinam
1150 2822 1250 2888 fuerit
1264 2843 1340 2886 usus

157 2946 373 3031 quarumdam
396 2967 574 3033 poenarum
601 2949 740 3012 maxime
771 2947 987 3032 corporalium
1012 2952 1044 3011 et
1067 2945 1224 3030 quomodo
1248 2946 1341 3030 potis·

158 3073 276 3138 simum
300 3073 334 3136 in
358 3072 505 3144 clericos,
522 3071 562 3137 ob
579 3074 715 3138 crimina
731 3071 848 3145 civilia,
866 3075 1071 3156 comparatae
1088 3071 1160 3135 sint.
1177 3070 1222 3136 At
1237 3067 1339 3150 modo,

158 3193 236 3258 data
260 3211 369 3278 opera.
394 3192 434 3258 de
457 3194 569 3277 poenis
592 3191 752 3280 agendum
776 3194 848 3258 erit.
918 3223 921 3228 ·

236 4343 338 4414 (1)cf.
363 4344 524 4400 Gotbofredi
544 4347 775 4401 commentarium
800 4346 834 4399 ad
854 4346 947 4399 Const.
967 4345 1002 4399 30
1028 4346 1091 4400 Cod.
1118 4345 1282 4412 Theodosii,
1304 4348 1343 4399 De

159 4453 330 4529 denegatdein
349 4457 378 4508 et
400 4452 464 4508 Gara.
484 4455 512 4522 2,
532 4469 606 4508 caus.
631 4455 676 4519 21,
695 4472 719 4524 q.
741 4453 768 4520 9,
788 4469 822 4508 ex
841 4451 945 4508 Concil.
967 4453 1044 4523 Hisp.
1065 4453 1098 4518 11,
1116 4473 1141 4507 a.
1163 4453 1229 4506 961.
