3202 5104
481 297 526 346 on
550 297 705 350 nnntorrs
729 299 772 347 nr
795 299 916 348 eounrs
1221 280 1290 346 205

195 423 403 507 Temperavit
424 424 520 491 huius
548 423 632 510 legis
658 424 802 510 rigorem
832 425 994 490 Martinus
1016 425 1060 500 V,
1088 423 1288 510 distinguens

98 549 136 614 in
161 547 266 614 celeb.
283 547 388 616 const.
413 549 470 616 Ad
493 550 653 616 emtauda
668 549 734 636 (l);
759 555 948 616 censuratos
969 549 1128 618 citandos
1152 555 1184 614 et
1208 551 1287 616 tote·

98 673 244 740 rondes.
271 707 289 724 -
314 672 395 739 Inde
414 675 565 762 permisit
586 671 736 740 fidelihus
758 677 999 740 communicare
1022 695 1096 740 cnm
1120 674 1285 742 tolmatis:

98 803 136 863 at
159 798 313 866 tolmatis
334 799 427 864 nefas
448 804 500 866 est
521 819 594 866 cum
611 797 758 866 fidelibus
774 802 1025 882 communicare,
1042 800 1116 885 quia
1132 799 1288 866 Pontifex

96 923 235 988 minime
258 923 425 990 meliorem
449 921 581 990 efficere
604 925 707 992 voluit
730 926 863 992 ieiunii
886 925 1156 990 excommunicati
1179 923 1286 992 condi-

97 1050 235 1114 tionem.
260 1083 276 1098 ·
299 1049 431 1115 Demum
456 1070 515 1136 pro
539 1049 646 1118 indole
672 1049 852 1118 hodiernae
882 1052 1046 1118 societatis
1077 1050 1285 1124 christianae,

98 1173 189 1238 malo
213 1173 281 1238 fato
304 1174 442 1240 ethnicis
464 1175 608 1241 moribus
630 1173 782 1258 imbutae,
807 1176 1041 1262 sapientissime
1063 1175 1096 1242 S.
1112 1171 1286 1239 Poeniten·

98 1299 202 1362 tiaria
228 1297 361 1364 decreto
385 1299 454 1366 diei
474 1299 499 1366 5
522 1299 604 1366 Iulii
630 1299 722 1366 1867
744 1300 873 1381 statuit,
900 1299 934 1364 in
965 1299 1126 1366 humanis
1152 1299 1285 1374 iuribus,

99 1441 223 1508 nempe
247 1423 318 1488 iure
342 1424 481 1489 naturali
504 1429 537 1490 et
559 1423 646 1490 cirili
668 1423 820 1504 fundetis,
838 1425 995 1494 toleratos
1013 1422 1109 1490 hodie
1125 1441 1191 1489 non
1214 1444 1286 1509 pro

99 1545 210 1611 hiberi
234 1566 254 1611 a
277 1547 511 1630 communione,
531 1567 589 1614 seu
611 1552 645 1615 et
667 1568 740 1614 cum
762 1549 839 1634 ipsis
863 1551 896 1614 et
918 1548 998 1633 ipsis
1021 1567 1094 1612 cum
1117 1547 1189 1614 aliis
1212 1545 1286 1614 bde-

98 1669 188 1737 libus
207 1674 445 1738 communicare
460 1674 654 1758 permissum
671 1693 751 1738 esse.
764 1673 891 1739 Verum
907 1671 971 1737 hoc
988 1671 1154 1742 decretum
1169 1691 1212 1736 ex
1227 1691 1285 1737 suo

98 1813 200 1880 scopo
216 1814 282 1860 non
307 1796 438 1880 respicit
459 1796 532 1861 illes
547 1796 741 1862 christianas
756 1797 929 1863 societates
947 1793 1054 1860 adhuc
1076 1794 1219 1861 moribus
1240 1796 1286 1860 ite

99 1920 297 2005 compositas
319 1923 355 1986 ut
375 1918 545 1985 admittent
568 1924 601 1986 et
622 1924 840 1986 revereantur
855 1919 1197 1986 excommunicationis
1217 1919 1285 1986 sive

99 2044 239 2110 alterius
262 2063 421 2110 censurae
444 2041 589 2120 effectus,
614 2045 710 2112 etiam
734 2044 858 2114 ubiles.

98 2292 174 2362 ficiis
191 2292 371 2346 interdicunt.
392 2293 496 2351 Quibus
513 2295 553 2346 ita
571 2301 612 2347 est
630 2293 820 2356 interdictum,
838 2292 868 2344 in
885 2307 1004 2345 numero
1023 2291 1174 2361 impiorum
1188 2299 1215 2343 et
1226 2305 1284 2343 sce·

100 2397 262 2451 termonem
279 2399 432 2466 habemur,-
451 2399 486 2452 ab
504 2399 539 2452 iis
557 2413 652 2452 munes
667 2399 815 2464 decedunt,
827 2399 936 2451 diitum
950 2413 1059 2460 eorum,
1072 2411 1286 2466 sermonemque

98 2507 249 2576 disuqiunt
265 2523 302 2560 ne
321 2506 388 2576 quid
401 2523 437 2560 eu
455 2510 619 2576 comaqione
636 2506 807 2560 incommodi
824 2505 978 2575 accipiunt,·
994 2521 1084 2574 neque
1103 2505 1138 2557 iis
1156 2504 1200 2557 ius
1220 2507 1285 2558 red·

98 2611 188 2677 ddum,
206 2628 297 2682 neque
314 2613 401 2666 bonos
418 2613 499 2666 ullus
518 2615 739 2668 communicatur
750 2625 776 2670 a.
796 2610 867 2664 lnibi
885 2610 920 2664 ad
939 2610 1071 2664 amussim
1090 2609 1285 2679 exprimuntur

99 2718 398 2776 excommunicationis
420 2719 535 2774 effectus
559 2719 645 2774 etiam
669 2719 700 2772 in
723 2719 862 2772 humenis.
882 2716 961 2771 llaud
986 2715 1129 2770 dissimilis
1147 2731 1236 2785 poena
1255 2716 1283 2768 in

98 2837 180 2876 more
189 2827 252 2876 erat
261 2822 334 2892 apud
347 2821 498 2889 Hebraeos,
510 2823 585 2894 quia,
598 2822 639 2876 uti
654 2822 756 2892 passim
769 2821 889 2892 legimus
902 2822 931 2874 in
944 2820 1107 2890 Evangelio,
1121 2819 1284 2888 g1·avissima

98 2947 192 3002 poena
217 2929 382 2997 habebatur,
400 2933 465 3001 fieri
491 2941 572 2986 extra
596 2947 774 3001 syndqoqunu
795 2929 901 2988 Exinde
919 2929 995 2985 enim
1020 2929 1082 2998 quis
1101 2933 1162 2983 erat
1180 2930 1249 2982 aaut
1266 2945 1284 2980 a

96 3037 245 3090 societate.
259 3035 318 3090 Hac
336 3035 422 3091 etiam
441 3036 475 3090 de
494 3053 578 3090 causa
596 3036 625 3089 in
644 3036 786 3091 veteribus
803 3034 947 3090 Ecclesiae
966 3035 1153 3089 monumentis
1172 3051 1284 3088 excom·

99 3143 256 3198 manicatio
283 3144 359 3198 dicta
383 3149 427 3199 est
454 3145 574 3199 exilium
600 3148 630 3199 et
655 3146 862 3200 exterminium.
881 3142 925 3197 lus
944 3144 1019 3198 enim
1039 3142 1182 3212 publicum
1201 3141 1283 3198 civile

100 3251 216 3306 illorum
234 3255 392 3322 temporum
410 3253 629 3322 recognoscebat
640 3251 785 3308 Ecclesiae
811 3253 953 3321 integrum
973 3268 1033 3306 esse
1051 3250 1173 3321 aliquem
1192 3253 1285 3304 exur-

100 3371 161 3410 rem
179 3355 274 3411 facere
291 3371 309 3409 a
327 3355 451 3420 civitate,
470 3355 497 3410 ei
516 3354 623 3410 inflicta
642 3354 937 3411 excommunicatione.
957 3353 987 3408 ln
1006 3353 1066 3423 ipso
1084 3352 1190 3408 Concil.
1208 3352 1283 3407 Trid.

101 3463 176 3516 Sese.
194 3463 250 3527 25,
272 3480 331 3533 cap.
357 3463 409 3528 19,
429 3463 458 3518 in
486 3461 644 3518 duellentes
670 3478 788 3532 poenam
817 3462 963 3530 coniungit
990 3460 1284 3516 excommunicationis

100 3587 165 3624 cum
184 3570 388 3640 proscriptione
407 3587 454 3624 seu
471 3571 664 3640 publicatione
683 3569 806 3624 omnium
826 3570 959 3622 bonorum
979 3567 1226 3638 patrimonialium.

193 3675 233 3748 (l)
253 3675 328 3732 Haec
354 3675 448 3732 Consi.
468 3675 556 3747 (apud
579 3677 737 3743 Hardeuin,
755 3685 776 3730 t.
803 3675 881 3742 VIII,
901 3676 953 3730 col.
976 3675 1055 3743 892.)
1084 3676 1125 3730 ita
1149 3679 1284 3750 concepta

99 3788 144 3840 est
163 3801 180 3836 ‹
195 3783 318 3853 Insuper
335 3785 374 3837 cd
395 3785 525 3838 evitando
542 3784 679 3838 scandula
702 3792 729 3837 et
746 3783 836 3836 multa
852 3783 985 3852 pericula
1008 3783 1282 3851 subveniendumque

100 3891 277 3946 conscientiis
299 3893 444 3951 timoratis.
464 3891 593 3948 omuibus
611 3891 714 3945 Christi
730 3891 862 3960 fidelibus
878 3893 975 3944 tenore
994 3889 1182 3958 praesentium
1201 3888 1284 3943 mise·

99 3997 250 4052 riwrditer
277 3997 462 4067 indulgemus,
483 3998 556 4068 quod
582 4013 664 4052 nemo
692 3997 822 4066 deinceps
848 4013 865 4052 a
892 3995 1085 4049 communione
1110 3994 1229 4048 alicuius
1253 3995 1282 4050 in

98 4108 350 4159 sacramemtorum
375 4103 619 4159 administratione
643 4103 688 4158 vel
714 4104 873 4173 receptione
899 4109 948 4156 aut
976 4101 1039 4156 aliis
1063 4103 1282 4173 quibuscumque

99 4211 203 4266 divinis
225 4209 272 4266 vel
299 4215 380 4266 extra
407 4210 472 4277 illa,
499 4215 645 4280 praetextu
672 4211 870 4281 cuiuscumque
894 4209 1052 4266 sententiae
1075 4214 1125 4264 aut
1149 4225 1282 4266 censurae

98 4318 310 4374 ecclesiasticae
323 4335 341 4373 a
352 4320 412 4374 inre
424 4318 470 4374 val
483 4319 519 4372 ab
531 4317 645 4373 homine
657 4319 827 4388 generaliter
841 4317 1043 4388 promulgatae,
1055 4322 1185 4372 teneatur
1197 4317 1282 4390 ahsti7

97 4443 167 4482 nere
180 4425 226 4483 vel
245 4425 367 4498 aliquem
382 4427 472 4482 vitare
491 4443 524 4480 ac
542 4425 721 4480 interdictum
739 4425 960 4482 ecclesiasticum
978 4426 1135 4492 observare,
1148 4425 1202 4479 nisi
1220 4441 1282 4479 sen·
