<?xml version="1.0" encoding="UTF-8"?>
<!DOCTYPE html PUBLIC "-//W3C//DTD XHTML 1.0 Transitional//EN"
    "http://www.w3.org/TR/xhtml1/DTD/xhtml1-transitional.dtd">
<html xmlns="http://www.w3.org/1999/xhtml" xml:lang="en" lang="en">
 <head>
  <title>
</title>
<meta http-equiv="Content-Type" content="text/html;charset=utf-8" />
  <meta name='ocr-system' content='tesseract 3.04.00' />
  <meta name='ocr-capabilities' content='ocr_page ocr_carea ocr_par ocr_line ocrx_word'/>
</head>
<body>
  <div class='ocr_page' id='page_1' title='image "./praelectionesin02legagoog_0212.png"; bbox 0 0 3202 5104; ppageno 0'>
   <div class='ocr_carea' id='block_1_1' title="bbox 472 275 1280 347">
    <p class='ocr_par' dir='ltr' id='par_1_1' title="bbox 472 275 1280 347">
     <span class='ocr_line' id='line_1_1' title="bbox 472 275 1280 347; baseline -0.009 0"><span class='ocrx_word' id='word_1_1' title='bbox 472 301 516 347; x_wconf 84' lang='lat' dir='ltr'><em>na</em></span> <span class='ocrx_word' id='word_1_2' title='bbox 539 297 694 347; x_wconf 79' lang='lat' dir='ltr'><em>numcrrs</em></span> <span class='ocrx_word' id='word_1_3' title='bbox 718 297 761 344; x_wconf 82' lang='lat' dir='ltr'><em>ar</em></span> <span class='ocrx_word' id='word_1_4' title='bbox 785 297 905 344; x_wconf 80' lang='lat' dir='ltr'><em>roams</em></span> <span class='ocrx_word' id='word_1_5' title='bbox 1213 275 1280 342; x_wconf 82' lang='lat'><em>207</em></span> 
     </span>
    </p>
   </div>
   <div class='ocr_carea' id='block_1_2' title="bbox 88 418 1281 2496">
    <p class='ocr_par' dir='ltr' id='par_1_2' title="bbox 88 418 1281 2496">
     <span class='ocr_line' id='line_1_2' title="bbox 93 418 1280 504; baseline -0.002 -16"><span class='ocrx_word' id='word_1_6' title='bbox 93 428 221 490; x_wconf 72' lang='lat' dir='ltr'><em>donem</em></span> <span class='ocrx_word' id='word_1_7' title='bbox 246 425 277 491; x_wconf 92' lang='lat' dir='ltr'><em>S.</em></span> <span class='ocrx_word' id='word_1_8' title='bbox 295 421 414 500; x_wconf 87' lang='lat' dir='ltr'><em>Ufficii;</em></span> <span class='ocrx_word' id='word_1_9' title='bbox 439 423 563 490; x_wconf 87' lang='lat' dir='ltr'><em>scilicet</em></span> <span class='ocrx_word' id='word_1_10' title='bbox 578 421 674 492; x_wconf 91' lang='lat' dir='ltr'><em>dubio</em></span> <span class='ocrx_word' id='word_1_11' title='bbox 691 441 709 483; x_wconf 87' lang='lat'><strong>‹</strong></span> <span class='ocrx_word' id='word_1_12' title='bbox 732 419 853 486; x_wconf 80' lang='lat' dir='ltr'><strong><em>Utrum</em></strong></span> <span class='ocrx_word' id='word_1_13' title='bbox 863 424 971 504; x_wconf 80' lang='lat' dir='ltr'><em>possit</em></span> <span class='ocrx_word' id='word_1_14' title='bbox 987 428 1046 484; x_wconf 89' lang='lat' dir='ltr'><em>ant</em></span> <span class='ocrx_word' id='word_1_15' title='bbox 1062 418 1180 486; x_wconf 87' lang='lat' dir='ltr'><em>debeat</em></span> <span class='ocrx_word' id='word_1_16' title='bbox 1195 419 1280 487; x_wconf 87' lang='lat' dir='ltr'><em>ccle-</em></span> 
     </span>
     <span class='ocr_line' id='line_1_3' title="bbox 93 543 1279 634; baseline -0.004 -17"><span class='ocrx_word' id='word_1_17' title='bbox 93 549 197 617; x_wconf 84' lang='lat' dir='ltr'><em>brari</em></span> <span class='ocrx_word' id='word_1_18' title='bbox 223 549 332 616; x_wconf 87' lang='lat' dir='ltr'><em>Misso</em></span> <span class='ocrx_word' id='word_1_19' title='bbox 359 569 401 616; x_wconf 90' lang='lat' dir='ltr'><em>ac</em></span> <span class='ocrx_word' id='word_1_20' title='bbox 427 549 562 634; x_wconf 84' lang='lat' dir='ltr'><em>percipi</em></span> <span class='ocrx_word' id='word_1_21' title='bbox 587 550 799 633; x_wconf 77' lang='lat' dir='ltr'><em>eleemosyna</em></span> <span class='ocrx_word' id='word_1_22' title='bbox 817 565 885 630; x_wconf 85' lang='lat' dir='ltr'><em>pro</em></span> <span class='ocrx_word' id='word_1_23' title='bbox 909 543 1279 631; x_wconf 79' lang='lat' dir='ltr'><em>praeco-schismatico,</em></span> 
     </span>
     <span class='ocr_line' id='line_1_4' title="bbox 91 665 1281 757; baseline -0.004 -21"><span class='ocrx_word' id='word_1_24' title='bbox 91 672 157 756; x_wconf 81' lang='lat' dir='ltr'><em>qui</em></span> <span class='ocrx_word' id='word_1_25' title='bbox 171 671 275 738; x_wconf 76' lang='lat' dir='ltr'><em>enine</em></span> <span class='ocrx_word' id='word_1_26' title='bbox 298 677 372 738; x_wconf 87' lang='lat' dir='ltr'><em>oret</em></span> <span class='ocrx_word' id='word_1_27' title='bbox 386 677 487 757; x_wconf 81' lang='lat' dir='ltr'><em>alque</em></span> <span class='ocrx_word' id='word_1_28' title='bbox 502 671 611 746; x_wconf 85' lang='lat' dir='ltr'><em>instet,</em></span> <span class='ocrx_word' id='word_1_29' title='bbox 628 677 666 736; x_wconf 83' lang='lat' dir='ltr'><em>nt</em></span> <span class='ocrx_word' id='word_1_30' title='bbox 680 669 789 736; x_wconf 86' lang='lat' dir='ltr'><em>Misso</em></span> <span class='ocrx_word' id='word_1_31' title='bbox 803 669 995 752; x_wconf 75' lang='lat' dir='ltr'><strong><em>applicetur</em></strong></span> <span class='ocrx_word' id='word_1_32' title='bbox 1014 687 1082 751; x_wconf 87' lang='lat' dir='ltr'><em>pro</em></span> <span class='ocrx_word' id='word_1_33' title='bbox 1104 685 1142 734; x_wconf 92' lang='lat' dir='ltr'><em>eo</em></span> <span class='ocrx_word' id='word_1_34' title='bbox 1158 665 1227 733; x_wconf 88' lang='lat' dir='ltr'><em>siae</em></span> <span class='ocrx_word' id='word_1_35' title='bbox 1242 666 1281 732; x_wconf 90' lang='lat' dir='ltr'><em>in</em></span> 
     </span>
     <span class='ocr_line' id='line_1_5' title="bbox 92 789 1279 878; baseline -0.005 -16"><span class='ocrx_word' id='word_1_36' title='bbox 92 794 251 862; x_wconf 84' lang='lat' dir='ltr'><em>Ecclesia</em></span> <span class='ocrx_word' id='word_1_37' title='bbox 273 796 438 872; x_wconf 85' lang='lat' dir='ltr'><em>adstante,</em></span> <span class='ocrx_word' id='word_1_38' title='bbox 466 795 536 862; x_wconf 87' lang='lat' dir='ltr'><em>siae</em></span> <span class='ocrx_word' id='word_1_39' title='bbox 559 799 660 862; x_wconf 76' lang='lat' dir='ltr'><em>entra</em></span> <span class='ocrx_word' id='word_1_40' title='bbox 675 793 863 861; x_wconf 76' lang='lat' dir='ltr'><em>Ecclesiam</em></span> <span class='ocrx_word' id='word_1_41' title='bbox 886 797 1087 858; x_wconf 77' lang='lat' dir='ltr'><em>manente»</em></span> <span class='ocrx_word' id='word_1_42' title='bbox 1114 790 1147 858; x_wconf 84' lang='lat' dir='ltr'><em>S.</em></span> <span class='ocrx_word' id='word_1_43' title='bbox 1176 789 1279 878; x_wconf 84' lang='lat' dir='ltr'><em>Conp.</em></span> 
     </span>
     <span class='ocr_line' id='line_1_6' title="bbox 95 915 1280 1005; baseline -0.003 -20"><span class='ocrx_word' id='word_1_44' title='bbox 95 918 183 1002; x_wconf 79' lang='lat' dir='ltr'><em>Sap.</em></span> <span class='ocrx_word' id='word_1_45' title='bbox 210 920 271 985; x_wconf 89' lang='lat' dir='ltr'><em>Un.</em></span> <span class='ocrx_word' id='word_1_46' title='bbox 288 921 364 1005; x_wconf 79' lang='lat' dir='ltr'><em>lnq.</em></span> <span class='ocrx_word' id='word_1_47' title='bbox 389 919 444 986; x_wconf 90' lang='lat' dir='ltr'><em>die</em></span> <span class='ocrx_word' id='word_1_48' title='bbox 459 921 503 986; x_wconf 89' lang='lat'><em>19</em></span> <span class='ocrx_word' id='word_1_49' title='bbox 517 919 638 1003; x_wconf 81' lang='lat' dir='ltr'><em>Aprile</em></span> <span class='ocrx_word' id='word_1_50' title='bbox 653 917 746 986; x_wconf 79' lang='lat'><strong><em>1837</em></strong></span> <span class='ocrx_word' id='word_1_51' title='bbox 761 918 940 1005; x_wconf 89' lang='lat' dir='ltr'><em>respondit:</em></span> <span class='ocrx_word' id='word_1_52' title='bbox 961 919 1101 982; x_wconf 80' lang='lat' dir='ltr'><em>«lacta</em></span> <span class='ocrx_word' id='word_1_53' title='bbox 1124 915 1280 1002; x_wconf 77' lang='lat' dir='ltr'><em>adposita</em></span> 
     </span>
     <span class='ocr_line' id='line_1_7' title="bbox 91 1041 1280 1131; baseline -0.001 -20"><span class='ocrx_word' id='word_1_54' title='bbox 91 1064 167 1111; x_wconf 86' lang='lat' dir='ltr'><em>non</em></span> <span class='ocrx_word' id='word_1_55' title='bbox 192 1044 314 1120; x_wconf 79' lang='lat' dir='ltr'><em>licere3</em></span> <span class='ocrx_word' id='word_1_56' title='bbox 336 1045 404 1112; x_wconf 83' lang='lat' dir='ltr'><em>nisi</em></span> <span class='ocrx_word' id='word_1_57' title='bbox 427 1049 552 1112; x_wconf 75' lang='lat' dir='ltr'><em>cmistet</em></span> <span class='ocrx_word' id='word_1_58' title='bbox 579 1063 748 1129; x_wconf 76' lang='lat' dir='ltr'><em>cupresso,</em></span> <span class='ocrx_word' id='word_1_59' title='bbox 765 1045 1014 1131; x_wconf 73' lang='lat' dir='ltr'><em>eleemosynam</em></span> <span class='ocrx_word' id='word_1_60' title='bbox 1029 1063 1052 1110; x_wconf 90' lang='lat' dir='ltr'><em>a</em></span> <span class='ocrx_word' id='word_1_61' title='bbox 1067 1041 1280 1110; x_wconf 82' lang='lat' dir='ltr'><em>schismatico</em></span> 
     </span>
     <span class='ocr_line' id='line_1_8' title="bbox 88 1167 1280 1254; baseline -0.003 -18"><span class='ocrx_word' id='word_1_62' title='bbox 88 1167 257 1252; x_wconf 84' lang='lat' dir='ltr'><em>praeberi</em></span> <span class='ocrx_word' id='word_1_63' title='bbox 285 1169 331 1236; x_wconf 91' lang='lat' dir='ltr'><em>ad</em></span> <span class='ocrx_word' id='word_1_64' title='bbox 357 1169 614 1252; x_wconf 78' lang='lat' dir='ltr'><em>impetrandam</em></span> <span class='ocrx_word' id='word_1_65' title='bbox 638 1169 892 1236; x_wconf 85' lang='lat' dir='ltr'><em>conversionem</em></span> <span class='ocrx_word' id='word_1_66' title='bbox 916 1169 963 1236; x_wconf 88' lang='lat' dir='ltr'><em>ad</em></span> <span class='ocrx_word' id='word_1_67' title='bbox 985 1189 1104 1236; x_wconf 85' lang='lat' dir='ltr'><em>nerum</em></span> <span class='ocrx_word' id='word_1_68' title='bbox 1125 1169 1229 1254; x_wconf 75' lang='lat' dir='ltr'><em>fidem</em></span> <span class='ocrx_word' id='word_1_69' title='bbox 1248 1189 1280 1232; x_wconf 83' lang='grc'><em>».</em></span> 
     </span>
     <span class='ocr_line' id='line_1_9' title="bbox 93 1291 1279 1380; baseline 0 -22"><span class='ocrx_word' id='word_1_70' title='bbox 93 1294 225 1360; x_wconf 86' lang='lat' dir='ltr'><em>Verum</em></span> <span class='ocrx_word' id='word_1_71' title='bbox 247 1295 414 1380; x_wconf 84' lang='lat' dir='ltr'><em>responsio</em></span> <span class='ocrx_word' id='word_1_72' title='bbox 430 1313 494 1359; x_wconf 92' lang='lat' dir='ltr'><em>non</em></span> <span class='ocrx_word' id='word_1_73' title='bbox 511 1294 641 1359; x_wconf 85' lang='lat' dir='ltr'><em>videtur</em></span> <span class='ocrx_word' id='word_1_74' title='bbox 660 1293 802 1380; x_wconf 89' lang='lat' dir='ltr'><em>probare</em></span> <span class='ocrx_word' id='word_1_75' title='bbox 824 1295 1035 1358; x_wconf 88' lang='lat' dir='ltr'><em>intentionem</em></span> <span class='ocrx_word' id='word_1_76' title='bbox 1059 1293 1099 1357; x_wconf 89' lang='lat' dir='ltr'><em>cl.</em></span> <span class='ocrx_word' id='word_1_77' title='bbox 1117 1291 1279 1364; x_wconf 83' lang='lat' dir='ltr'><em>Auctoris,</em></span> 
     </span>
     <span class='ocr_line' id='line_1_10' title="bbox 93 1417 1280 1502; baseline 0 -20"><span class='ocrx_word' id='word_1_78' title='bbox 93 1419 173 1502; x_wconf 89' lang='lat' dir='ltr'><em>quia</em></span> <span class='ocrx_word' id='word_1_79' title='bbox 196 1418 256 1482; x_wconf 83' lang='lat' dir='ltr'><em>ista</em></span> <span class='ocrx_word' id='word_1_80' title='bbox 283 1418 399 1485; x_wconf 87' lang='lat' dir='ltr'><em>asserit</em></span> <span class='ocrx_word' id='word_1_81' title='bbox 429 1421 503 1484; x_wconf 91' lang='lat' dir='ltr'><em>non</em></span> <span class='ocrx_word' id='word_1_82' title='bbox 531 1417 632 1486; x_wconf 85' lang='lat' dir='ltr'><em>licere</em></span> <span class='ocrx_word' id='word_1_83' title='bbox 655 1417 800 1484; x_wconf 81' lang='lat' dir='ltr'><em>Missam</em></span> <span class='ocrx_word' id='word_1_84' title='bbox 834 1419 1012 1502; x_wconf 83' lang='lat' dir='ltr'><em>applicare</em></span> <span class='ocrx_word' id='word_1_85' title='bbox 1035 1437 1103 1502; x_wconf 88' lang='lat' dir='ltr'><em>pro</em></span> <span class='ocrx_word' id='word_1_86' title='bbox 1122 1417 1280 1484; x_wconf 47' lang='lat' dir='ltr'><em>*schima-</em></span> 
     </span>
     <span class='ocr_line' id='line_1_11' title="bbox 93 1540 1281 1630; baseline 0 -23"><span class='ocrx_word' id='word_1_87' title='bbox 93 1541 160 1608; x_wconf 84' lang='lat' dir='ltr'><em>tico</em></span> <span class='ocrx_word' id='word_1_88' title='bbox 197 1540 243 1606; x_wconf 88' lang='lat' dir='ltr'><em>ud</em></span> <span class='ocrx_word' id='word_1_89' title='bbox 280 1541 377 1608; x_wconf 89' lang='lat' dir='ltr'><em>buius</em></span> <span class='ocrx_word' id='word_1_90' title='bbox 415 1548 579 1630; x_wconf 81' lang='lat' dir='ltr'><em>rogatum3</em></span> <span class='ocrx_word' id='word_1_91' title='bbox 617 1545 650 1608; x_wconf 86' lang='lat' dir='ltr'><em>et</em></span> <span class='ocrx_word' id='word_1_92' title='bbox 684 1540 814 1607; x_wconf 83' lang='lat' dir='ltr'><em>aliunde</em></span> <span class='ocrx_word' id='word_1_93' title='bbox 845 1543 914 1626; x_wconf 85' lang='lat' dir='ltr'><em>ipse</em></span> <span class='ocrx_word' id='word_1_94' title='bbox 943 1540 1127 1606; x_wconf 87' lang='lat' dir='ltr'><em>Lebmkubl</em></span> <span class='ocrx_word' id='word_1_95' title='bbox 1158 1541 1281 1609; x_wconf 82' lang='lat' dir='ltr'><em>fatetur</em></span> 
     </span>
     <span class='ocr_line' id='line_1_12' title="bbox 91 1664 1281 1753; baseline -0.002 -19"><span class='ocrx_word' id='word_1_96' title='bbox 91 1664 180 1752; x_wconf 84' lang='lat' dir='ltr'><em>(not.</em></span> <span class='ocrx_word' id='word_1_97' title='bbox 204 1667 221 1730; x_wconf 88' lang='lat'><em>1</em></span> <span class='ocrx_word' id='word_1_98' title='bbox 245 1667 267 1750; x_wconf 67' lang='grc' dir='ltr'><strong>ἓ</strong></span> <span class='ocrx_word' id='word_1_99' title='bbox 290 1664 358 1753; x_wconf 82' lang='lat' dir='ltr'><em>cil.)</em></span> <span class='ocrx_word' id='word_1_100' title='bbox 373 1667 459 1732; x_wconf 91' lang='lat' dir='ltr'><em>haud</em></span> <span class='ocrx_word' id='word_1_101' title='bbox 483 1672 607 1733; x_wconf 88' lang='lat' dir='ltr'><em>certum</em></span> <span class='ocrx_word' id='word_1_102' title='bbox 631 1687 710 1740; x_wconf 82' lang='lat' dir='ltr'><em>esse,</em></span> <span class='ocrx_word' id='word_1_103' title='bbox 725 1686 826 1750; x_wconf 89' lang='lat' dir='ltr'><em>posse</em></span> <span class='ocrx_word' id='word_1_104' title='bbox 849 1666 1183 1732; x_wconf 85' lang='lat' dir='ltr'><em>cacommnnicatnm</em></span> <span class='ocrx_word' id='word_1_105' title='bbox 1205 1667 1281 1733; x_wconf 88' lang='lat' dir='ltr'><em>tole·</em></span> 
     </span>
     <span class='ocr_line' id='line_1_13' title="bbox 92 1787 1281 1874; baseline 0.002 -20"><span class='ocrx_word' id='word_1_106' title='bbox 92 1793 214 1854; x_wconf 87' lang='lat' dir='ltr'><em>ratam</em></span> <span class='ocrx_word' id='word_1_107' title='bbox 236 1787 311 1854; x_wconf 84' lang='lat' dir='ltr'><em>sine</em></span> <span class='ocrx_word' id='word_1_108' title='bbox 329 1794 469 1873; x_wconf 87' lang='lat' dir='ltr'><em>peccato</em></span> <span class='ocrx_word' id='word_1_109' title='bbox 496 1789 617 1856; x_wconf 87' lang='lat' dir='ltr'><em>sallem</em></span> <span class='ocrx_word' id='word_1_110' title='bbox 639 1788 765 1854; x_wconf 88' lang='lat' dir='ltr'><em>oeniuli</em></span> <span class='ocrx_word' id='word_1_111' title='bbox 787 1807 913 1874; x_wconf 78' lang='lat' dir='ltr'><em>copore</em></span> <span class='ocrx_word' id='word_1_112' title='bbox 928 1791 1148 1864; x_wconf 85' lang='lat' dir='ltr'><em>sacerdotem,</em></span> <span class='ocrx_word' id='word_1_113' title='bbox 1172 1793 1213 1854; x_wconf 88' lang='lat' dir='ltr'><em>al</em></span> <span class='ocrx_word' id='word_1_114' title='bbox 1234 1787 1281 1856; x_wconf 88' lang='lat' dir='ltr'><em>ad</em></span> 
     </span>
     <span class='ocr_line' id='line_1_14' title="bbox 90 1913 1279 1998; baseline 0.002 -19"><span class='ocrx_word' id='word_1_115' title='bbox 90 1932 196 1979; x_wconf 75' lang='lat' dir='ltr'><em>neam</em></span> <span class='ocrx_word' id='word_1_116' title='bbox 212 1913 432 1981; x_wconf 88' lang='lat' dir='ltr'><em>intentionem</em></span> <span class='ocrx_word' id='word_1_117' title='bbox 455 1914 606 1990; x_wconf 79' lang='lat' dir='ltr'><em>celebret,</em></span> <span class='ocrx_word' id='word_1_118' title='bbox 622 1913 692 1981; x_wconf 79' lang='lat' dir='ltr'><em>nist</em></span> <span class='ocrx_word' id='word_1_119' title='bbox 706 1914 796 1998; x_wconf 83' lang='lat' dir='ltr'><em>forte</em></span> <span class='ocrx_word' id='word_1_120' title='bbox 818 1914 856 1979; x_wconf 93' lang='lat' dir='ltr'><em>id</em></span> <span class='ocrx_word' id='word_1_121' title='bbox 879 1933 924 1980; x_wconf 77' lang='lat' dir='ltr'><em>ecc</em></span> <span class='ocrx_word' id='word_1_122' title='bbox 947 1913 1115 1980; x_wconf 84' lang='lat' dir='ltr'><em>desiderio</em></span> <span class='ocrx_word' id='word_1_123' title='bbox 1139 1933 1279 1981; x_wconf 84' lang='lat' dir='ltr'><em>conver-</em></span> 
     </span>
     <span class='ocr_line' id='line_1_15' title="bbox 91 2037 1281 2124; baseline 0 -20"><span class='ocrx_word' id='word_1_124' title='bbox 91 2037 202 2104; x_wconf 70' lang='lat' dir='ltr'><em>dona</em></span> <span class='ocrx_word' id='word_1_125' title='bbox 225 2042 256 2103; x_wconf 88' lang='lat' dir='ltr'><em>ct</em></span> <span class='ocrx_word' id='word_1_126' title='bbox 279 2038 326 2102; x_wconf 88' lang='lat' dir='ltr'><em>ad</em></span> <span class='ocrx_word' id='word_1_127' title='bbox 350 2037 440 2104; x_wconf 82' lang='lat' dir='ltr'><em>nnnc</em></span> <span class='ocrx_word' id='word_1_128' title='bbox 454 2040 557 2124; x_wconf 80' lang='lat' dir='ltr'><em>finem</em></span> <span class='ocrx_word' id='word_1_129' title='bbox 576 2043 681 2121; x_wconf 89' lang='lat' dir='ltr'><em>petat.</em></span> <span class='ocrx_word' id='word_1_130' title='bbox 707 2038 749 2103; x_wconf 87' lang='lat' dir='ltr'><em>Et</em></span> <span class='ocrx_word' id='word_1_131' title='bbox 772 2039 854 2103; x_wconf 88' lang='lat' dir='ltr'><em>haec</em></span> <span class='ocrx_word' id='word_1_132' title='bbox 878 2055 959 2102; x_wconf 86' lang='lat' dir='ltr'><em>vera</em></span> <span class='ocrx_word' id='word_1_133' title='bbox 982 2043 1057 2103; x_wconf 89' lang='lat' dir='ltr'><em>sunt</em></span> <span class='ocrx_word' id='word_1_134' title='bbox 1072 2039 1163 2103; x_wconf 81' lang='lat' dir='ltr'><em>iuxta</em></span> <span class='ocrx_word' id='word_1_135' title='bbox 1185 2057 1281 2123; x_wconf 77' lang='lat' dir='ltr'><em>gene</em></span> 
     </span>
     <span class='ocr_line' id='line_1_16' title="bbox 92 2161 1279 2248; baseline 0.002 -22"><span class='ocrx_word' id='word_1_136' title='bbox 92 2161 200 2226; x_wconf 82' lang='lat' dir='ltr'><em>ralem</em></span> <span class='ocrx_word' id='word_1_137' title='bbox 223 2161 333 2248; x_wconf 84' lang='lat' dir='ltr'><em>legem</em></span> <span class='ocrx_word' id='word_1_138' title='bbox 358 2163 558 2230; x_wconf 84' lang='lat' dir='ltr'><em>tolerantiae</em></span> <span class='ocrx_word' id='word_1_139' title='bbox 582 2162 687 2228; x_wconf 86' lang='lat' dir='ltr'><em>editae</em></span> <span class='ocrx_word' id='word_1_140' title='bbox 710 2182 776 2227; x_wconf 91' lang='lat' dir='ltr'><em>non</em></span> <span class='ocrx_word' id='word_1_141' title='bbox 799 2164 833 2226; x_wconf 93' lang='lat' dir='ltr'><em>in</em></span> <span class='ocrx_word' id='word_1_142' title='bbox 856 2161 1001 2227; x_wconf 82' lang='lat' dir='ltr'><em>favorem</em></span> <span class='ocrx_word' id='word_1_143' title='bbox 1021 2167 1279 2238; x_wconf 77' lang='lat' dir='ltr'><em>censuratorum</em></span> 
     </span>
     <span class='ocr_line' id='line_1_17' title="bbox 91 2269 1280 2373; baseline 0.003 -23"><span class='ocrx_word' id='word_1_144' title='bbox 91 2286 152 2351; x_wconf 89' lang='lat' dir='ltr'><em>sed</em></span> <span class='ocrx_word' id='word_1_145' title='bbox 175 2287 210 2350; x_wconf 89' lang='lat' dir='ltr'><em>in</em></span> <span class='ocrx_word' id='word_1_146' title='bbox 234 2286 381 2352; x_wconf 81' lang='lat' dir='ltr'><em>favorem</em></span> <span class='ocrx_word' id='word_1_147' title='bbox 404 2285 556 2353; x_wconf 87' lang='lat' dir='ltr'><em>fidelium.</em></span> <span class='ocrx_word' id='word_1_148' title='bbox 581 2287 665 2354; x_wconf 86' lang='lat' dir='ltr'><em>Sane</em></span> <span class='ocrx_word' id='word_1_149' title='bbox 689 2287 840 2356; x_wconf 85' lang='lat' dir='ltr'><em>toleratis</em></span> <span class='ocrx_word' id='word_1_150' title='bbox 863 2289 913 2353; x_wconf 88' lang='lat' dir='ltr'><em>ius</em></span> <span class='ocrx_word' id='word_1_151' title='bbox 935 2293 1068 2353; x_wconf 88' lang='lat' dir='ltr'><em>nonest</em></span> <span class='ocrx_word' id='word_1_152' title='bbox 1090 2269 1280 2373; x_wconf 87' lang='lat' dir='ltr'><em>acquisitum</em></span> 
     </span>
     <span class='ocr_line' id='line_1_18' title="bbox 92 2411 1280 2496; baseline 0.003 -20"><span class='ocrx_word' id='word_1_153' title='bbox 92 2411 325 2496; x_wconf 85' lang='lat' dir='ltr'><em>expostulandi</em></span> <span class='ocrx_word' id='word_1_154' title='bbox 341 2411 483 2478; x_wconf 85' lang='lat' dir='ltr'><em>fructum</em></span> <span class='ocrx_word' id='word_1_155' title='bbox 507 2413 740 2478; x_wconf 82' lang='lat' dir='ltr'><em>communionis</em></span> <span class='ocrx_word' id='word_1_156' title='bbox 755 2412 949 2489; x_wconf 68' lang='lat' dir='ltr'><em>catholicam</em></span> <span class='ocrx_word' id='word_1_157' title='bbox 975 2415 1119 2496; x_wconf 90' lang='lat' dir='ltr'><em>quamvis</em></span> <span class='ocrx_word' id='word_1_158' title='bbox 1135 2411 1280 2480; x_wconf 86' lang='lat' dir='ltr'><em>fidelibus</em></span> 
     </span>
    </p>
   </div>
   <div class='ocr_carea' id='block_1_3' title="bbox 92 2521 1280 2624">
    <p class='ocr_par' dir='ltr' id='par_1_3' title="bbox 92 2521 1280 2624">
     <span class='ocr_line' id='line_1_19' title="bbox 92 2521 1280 2624; baseline 0.002 -22"><span class='ocrx_word' id='word_1_159' title='bbox 92 2539 291 2624; x_wconf 84' lang='lat' dir='ltr'><em>permissum</em></span> <span class='ocrx_word' id='word_1_160' title='bbox 313 2539 354 2604; x_wconf 88' lang='lat' dir='ltr'><em>sit</em></span> <span class='ocrx_word' id='word_1_161' title='bbox 377 2559 449 2604; x_wconf 88' lang='lat' dir='ltr'><em>cum</em></span> <span class='ocrx_word' id='word_1_162' title='bbox 473 2539 538 2604; x_wconf 90' lang='lat' dir='ltr'><em>illis</em></span> <span class='ocrx_word' id='word_1_163' title='bbox 560 2521 801 2606; x_wconf 84' lang='lat' dir='ltr'><em>communicare</em></span> <span class='ocrx_word' id='word_1_164' title='bbox 831 2539 926 2604; x_wconf 88' lang='lat' dir='ltr'><em>etiam</em></span> <span class='ocrx_word' id='word_1_165' title='bbox 951 2539 985 2603; x_wconf 92' lang='lat' dir='ltr'><em>in</em></span> <span class='ocrx_word' id='word_1_166' title='bbox 1008 2538 1123 2604; x_wconf 85' lang='lat' dir='ltr'><em>divinis</em></span> <span class='ocrx_word' id='word_1_167' title='bbox 1148 2544 1181 2603; x_wconf 89' lang='lat' dir='ltr'><em>et</em></span> <span class='ocrx_word' id='word_1_168' title='bbox 1202 2539 1280 2604; x_wconf 89' lang='lat' dir='ltr'><em>hino</em></span> 
     </span>
    </p>
   </div>
   <div class='ocr_carea' id='block_1_4' title="bbox 90 2660 1282 4490">
    <p class='ocr_par' dir='ltr' id='par_1_4' title="bbox 90 2660 1282 4490">
     <span class='ocr_line' id='line_1_20' title="bbox 91 2660 1279 2748; baseline 0.003 -22"><span class='ocrx_word' id='word_1_169' title='bbox 91 2660 324 2726; x_wconf 78' lang='lat' dir='ltr'><em>Sacerdotibus</em></span> <span class='ocrx_word' id='word_1_170' title='bbox 348 2682 408 2746; x_wconf 90' lang='lat' dir='ltr'><em>pro</em></span> <span class='ocrx_word' id='word_1_171' title='bbox 424 2662 472 2727; x_wconf 90' lang='lat' dir='ltr'><em>eis</em></span> <span class='ocrx_word' id='word_1_172' title='bbox 488 2662 623 2728; x_wconf 86' lang='lat' dir='ltr'><em>Sacrum</em></span> <span class='ocrx_word' id='word_1_173' title='bbox 641 2663 768 2728; x_wconf 82' lang='lat' dir='ltr'><em>iacere·</em></span> <span class='ocrx_word' id='word_1_174' title='bbox 781 2664 935 2728; x_wconf 76' lang='lat' dir='ltr'><em>Attamen</em></span> <span class='ocrx_word' id='word_1_175' title='bbox 952 2663 1066 2748; x_wconf 86' lang='lat' dir='ltr'><em>negari</em></span> <span class='ocrx_word' id='word_1_176' title='bbox 1082 2683 1146 2726; x_wconf 86' lang='lat' dir='ltr'><em>non</em></span> <span class='ocrx_word' id='word_1_177' title='bbox 1162 2667 1279 2748; x_wconf 87' lang='lat' dir='ltr'><em>potest,</em></span> 
     </span>
     <span class='ocr_line' id='line_1_21' title="bbox 90 2785 1280 2872; baseline 0.002 -22"><span class='ocrx_word' id='word_1_178' title='bbox 90 2805 137 2850; x_wconf 83' lang='lat' dir='ltr'><em>ex</em></span> <span class='ocrx_word' id='word_1_179' title='bbox 160 2787 303 2871; x_wconf 76' lang='lat' dir='ltr'><em>receptis</em></span> <span class='ocrx_word' id='word_1_180' title='bbox 336 2789 370 2850; x_wconf 86' lang='lat' dir='ltr'><em>et</em></span> <span class='ocrx_word' id='word_1_181' title='bbox 399 2785 542 2872; x_wconf 85' lang='lat' dir='ltr'><em>probatis</em></span> <span class='ocrx_word' id='word_1_182' title='bbox 566 2787 719 2860; x_wconf 87' lang='lat' dir='ltr'><em>moribus,</em></span> <span class='ocrx_word' id='word_1_183' title='bbox 743 2786 955 2853; x_wconf 86' lang='lat' dir='ltr'><em>vehementer</em></span> <span class='ocrx_word' id='word_1_184' title='bbox 978 2791 1176 2852; x_wconf 85' lang='lat' dir='ltr'><em>attenuatam</em></span> <span class='ocrx_word' id='word_1_185' title='bbox 1209 2807 1280 2852; x_wconf 87' lang='lat' dir='ltr'><em>esse</em></span> 
     </span>
     <span class='ocr_line' id='line_1_22' title="bbox 90 2909 1281 2995; baseline 0.002 -21"><span class='ocrx_word' id='word_1_186' title='bbox 90 2911 159 2974; x_wconf 81' lang='lat' dir='ltr'><em>vim</em></span> <span class='ocrx_word' id='word_1_187' title='bbox 190 2909 417 2995; x_wconf 87' lang='lat' dir='ltr'><em>prohibitionis</em></span> <span class='ocrx_word' id='word_1_188' title='bbox 449 2910 557 2976; x_wconf 69' lang='lat' dir='ltr'><em>molae</em></span> <span class='ocrx_word' id='word_1_189' title='bbox 589 2913 878 2978; x_wconf 83' lang='lat' dir='ltr'><em>excommunicatis</em></span> <span class='ocrx_word' id='word_1_190' title='bbox 909 2931 952 2976; x_wconf 88' lang='lat' dir='ltr'><em>ne</em></span> <span class='ocrx_word' id='word_1_191' title='bbox 983 2911 1221 2977; x_wconf 87' lang='lat' dir='ltr'><em>communicent</em></span> <span class='ocrx_word' id='word_1_192' title='bbox 1243 2911 1281 2976; x_wconf 88' lang='lat' dir='ltr'><em>in</em></span> 
     </span>
     <span class='ocr_line' id='line_1_23' title="bbox 92 3033 1281 3122; baseline 0 -20"><span class='ocrx_word' id='word_1_193' title='bbox 92 3033 220 3102; x_wconf 60' lang='lat' dir='ltr'><em>damis</em></span> <span class='ocrx_word' id='word_1_194' title='bbox 244 3055 318 3100; x_wconf 91' lang='lat' dir='ltr'><em>cum</em></span> <span class='ocrx_word' id='word_1_195' title='bbox 340 3033 504 3112; x_wconf 87' lang='lat' dir='ltr'><em>fidelibus;</em></span> <span class='ocrx_word' id='word_1_196' title='bbox 530 3038 621 3102; x_wconf 90' lang='lat' dir='ltr'><em>cuius</em></span> <span class='ocrx_word' id='word_1_197' title='bbox 647 3038 696 3102; x_wconf 88' lang='lat' dir='ltr'><em>rei</em></span> <span class='ocrx_word' id='word_1_198' title='bbox 720 3041 868 3122; x_wconf 89' lang='lat' dir='ltr'><em>apertum</em></span> <span class='ocrx_word' id='word_1_199' title='bbox 892 3036 1045 3101; x_wconf 87' lang='lat' dir='ltr'><em>indicium</em></span> <span class='ocrx_word' id='word_1_200' title='bbox 1070 3041 1120 3101; x_wconf 87' lang='lat' dir='ltr'><em>est</em></span> <span class='ocrx_word' id='word_1_201' title='bbox 1135 3036 1281 3102; x_wconf 87' lang='lat' dir='ltr'><em>clausula</em></span> 
     </span>
     <span class='ocr_line' id='line_1_24' title="bbox 90 3158 1279 3247; baseline 0.005 -25"><span class='ocrx_word' id='word_1_202' title='bbox 90 3160 241 3244; x_wconf 86' lang='lat' dir='ltr'><em>apposita</em></span> <span class='ocrx_word' id='word_1_203' title='bbox 257 3160 290 3222; x_wconf 89' lang='lat' dir='ltr'><em>in</em></span> <span class='ocrx_word' id='word_1_204' title='bbox 305 3160 464 3245; x_wconf 85' lang='lat' dir='ltr'><em>rescripto</em></span> <span class='ocrx_word' id='word_1_205' title='bbox 477 3161 508 3226; x_wconf 92' lang='lat' dir='ltr'><em>S.</em></span> <span class='ocrx_word' id='word_1_206' title='bbox 523 3158 629 3227; x_wconf 88' lang='lat' dir='ltr'><em>Officii</em></span> <span class='ocrx_word' id='word_1_207' title='bbox 643 3161 852 3247; x_wconf 84' lang='lat' dir='ltr'><em>approbante,</em></span> <span class='ocrx_word' id='word_1_208' title='bbox 866 3161 931 3246; x_wconf 89' lang='lat' dir='ltr'><em>peti</em></span> <span class='ocrx_word' id='word_1_209' title='bbox 945 3181 1040 3245; x_wconf 88' lang='lat' dir='ltr'><em>posse</em></span> <span class='ocrx_word' id='word_1_210' title='bbox 1053 3180 1073 3224; x_wconf 89' lang='lat' dir='ltr'><em>a</em></span> <span class='ocrx_word' id='word_1_211' title='bbox 1084 3161 1279 3228; x_wconf 83' lang='lat' dir='ltr'><em>schimatico</em></span> 
     </span>
     <span class='ocr_line' id='line_1_25' title="bbox 91 3281 1281 3366; baseline 0.003 -20"><span class='ocrx_word' id='word_1_212' title='bbox 91 3281 224 3347; x_wconf 87' lang='lat' dir='ltr'><em>Missae</em></span> <span class='ocrx_word' id='word_1_213' title='bbox 238 3281 502 3364; x_wconf 80' lang='lat' dir='ltr'><em>applicationem</em></span> <span class='ocrx_word' id='word_1_214' title='bbox 513 3303 581 3366; x_wconf 85' lang='lat' dir='ltr'><em>pro</em></span> <span class='ocrx_word' id='word_1_215' title='bbox 598 3283 652 3349; x_wconf 88' lang='lat' dir='ltr'><em>sni</em></span> <span class='ocrx_word' id='word_1_216' title='bbox 669 3285 897 3351; x_wconf 83' lang='lat' dir='ltr'><em>conversione.</em></span> <span class='ocrx_word' id='word_1_217' title='bbox 915 3283 1043 3348; x_wconf 83' lang='lat' dir='ltr'><em>Exinde</em></span> <span class='ocrx_word' id='word_1_218' title='bbox 1067 3303 1132 3349; x_wconf 92' lang='lat' dir='ltr'><em>non</em></span> <span class='ocrx_word' id='word_1_219' title='bbox 1152 3283 1281 3350; x_wconf 89' lang='lat' dir='ltr'><em>videtur</em></span> 
     </span>
     <span class='ocr_line' id='line_1_26' title="bbox 92 3403 1280 3492; baseline 0.004 -24"><span class='ocrx_word' id='word_1_220' title='bbox 92 3403 293 3489; x_wconf 90' lang='lat' dir='ltr'><em>prohibitum</em></span> <span class='ocrx_word' id='word_1_221' title='bbox 317 3425 387 3471; x_wconf 89' lang='lat' dir='ltr'><em>esse</em></span> <span class='ocrx_word' id='word_1_222' title='bbox 411 3405 577 3472; x_wconf 84' lang='lat' dir='ltr'><em>Sacerdoti</em></span> <span class='ocrx_word' id='word_1_223' title='bbox 598 3405 758 3472; x_wconf 89' lang='lat' dir='ltr'><em>catholico</em></span> <span class='ocrx_word' id='word_1_224' title='bbox 782 3427 847 3470; x_wconf 88' lang='lat' dir='ltr'><em>non</em></span> <span class='ocrx_word' id='word_1_225' title='bbox 871 3411 984 3492; x_wconf 81' lang='lat' dir='ltr'><em>rogato</em></span> <span class='ocrx_word' id='word_1_226' title='bbox 1008 3407 1139 3472; x_wconf 85' lang='lat' dir='ltr'><em>Missam</em></span> <span class='ocrx_word' id='word_1_227' title='bbox 1160 3405 1280 3473; x_wconf 86' lang='lat' dir='ltr'><em>offerre</em></span> 
     </span>
     <span class='ocr_line' id='line_1_27' title="bbox 92 3525 1280 3614; baseline 0.005 -25"><span class='ocrx_word' id='word_1_228' title='bbox 92 3545 154 3610; x_wconf 91' lang='lat' dir='ltr'><em>pro</em></span> <span class='ocrx_word' id='word_1_229' title='bbox 178 3525 360 3592; x_wconf 86' lang='lat' dir='ltr'><em>acatholico</em></span> <span class='ocrx_word' id='word_1_230' title='bbox 384 3528 544 3594; x_wconf 87' lang='lat' dir='ltr'><em>etiamad</em></span> <span class='ocrx_word' id='word_1_231' title='bbox 569 3528 636 3593; x_wconf 88' lang='lat' dir='ltr'><em>eius</em></span> <span class='ocrx_word' id='word_1_232' title='bbox 659 3530 908 3614; x_wconf 86' lang='lat' dir='ltr'><em>prosperitatem</em></span> <span class='ocrx_word' id='word_1_233' title='bbox 938 3529 1163 3614; x_wconf 83' lang='lat' dir='ltr'><em>temporalem,</em></span> <span class='ocrx_word' id='word_1_234' title='bbox 1188 3529 1280 3594; x_wconf 93' lang='lat' dir='ltr'><em>dum-</em></span> 
     </span>
     <span class='ocr_line' id='line_1_28' title="bbox 91 3649 1281 3738; baseline 0.004 -25"><span class='ocrx_word' id='word_1_235' title='bbox 91 3649 188 3714; x_wconf 89' lang='lat' dir='ltr'><em>modo</em></span> <span class='ocrx_word' id='word_1_236' title='bbox 206 3669 251 3715; x_wconf 85' lang='lat' dir='ltr'><em>ex</em></span> <span class='ocrx_word' id='word_1_237' title='bbox 266 3657 375 3717; x_wconf 89' lang='lat' dir='ltr'><em>mente</em></span> <span class='ocrx_word' id='word_1_238' title='bbox 398 3649 593 3734; x_wconf 87' lang='lat' dir='ltr'><em>Sacerdotis,</em></span> <span class='ocrx_word' id='word_1_239' title='bbox 611 3655 672 3718; x_wconf 85' lang='lat' dir='ltr'><em>ista</em></span> <span class='ocrx_word' id='word_1_240' title='bbox 695 3653 779 3717; x_wconf 89' lang='lat' dir='ltr'><em>bona</em></span> <span class='ocrx_word' id='word_1_241' title='bbox 801 3653 892 3718; x_wconf 89' lang='lat' dir='ltr'><em>illum</em></span> <span class='ocrx_word' id='word_1_242' title='bbox 908 3653 1089 3738; x_wconf 88' lang='lat' dir='ltr'><em>perducant</em></span> <span class='ocrx_word' id='word_1_243' title='bbox 1111 3653 1151 3719; x_wconf 88' lang='lat' dir='ltr'><em>ad</em></span> <span class='ocrx_word' id='word_1_244' title='bbox 1175 3655 1281 3720; x_wconf 91' lang='lat' dir='ltr'><em>sinum</em></span> 
     </span>
     <span class='ocr_line' id='line_1_29' title="bbox 91 3775 1280 3866; baseline 0.008 -29"><span class='ocrx_word' id='word_1_245' title='bbox 91 3793 195 3839; x_wconf 82' lang='lat' dir='ltr'><em>verae</em></span> <span class='ocrx_word' id='word_1_246' title='bbox 226 3775 402 3842; x_wconf 85' lang='lat' dir='ltr'><em>Ecclesiae.</em></span> <span class='ocrx_word' id='word_1_247' title='bbox 428 3777 501 3843; x_wconf 90' lang='lat' dir='ltr'><em>Hoc</em></span> <span class='ocrx_word' id='word_1_248' title='bbox 531 3780 632 3846; x_wconf 88' lang='lat' dir='ltr'><em>multo</em></span> <span class='ocrx_word' id='word_1_249' title='bbox 659 3780 761 3866; x_wconf 87' lang='lat' dir='ltr'><em>magis</em></span> <span class='ocrx_word' id='word_1_250' title='bbox 788 3784 958 3865; x_wconf 87' lang='lat' dir='ltr'><em>praestare</em></span> <span class='ocrx_word' id='word_1_251' title='bbox 986 3785 1092 3866; x_wconf 90' lang='lat' dir='ltr'><em>potest</em></span> <span class='ocrx_word' id='word_1_252' title='bbox 1122 3780 1280 3846; x_wconf 85' lang='lat' dir='ltr'><em>Sacerdos</em></span> 
     </span>
     <span class='ocr_line' id='line_1_30' title="bbox 91 3901 1280 3992; baseline 0.009 -32"><span class='ocrx_word' id='word_1_253' title='bbox 91 3917 155 3982; x_wconf 90' lang='lat' dir='ltr'><em>pra</em></span> <span class='ocrx_word' id='word_1_254' title='bbox 171 3901 451 3967; x_wconf 83' lang='lat' dir='ltr'><em>excommunicato</em></span> <span class='ocrx_word' id='word_1_255' title='bbox 466 3921 533 3966; x_wconf 92' lang='lat' dir='ltr'><em>non</em></span> <span class='ocrx_word' id='word_1_256' title='bbox 548 3903 746 3978; x_wconf 87' lang='lat' dir='ltr'><em>acatholico;</em></span> <span class='ocrx_word' id='word_1_257' title='bbox 760 3901 817 3968; x_wconf 88' lang='lat' dir='ltr'><em>sed</em></span> <span class='ocrx_word' id='word_1_258' title='bbox 827 3907 936 3968; x_wconf 88' lang='lat' dir='ltr'><em>tamen</em></span> <span class='ocrx_word' id='word_1_259' title='bbox 952 3903 1029 3970; x_wconf 92' lang='lat' dir='ltr'><em>huic</em></span> <span class='ocrx_word' id='word_1_260' title='bbox 1044 3905 1167 3970; x_wconf 87' lang='lat' dir='ltr'><em>licitum</em></span> <span class='ocrx_word' id='word_1_261' title='bbox 1183 3906 1280 3992; x_wconf 90' lang='lat' dir='ltr'><em>plane</em></span> 
     </span>
     <span class='ocr_line' id='line_1_31' title="bbox 91 4023 1281 4116; baseline 0.008 -29"><span class='ocrx_word' id='word_1_262' title='bbox 91 4042 161 4088; x_wconf 90' lang='lat' dir='ltr'><em>non</em></span> <span class='ocrx_word' id='word_1_263' title='bbox 182 4023 312 4089; x_wconf 81' lang='lat' dir='ltr'><em>videtur</em></span> <span class='ocrx_word' id='word_1_264' title='bbox 334 4045 405 4091; x_wconf 86' lang='lat' dir='ltr'><em>esse</em></span> <span class='ocrx_word' id='word_1_265' title='bbox 429 4027 636 4112; x_wconf 82' lang='lat' dir='ltr'><em>expostulare</em></span> <span class='ocrx_word' id='word_1_266' title='bbox 653 4029 770 4094; x_wconf 87' lang='lat' dir='ltr'><em>Missae</em></span> <span class='ocrx_word' id='word_1_267' title='bbox 787 4028 1034 4114; x_wconf 88' lang='lat' dir='ltr'><em>applicationem</em></span> <span class='ocrx_word' id='word_1_268' title='bbox 1051 4035 1281 4116; x_wconf 85' lang='lat' dir='ltr'><em>praeterquam</em></span> 
     </span>
     <span class='ocr_line' id='line_1_32' title="bbox 92 4146 1282 4243; baseline 0.008 -31"><span class='ocrx_word' id='word_1_269' title='bbox 92 4146 135 4212; x_wconf 88' lang='lat' dir='ltr'><em>ad</em></span> <span class='ocrx_word' id='word_1_270' title='bbox 165 4149 216 4213; x_wconf 85' lang='lat' dir='ltr'><em>sui</em></span> <span class='ocrx_word' id='word_1_271' title='bbox 247 4151 505 4216; x_wconf 87' lang='lat' dir='ltr'><em>conversionem.</em></span> <span class='ocrx_word' id='word_1_272' title='bbox 531 4151 682 4217; x_wconf 85' lang='lat' dir='ltr'><em>-Porro</em></span> <span class='ocrx_word' id='word_1_273' title='bbox 711 4152 892 4219; x_wconf 90' lang='lat' dir='ltr'><em>huiusmodi</em></span> <span class='ocrx_word' id='word_1_274' title='bbox 922 4155 1156 4240; x_wconf 86' lang='lat' dir='ltr'><em>prohibitiones</em></span> <span class='ocrx_word' id='word_1_275' title='bbox 1184 4175 1282 4243; x_wconf 79' lang='lat' dir='ltr'><em>expo·</em></span> 
     </span>
     <span class='ocr_line' id='line_1_33' title="bbox 92 4269 1282 4366; baseline 0.01 -31"><span class='ocrx_word' id='word_1_276' title='bbox 92 4269 258 4362; x_wconf 84' lang='lat' dir='ltr'><em>stulantur</em></span> <span class='ocrx_word' id='word_1_277' title='bbox 280 4273 321 4338; x_wconf 88' lang='lat' dir='ltr'><em>ab</em></span> <span class='ocrx_word' id='word_1_278' title='bbox 344 4273 413 4360; x_wconf 91' lang='lat' dir='ltr'><em>ipso</em></span> <span class='ocrx_word' id='word_1_279' title='bbox 436 4275 566 4341; x_wconf 83' lang='lat' dir='ltr'><em>vinculo</em></span> <span class='ocrx_word' id='word_1_280' title='bbox 591 4279 952 4355; x_wconf 81' lang='lat' dir='ltr'><em>excommunicationis;</em></span> <span class='ocrx_word' id='word_1_281' title='bbox 977 4300 1077 4364; x_wconf 89' lang='lat' dir='ltr'><em>quare</em></span> <span class='ocrx_word' id='word_1_282' title='bbox 1100 4301 1160 4366; x_wconf 89' lang='lat' dir='ltr'><em>pro</em></span> <span class='ocrx_word' id='word_1_283' title='bbox 1197 4282 1282 4348; x_wconf 81' lang='lat' dir='ltr'><em>Tar-</em></span> 
     </span>
     <span class='ocr_line' id='line_1_34' title="bbox 92 4397 1281 4490; baseline 0.009 -28"><span class='ocrx_word' id='word_1_284' title='bbox 92 4413 218 4462; x_wconf 82' lang='lat' dir='ltr'><em>cmnm</em></span> <span class='ocrx_word' id='word_1_285' title='bbox 249 4397 467 4484; x_wconf 78' lang='lat' dir='ltr'><em>alimnmpne</em></span> <span class='ocrx_word' id='word_1_286' title='bbox 496 4397 688 4487; x_wconf 77' lang='lat' dir='ltr'><em>infidelium</em></span> <span class='ocrx_word' id='word_1_287' title='bbox 718 4399 903 4470; x_wconf 87' lang='lat' dir='ltr'><em>intentione</em></span> <span class='ocrx_word' id='word_1_288' title='bbox 926 4404 1071 4470; x_wconf 87' lang='lat' dir='ltr'><em>Missam</em></span> <span class='ocrx_word' id='word_1_289' title='bbox 1102 4406 1281 4490; x_wconf 86' lang='lat' dir='ltr'><em>applicare</em></span> 
     </span>
    </p>
   </div>
   <div class='ocr_carea' id='block_1_5' title="bbox 0 0 1606 5104">
    <p class='ocr_par' dir='ltr' id='par_1_5' title="bbox 0 0 1606 5104">
     <span class='ocr_line' id='line_1_35' title="bbox 0 0 1606 5104; baseline 0 0"><span class='ocrx_word' id='word_1_290' title='bbox 0 0 1606 5104; x_wconf 95' lang='lat' dir='ltr'><em> </em></span> 
     </span>
    </p>
   </div>
  </div>
 </body>
</html>
