3290 5100
282 283 350 352 470
808 307 893 354 rans
918 307 939 352 ι.

282 427 494 511 εοπάὶίίοηίε,
515 429 798 512 praeminentiae,
821 429 1008 516 religionis,
1031 435 1207 514 statusque
1229 431 1266 494 in
1284 435 1470 512 posterum

282 553 657 638 hcereahpteodopus
681 554 1472 640 proprinmseuatteriussubquoeispme·

282 681 377 744 netu
395 697 463 760 per
483 698 521 744 se
542 681 595 745 oet
613 699 682 763 per
703 680 813 744 atium
834 701 895 746 seu
918 681 1014 756 aiios,
1039 683 1129 766 typis
1151 681 1322 746 mandas-e
1336 679 1472 764 absque

281 797 316 864 S.
335 801 500 888 Conprep.
525 804 988 886 representantem».
1013 805 1237 870 Prohibentur
1262 811 1371 868 autem
1399 825 1469 867 non

281 929 434 1011 cuiusque
457 929 588 1014 generis
603 928 677 994 libri
693 928 751 994 sed
773 929 807 994 bi
831 935 954 995 motum
972 951 992 994 ι
1007 931 1078 996 sice
1092 930 1136 996 de
1150 931 1318 1015 reiigione
1336 929 1470 994 duecte

280 1053 333 1118 oet
348 1053 512 1120 indirecte
525 1057 710 1120 tractantes
724 1054 794 1120 sine
815 1055 1018 1120 dissuentem
1039 1055 1083 1120 de
1102 1053 1205 1120 retnis
1220 1055 1468 1134 ecciesiasticis,

279 1179 348 1248 nisi
367 1179 510 1264 praecio
534 1181 695 1247 examine
716 1187 819 1265 atque
845 1180 1094 1263 approbatione
1116 1180 1226 1263 ipsius
1249 1180 1284 1245 S.
1313 1177 1418 1264 Corio.
1442 1199 1464 1240 s

279 1306 325 1370 ita
348 1305 381 1370 in
405 1305 544 1372 Decreta
566 1305 635 1372 diei
649 1305 700 1371 28
715 1304 869 1372 Decemb.
889 1306 956 1369 177
958 1305 992 1369 o.
1011 1339 1029 1352 -
1046 1307 1199 1370 Attamen
1215 1304 1279 1368 boc
1294 1303 1467 1368 decretum

280 1431 434 1512 exceptas
463 1427 643 1494 declaravit
666 1447 684 1490 e
705 1447 838 1511 parnas
864 1429 1049 1509 doctrinas,
1073 1427 1302 1498 catechismos,
1333 1427 1467 1490 instru-

280 1551 405 1620 ctiones
427 1572 470 1620 ac
488 1571 609 1637 preces
626 1572 716 1638 meae
729 1553 882 1638 fidetium
897 1555 976 1620 usui
991 1553 1202 1635 imminet,-
1223 1552 1287 1618 aab
1308 1571 1351 1616 ea
1373 1551 1467 1615 nihi-

280 1675 428 1744 tominns
451 1677 642 1744 conditione
657 1682 694 1742 ut
708 1677 746 1742 in
761 1678 885 1764 culpus
899 1678 1021 1764 spargi
1034 1697 1106 1743 non
1123 1677 1260 1760 possint
1272 1676 1342 1741 nisi
1359 1677 1469 1759 prius

279 1818 339 1866 cas
352 1801 530 1884 respectioi
546 1801 708 1886 Episcopi
723 1803 877 1868 locorum
890 1821 952 1866 seu
969 1801 1095 1868 Vicarii
1109 1801 1296 1884 Apostolici
1314 1799 1468 1866 uiderint

279 1929 382 2010 atque
402 1925 440 1990 in
463 1927 574 1992 iucem
599 1926 821 2010 permiserint
843 1925 950 1992 emitti
964 1948 996 1991 s.
1021 1927 1064 1992 Et
1086 1926 1182 1991 bodie
1205 1926 1269 1990 boc
1293 1927 1342 1990 ius
1365 1925 1468 2011 plane

279 2049 377 2136 viget.

369 2174 495 2241 Verum
518 2175 593 2259 quia
617 2174 649 2240 in
673 2177 834 2261 rescripto
857 2177 911 2240 cit.
935 2175 1005 2241 diei
1029 2175 1223 2241 6Decemb.
1245 2175 1347 2246 1655,
1371 2173 1468 2238 nulla

278 2297 315 2366 flt
336 2300 494 2375 limitatio,
517 2301 559 2366 cl.
584 2293 732 2367 Genuari
748 2321 786 2384 p.
811 2302 869 2383 75,
894 2307 928 2368 et
951 2301 1097 2373 Genicot,
1121 2322 1157 2366 n.
1180 2301 1254 2366 460
1276 2301 1364 2366 banc
1386 2320 1465 2384 pm·

278 2425 465 2492 bibitionem
489 2425 610 2493 babent
633 2428 677 2493 uti
701 2429 907 2514 generalem,
932 2426 1157 2512 quodcumque
1176 2446 1278 2512 genus
1300 2425 1464 2490 librorum

277 2551 535 2636 amplectentem.
560 2551 622 2618 Sed
650 2557 740 2618 notat
770 2551 811 2616 ad
838 2571 908 2617 rem
941 2553 1022 2618 scite
1045 2553 1087 2618 cl.
1112 2551 1302 2616 Pennacchi
1324 2568 1363 2633 p.
1386 2550 1462 2615 211.

280 2693 298 2738 ‹
317 2673 391 2746 Qua
414 2674 456 2740 de
479 2694 584 2741 causa
607 2695 686 2742 cum
707 2675 746 2740 in
768 2676 841 2762 lege
856 2676 976 2744 odiosa
998 2695 1177 2742 versemur
1195 2694 1267 2741 non
1282 2673 1463 2740 eruamu-

277 2817 355 2866 mns
379 2800 487 2886 legem
512 2799 652 2866 emendi
678 2800 853 2884 possead
880 2801 967 2866 altos
994 2799 1101 2867 libros
1130 2818 1193 2866 nec
1222 2799 1266 2865 de
1294 2797 1465 2884 religione

277 2921 404 2990 directe
419 2924 471 2990 oet
486 2923 649 2990 indirecte
665 2928 849 2991 tractantes
864 2942 926 2991 nec
941 2923 1102 2991 derebus
1117 2924 1230 2990 eccles.
1247 2921 1462 2994 disserentes,

276 3047 338 3115 sed
352 3047 395 3114 de
409 3045 602 3114 notionibus
618 3045 795 3125 historicis,
811 3047 1061 3134 geographicis,
1081 3045 1347 3132 topographias,
1362 3049 1464 3110 natu-

277 3170 409 3252 ralibus
431 3170 575 3256 aliisque
597 3170 844 3257 monitionibus
867 3189 956 3256 qnae
979 3171 1026 3238 od
1048 3169 1250 3257 religionem
1270 3169 1464 3236 nullimode

276 3294 477 3378 reseruntur
494 3321 524 3359 ».
549 3295 644 3360 Hanc
667 3295 860 3360 sententiam
884 3295 1060 3379 sequimur,
1077 3293 1220 3392 maxime
1243 3289 1347 3375 quoad
1371 3291 1462 3357 rela-

276 3420 381 3486 tiones
404 3439 494 3486 mere
510 3419 681 3486 historicas
705 3425 737 3486 et
760 3420 997 3506 geographicas
1012 3439 1096 3503 quae
1116 3420 1281 3485 contineri
1297 3417 1402 3484 solent
1426 3421 1461 3483 in

276 3545 394 3612 litteris
417 3545 704 3610 Missionariorum.
730 3545 776 3612 Gt.
801 3545 928 3618 Arndt,
950 3564 986 3628 p.
1010 3541 1095 3619 277,
1118 3565 1153 3610 n.
1178 3543 1253 3610 198.

366 3672 441 3738 397.
467 3673 551 3738 bur.
577 3671 636 3738 35:
663 3671 910 3754 ‹Approbotio
935 3669 1102 3738 librorum
1124 3688 1274 3755 quorum
1301 3687 1461 3741 censura,

271 3796 507 3882 praesentium
533 3797 747 3863 decretorum
777 3796 829 3877 oi,
857 3795 1072 3878 Apostolicae
1098 3791 1176 3860 Sed.
1206 3794 1259 3859 oet
1290 3791 1465 3860 Romanis

279 3923 383 4010 Conp.
406 3941 477 3990 non
499 3925 706 3996 reseruntur,
726 3921 876 4004 pertinet
902 3920 949 3986 ad
975 3917 1199 3986 ordinarium
1231 3915 1296 3983 loci
1325 3914 1363 3980 in
1389 3933 1464 4000 quo

272 4045 404 4132 publici
425 4045 512 4112 iuris
534 4045 621 4131 fiunt
637 4063 667 4110 a.

366 4168 442 4234 398.
467 4169 574 4234 Porro
589 4166 719 4233 articuli
734 4165 917 4232 immediate
933 4167 1120 4251 superiores
1139 4162 1312 4248 indigitant
1326 4162 1462 4246 quinam

276 4297 489 4362 reserventur
504 4290 579 4357 libri
596 4310 755 4357 censurae
770 4289 802 4355 S.
815 4290 1021 4376 Apostolicae
1036 4289 1089 4356 vel
1106 4289 1326 4354 Romanarum
1343 4285 1460 4372 Gong.;

277 4415 485 4503 quamobrem
508 4414 562 4480 alii
583 4414 792 4480 remittuntur
815 4433 974 4480 censurae
993 4415 1238 4501 Episcoporum.
1255 4412 1309 4476 Ex
1325 4409 1407 4496 Reg.
1425 4410 1460 4475 X
