3302 5100
306 313 373 381 550
758 329 968 378 annsunrnu
992 329 1030 377 11.

305 457 481 515 heterodoxis
499 457 667 530 obloquendi
691 457 801 512 occasio
819 455 853 511 de
874 455 1021 526 Religione
1046 457 1194 524 catholica,
1213 457 1285 528 qnod
1310 472 1365 510 non
1390 459 1486 527 posset

306 579 396 636 ecque
413 563 545 628 obtineri,
563 563 586 617 si
606 579 666 617 mos
684 561 738 618 iste
757 561 893 618 hactenus
913 567 1042 617 servatus
1060 563 1147 618 vellet
1170 563 1199 619 in
1225 569 1365 633 posterum
1390 561 1485 617 inter·

304 671 387 728 verti.
407 671 534 726 Addebat
557 670 670 740 insuper
696 669 724 722 id
747 686 784 725 ex
806 669 876 724 iuris
901 669 1073 739 praescripto
1097 670 1183 724 etiam
1209 669 1270 724 fieri
1295 674 1328 724 ut
1349 669 1488 723 innocens

305 778 447 836 parochus
465 777 527 848 cogi
548 778 634 847 possit
652 777 687 831 ad
707 776 873 832 beneficium
893 777 1105 847 permutandum
1125 779 1147 831 si
1167 777 1251 832 aliter
1270 779 1342 832 bono
1360 777 1438 847 pacis
1456 781 1488 832 et

303 882 443 955 spirituali
462 883 559 938 orium
578 897 691 936 suerum
706 879 831 951 periculo
849 881 957 936 consuli
978 897 1154 952 nequaquam
1174 881 1270 951 possit,
1283 898 1319 935 ea
1341 881 1407 952 Cap.
1422 882 1490 935 Nisi

304 1008 369 1046 cum
383 989 496 1062 pridem
513 992 550 1045 de
568 1005 696 1055 renunc,
714 987 813 1044 Glosea
831 989 942 1056 ibidem,
961 987 1105 1043 Innocent.
1124 989 1154 1042 in
1173 1005 1232 1060 cap.
1253 990 1274 1042 8
1291 993 1328 1044 de
1353 991 1436 1045 elect.
1459 1003 1488 1046 ec

305 1099 335 1151 in
353 1115 412 1168 cap.
444 1096 504 1150 Tua
528 1113 586 1151 aas.
605 1115 633 1151 n.
660 1096 682 1149 5
706 1096 741 1152 de
769 1095 872 1151 Cleric.
891 1107 998 1166 aeprot.
1016 1113 1093 1150 num.
1114 1097 1137 1149 5
1161 1095 1284 1151 Federic.
1302 1097 1336 1151 de
1361 1097 1426 1151 Son.
1450 1099 1489 1152 de

302 1215 425 1278 peramat.
445 1207 535 1275 benef.
553 1223 629 1259 num.
649 1205 691 1258 40
710 1203 797 1260 Paria
816 1205 852 1260 de
871 1207 976 1274 resipis.
992 1206 1010 1258 l.
1026 1207 1048 1258 5
1068 1223 1127 1276 cup.
1146 1208 1168 1258 3
1185 1223 1262 1260 num.
1281 1207 1320 1260 17
1323 1207 1352 1272 6,
1370 1206 1487 1277 aliique.

376 1311 448 1366 Hinc
467 1310 608 1382 proposito
626 1311 723 1366 dubio:
742 1323 808 1366 (sn
828 1312 982 1366 iudicatum
995 1311 1097 1367 Curiae
1111 1312 1277 1382 episcopalis
1297 1313 1489 1384 Eystettensis

304 1420 507 1476 «sustineatur
524 1420 553 1473 in
572 1435 637 1474 casu
651 1436 678 1474 a.
699 1417 725 1472 S.
745 1418 775 1472 0.
796 1417 824 1472 ll
847 1418 968 1488 Augusti
988 1418 1131 1488 respoudit
1150 1448 1162 1458 ·
1181 1417 1349 1489 affimativa
1362 1449 1374 1459 -
1393 1424 1424 1474 et
1442 1419 1490 1474 die

304 1523 337 1578 21
358 1522 529 1592 Septembris
547 1523 627 1577 stetit
643 1525 674 1578 iu
691 1523 793 1577 decisis
811 1521 906 1577 addite
923 1521 1058 1576 clausula.
1072 1551 1088 1562 -
1107 1525 1145 1576 itu
1163 1532 1257 1578 tamen
1270 1533 1301 1577 ut
1311 1525 1491 1594 permutatio

303 1647 358 1704 per
377 1629 545 1701 Episcopum
563 1630 612 1700 fiat
631 1647 695 1684 cum
714 1631 847 1699 beneficio
866 1631 995 1684 redditus
1013 1631 1226 1700 aequipotentia.
1241 1659 1257 1670 -

378 1735 476 1790 Altera
494 1735 602 1790 demum
622 1741 810 1790 consentanea
829 1733 975 1788 Resolutio
993 1734 1197 1800 adducebatur,
1221 1752 1292 1806 quae
1315 1736 1419 1790 amima
1444 1741 1491 1792 est

302 1840 336 1896 in
354 1857 439 1895 cause
457 1841 636 1910 Limburqen.
659 1840 875 1895 Permutationis
894 1839 1047 1895 Paroreius
1065 1839 1110 1895 die
1129 1841 1164 1894 27
1183 1841 1245 1896 lulii
1266 1845 1295 1896 et
1317 1841 1350 1896 19
1370 1841 1490 1895 Decem·

305 1947 363 2002 bris
384 1947 452 2002 1857
465 1953 563 2002 contra
580 1947 726 2019 quemdam
741 1947 905 2014 Perochum,
918 1949 966 2019 qui
981 1949 1098 2017 primum
1113 1948 1147 2002 ad
1161 1948 1372 2018 permutandam
1387 1965 1490 2018 paroe-

306 2055 379 2112 ciam
397 2056 509 2112 decreto
527 2055 677 2126 episcopali
698 2059 867 2127 cogebatur;
882 2057 982 2113 deinde
1001 2057 1030 2113 in
1049 2058 1225 2112 contumacia
1243 2073 1277 2112 eo
1296 2061 1491 2127 permanente,

305 2166 415 2216 amotus
433 2161 468 2216 ab
488 2162 591 2229 eedem,
611 2161 736 2216 censuris
755 2161 891 2216 multatus
910 2163 1010 2217 tuerat.
1025 2161 1171 2218 Decretum
1191 2167 1286 2217 autem
1306 2162 1376 2216 illud
1394 2162 1490 2216 canem

306 2267 402 2338 gravis
413 2269 478 2334 odii,
491 2271 520 2322 et
532 2267 685 2322 aversionis
699 2267 882 2334 innitebatur,
898 2287 970 2340 quse
983 2270 1115 2324 adsersus
1127 2287 1190 2324 eum
1204 2270 1328 2324 excitata
1341 2270 1371 2323 in
1383 2269 1491 2339 populo

305 2378 398 2432 fuerat
415 2378 451 2431 ob
469 2392 534 2431 acre
552 2375 675 2430 eiusdem
693 2377 838 2446 ingenium
857 2394 889 2432 sc
908 2377 1112 2447 imprudentem
1126 2377 1226 2448 agendi
1240 2377 1388 2443 rationem,
1401 2393 1419 2430 a
1431 2395 1490 2447 qus

306 2479 375 2536 licet
392 2481 522 2546 monitus,
541 2497 690 2551 numquam
709 2481 863 2536 destiterat
882 2482 968 2536 Plura
987 2483 1118 2553 utrinque
1141 2483 1284 2552 disputate
1303 2481 1330 2535 in
1350 2497 1384 2536 ea
1403 2499 1489 2536 caiisa

306 2589 506 2656 inerrantium
525 2586 600 2640 circa
618 2587 736 2640 formam
756 2603 909 2656 processus,
928 2593 987 2641 tum
1006 2588 1082 2642 circa
1106 2588 1297 2656 expositorum
1321 2587 1488 2642 veritatem:

306 2697 431 2748 attamen
450 2692 484 2746 ad
503 2692 599 2747 dubia:
620 2693 640 2747 1.
657 2694 733 2748 «An
747 2692 920 2748 sustineatur
940 2692 1256 2769 Decretumlamotionis
1270 2693 1359 2747 latum
1371 2710 1389 2746 a
1402 2691 1488 2748 Curia

306 2809 324 2854 e
337 2797 488 2868 episcopali
503 2798 698 2868 limburgensi
717 2798 746 2852 in
765 2814 830 2852 casu
844 2813 870 2856 r.
883 2797 916 2852 ll.
931 2813 948 2850 a
961 2801 1005 2852 An
1019 2798 1076 2853 sint
1088 2798 1272 2862 infirmandae
1286 2813 1393 2868 poenm
1405 2813 1490 2852 cano·

308 2905 417 2960 «nicae
436 2905 558 2960 inflictae
577 2905 606 2959 in
625 2922 691 2960 casu
705 2919 730 2972 a,
744 2922 906 2975 responsum
926 2906 993 2960 luit:
1012 2905 1047 2960 ad
1067 2905 1086 2960 Ι.
1105 2904 1282 2976 affirmative.
1299 2905 1343 2958 Ad
1362 2905 1393 2958 ll.
1409 2905 1488 2959 Sca-i·

308 3015 391 3070 better
413 3014 552 3086 Episcopo
576 3023 607 3069 ut
633 3015 812 3070 Sacerdotem
837 3013 895 3086 (N.)
913 3033 931 3068 a
957 3015 1084 3069 censuris
1107 3015 1235 3068 absoluat
1259 3032 1293 3068 ac
1318 3015 1488 3077 rehabititet,

307 3141 425 3194 eumque
440 3124 588 3195 provideat
605 3123 642 3178 de
658 3125 720 3178 alia
736 3124 871 3194 paroecia
888 3139 939 3177 seu
958 3124 1089 3192 beneficio
1108 3123 1238 3178 redditus
1255 3123 1469 3193 aequivalerstis.

378 3229 463 3286 »Hisce
475 3231 570 3302 itaque
584 3247 620 3286 ea
632 3231 721 3302 officio
731 3231 865 3301 expositis
875 3230 1102 3301 perpendendum
1115 3231 1144 3283 in
1158 3231 1298 3300 praesenti
1312 3233 1408 3284 nostro
1420 3245 1487 3283 casa

307 3338 378 3400 erat,
396 3350 462 3388 num
481 3351 579 3390 revera
596 3339 774 3390 occurrerent
786 3334 921 3390 eiusmodi
940 3350 1032 3388 rerum
1047 3333 1188 3399 adiuncta,
1201 3339 1233 3388 ut
1246 3349 1361 3389 necesse
1372 3333 1489 3388 omuino

307 3440 394 3496 fuerit
417 3439 494 3496 hisce
517 3441 746 3497 extraordinariis
770 3442 810 3496 uti
836 3441 977 3508 remediis,
999 3457 1071 3513 quae
1096 3442 1132 3496 ob
1158 3443 1260 3496 bonum
1284 3440 1428 3510 publicum
1451 3439 1487 3494 ad

307 3545 414 3599 maiora
432 3543 515 3610 mala,
534 3549 562 3599 et
580 3543 711 3600 scandula
729 3545 941 3615 praevertenda,
959 3545 1022 3600 iura
1049 3544 1223 3614 permittunt
1243 3543 1335 3606 Quare
1359 3545 1488 3614 proposi-

310 3655 369 3706 tum
387 3654 431 3706 est

823 3788 971 3846 DUBlUM

379 3969 454 4024 «An
473 3967 634 4025 Sententiae
652 3967 753 4024 Curiae
772 3967 964 4040 episcopalis...
983 3969 1176 4024 sustineantur
1196 3967 1224 4022 in
1244 3985 1309 4022 casu
1323 3984 1349 4025 a.

381 4075 548 4130 Rasrousio.
557 4075 653 4130 Sacra
669 4075 860 4146 ‘congregatio
872 4074 992 4130 Consilii
1011 4075 1055 4130 die
1069 4077 1105 4129 22
1118 4073 1279 4130 Decembris
1293 4073 1363 4128 leco
1375 4090 1489 4144 respon·

301 4183 372 4239 dere
391 4183 512 4238 censuit:
532 4184 642 4239 maestis
658 4183 853 4254 peculiaribus
871 4183 1088 4238 circummittit
1102 4199 1163 4239 esse
1176 4184 1270 4237 mama
1284 4179 1489 4252 permetiens·

305 4303 373 4346 ‘cum
390 4291 481 4344 altero
501 4291 634 4361 beneficio
652 4289 780 4345 redditus
798 4294 862 4362 sere
880 4289 1084 4361 aequipotentia
1102 4291 1181 4361 basra
1198 4305 1251 4344 eea
1266 4304 1387 4345 merses.
1408 4364 1413 4373 Ι
1469 4295 1476 4328 ³
