3306 5102
334 265 400 332 296
854 287 937 334 raas
962 287 983 332 1.

334 427 523 492 expressum
555 408 617 473 dici
645 428 709 474 non
740 415 844 495 potest
875 409 958 494 quod
988 411 1074 474 inter
1104 409 1256 494 probatos
1286 415 1436 474 auctores
1458 415 1504 474 est

334 539 588 599 controversum.
614 535 743 615 Suarez,
768 535 838 608 XL,
863 536 898 617 5,
924 537 976 602 19.
1458 599 1462 610 .

468 658 500 743 4)
524 658 636 735 Quoad
659 660 801 726 dubium
823 661 907 744 sacti
930 661 1044 747 regula
1067 662 1230 747 generalis
1258 667 1315 732 est,
1341 681 1383 725 ex
1407 661 1506 726 dubio

332 781 425 865 sueti,
450 805 564 870 nempe
583 785 728 868 positivo
752 791 849 870 atque
872 786 1029 853 obiectioe
1052 787 1118 859 tali,
1143 786 1418 872 irregularitatem
1444 803 1507 848 non

333 911 468 980 incurri,
485 911 560 994 quia
582 910 695 976 nullibi
718 912 781 977 hoc
797 911 925 976 iubetur
940 914 973 976 in
997 915 1082 988 iure;
1106 911 1332 997 irregularitas
1348 931 1428 975 vero
1444 929 1508 973 non

334 1036 513 1102 incurritur
539 1037 607 1102 aiei
628 1037 666 1102 in
696 1036 829 1102 curibus
851 1038 889 1102 in
912 1038 988 1104 iure
1014 1038 1195 1120 cupressis.
1222 1036 1413 1123 Schmalzg,
1438 1037 1459 1100 l.
1481 1056 1507 1100 e.

333 1181 426 1226 uum.
452 1162 500 1228 85
523 1159 579 1248 (l).
608 1195 620 1210 s

467 1288 500 1373 5)
526 1289 570 1353 At
589 1288 721 1373 regulae
745 1287 891 1374 generali
915 1289 1064 1356 facienda
1086 1294 1135 1355 est
1157 1290 1306 1374 exceptio
1329 1286 1434 1372 quoad
1451 1288 1509 1352 du·

334 1413 427 1480 bium
437 1414 570 1499 patrati
586 1413 768 1488 homicidii,
786 1414 913 1498 quando
929 1416 1078 1480 nimirum
1095 1420 1224 1482 certum
1244 1414 1429 1481 estfactum
1454 1412 1509 1478 sed

333 1539 497 1606 dubitatur
512 1541 640 1624 quinem
659 1540 758 1604 fuerit
773 1538 935 1604 homicidii
951 1545 1074 1604 auctor.
1092 1541 1183 1604 Tunc
1198 1540 1283 1604 enim
1304 1558 1400 1622 quum
1425 1537 1510 1604 dubi-

335 1669 423 1728 tatur
445 1683 487 1728 an
506 1664 608 1730 Titius
623 1683 665 1727 an
682 1663 785 1735 Caius,
803 1664 916 1730 cleriei
935 1664 973 1730 in
987 1664 1095 1730 ramis
1111 1663 1289 1744 constituti,
1306 1661 1389 1728 istud
1405 1669 1508 1747 patra-

334 1791 442 1857 verint
464 1795 496 1854 et
519 1795 655 1874 uterque
679 1790 791 1855 dubius
810 1791 926 1854 haeret
948 1810 990 1854 an
1015 1791 1081 1877 ipse
1096 1789 1302 1855 homicidium
1320 1791 1507 1875 patraverit,

334 1920 471 2000 uterque
494 1922 544 1981 est
566 1916 767 2002 irregularis,
784 1918 828 1981 ita
847 1935 1002 2001 expresse
1018 1915 1147 1980 iubente
1170 1917 1250 1982 iure.
1267 1916 1299 1978 in
1323 1936 1350 1981 c.
1368 1935 1397 1980 c.
1412 1914 1464 1980 20
1478 1920 1509 1978 et

333 2039 383 2106 24
403 2041 453 2105 De
469 2039 624 2106 homicid.
642 2041 675 2104 X
690 2037 744 2126 (V,
764 2041 817 2126 12)
835 2046 866 2105 et
885 2039 1014 2106 additur
1037 2042 1134 2106 ratio:
1159 2061 1237 2107 cum
1260 2041 1303 2107 sit
1324 2040 1509 2107 consultius

334 2165 372 2228 iu
395 2164 589 2232 huiusmodi
616 2164 717 2232 dubio
742 2165 910 2232 abitinere
933 2185 1039 2251 quum
1069 2165 1248 2232 celebrare.
1286 2167 1356 2230 Hac
1389 2163 1507 2228 inducti

336 2290 470 2360 ratione,
487 2288 632 2354 nonnulli
658 2289 720 2352 llll.
739 2285 795 2373 (uti
812 2288 925 2353 videre
945 2295 994 2356 est
1009 2289 1093 2374 apud
1110 2290 1240 2370 suarez,
1257 2291 1279 2354 l.
1296 2309 1323 2354 c.
1339 2309 1374 2354 a.
1393 2287 1437 2352 13
1449 2285 1507 2371 eq.)

334 2415 456 2499 opinati
479 2418 553 2478 sunt
576 2413 727 2480 indubio
746 2413 831 2496 sueti
853 2433 981 2499 semper
1003 2415 1128 2479 incurri
1152 2415 1438 2500 irregularitatem,
1455 2411 1507 2477 sed

334 2537 406 2600 iure
430 2536 545 2600 merito
562 2535 621 2600 hos
637 2536 847 2622 reprehendit
871 2537 1000 2610 Suarez,
1019 2538 1039 2601 t.
1057 2557 1084 2602 o.
1102 2543 1135 2602 et
1152 2537 1346 2622 Schmalzg,
1364 2537 1385 2602 l.
1400 2557 1443 2619 c.,·
1466 2537 1508 2602 si-

335 2660 462 2744 quidem
485 2662 519 2726 iu
542 2661 729 2746 poenalibus
759 2681 824 2726 non
855 2662 932 2728 lieet
954 2661 995 2726 de
1016 2681 1081 2727 uno
1103 2681 1180 2738 casu
1203 2661 1244 2726 ad
1267 2663 1365 2726 aliurn
1394 2667 1508 2726 exten·

336 2785 415 2852 dere
437 2788 501 2852 vim
525 2787 690 2872 praecepti
713 2787 855 2872 poenalis
878 2787 934 2873 (2).
960 2788 1121 2862 Quocirca
1150 2787 1317 2854 dumtaxat
1345 2788 1378 2851 in
1408 2787 1508 2854 dubio

335 2908 418 2992 facti
440 2911 613 2978 homicidii
635 2913 814 2977 incurritur
844 2912 1085 2996 irregularitas;
1111 2933 1214 2996 neque
1239 2933 1312 2978 cum
1343 2910 1507 2976 dubitatur

424 3137 464 3209 (l)
484 3139 536 3193 Sed
555 3139 664 3210 quando
682 3139 795 3194 dubium
821 3156 875 3194 non
895 3143 938 3194 est
955 3141 1147 3210 spernendum,
1170 3139 1204 3193 ad
1229 3139 1324 3209 populi
1348 3138 1508 3194 scandalum

337 3247 531 3301 removendum
557 3252 586 3301 et
611 3247 765 3318 periculum
790 3247 915 3302 laedendi
942 3247 1068 3302 decorem
1094 3247 1199 3302 ordinis
1223 3245 1330 3310 eccles,
1351 3246 1509 3316 Episcopus,

336 3371 387 3408 sua
404 3355 552 3422 sententia,
570 3354 713 3410 declarare
725 3355 808 3410 dehet
821 3372 855 3408 an
869 3355 947 3409 locus
959 3355 996 3409 sit
1009 3355 1220 3424 irregularitati.
1235 3383 1248 3396 ·
1263 3355 1291 3407 ln
1306 3371 1410 3426 genere
1429 3353 1508 3408 iudex

336 3461 405 3530 sacti
423 3459 512 3530 quoad
532 3460 709 3514 existentiam
729 3459 774 3514 vel
791 3460 883 3513 minus
896 3459 1113 3530 irregularitatis
1127 3463 1170 3514 est
1183 3459 1342 3530 Episcopus.
1362 3459 1403 3512 cf.
1417 3477 1440 3514 c.
1451 3479 1473 3512 c.
1487 3460 1509 3522 l,

335 3569 364 3619 2.
381 3568 410 3632 7,
429 3567 469 3622 De
489 3583 565 3639 corp.
583 3569 669 3623 uiuat.
690 3569 720 3622 X
736 3569 769 3638 (l,
788 3567 850 3640 20);
869 3574 898 3623 et
916 3571 986 3624 Actu
1006 3570 1033 3624 S.
1055 3571 1135 3624 Sedis
1156 3569 1208 3635 XI,
1227 3587 1252 3640 p.
1273 3567 1333 3623 423.

298 3679 302 3686 '
425 3673 464 3746 (2)
484 3676 592 3731 Revera
610 3677 632 3730 si
651 3677 713 3747 quis
731 3676 854 3760 obiiciat,
868 3677 1000 3732 Doctores
1018 3677 1177 3732 efformasse
1196 3677 1322 3747 regulam
1340 3677 1510 3746 generalem,

335 3785 578 3854 irrepuluiilotem
599 3801 654 3838 uon
672 3786 783 3840 incurri
803 3789 859 3838 nisi
882 3803 1046 3856 expressam
1064 3790 1094 3839 in
1111 3787 1188 3852 iure,
1208 3786 1354 3841 deductam
1377 3801 1412 3840 ex
1432 3790 1510 3855 parte

337 3908 391 3944 non
404 3893 567 3962 dispositiva
579 3891 625 3945 sed
641 3893 814 3959 anomaliae,
827 3892 1024 3962 respondemus
1044 3909 1140 3963 reapse
1152 3895 1209 3948 vim
1228 3893 1305 3947 illius
1324 3893 1440 3962 regulae
1457 3909 1509 3946 non

336 3997 442 4052 desumi
461 4015 495 4052 ex
514 3999 609 4053 verbis
627 4000 727 4068 capitis
746 4001 916 4054 onomatica
935 3999 1049 4072 (quippe
1061 4017 1095 4054 ex
1108 3999 1200 4054 verbis
1213 4001 1384 4054 exomintiois
1403 3999 1511 4054 nullum

336 4104 380 4156 ius
392 4105 584 4175 constituitur)
598 4105 644 4159 sed
657 4122 691 4159 ex
704 4107 844 4161 communi
857 4107 935 4176 praxi
949 4111 978 4160 et
991 4123 1025 4161 ex
1039 4107 1158 4175 receptis
1170 4107 1302 4162 moribus.
1313 4137 1327 4147 -
1340 4107 1382 4160 Ex
1394 4107 1511 4161 adverso

268 4237 271 4246 ,
339 4211 393 4264 Dl).
407 4217 435 4266 et
450 4211 667 4283 iurisprudentia
686 4215 792 4284 respuit
810 4215 886 4269 aliud
904 4215 1063 4285 generalius
1082 4215 1247 4285 principium
1267 4217 1407 4270 indubiis
1426 4217 1511 4270 tutior

336 4329 462 4388 estpars
481 4321 620 4390 elipando,
639 4321 705 4392 quia
724 4323 752 4375 in
771 4323 924 4377 moralibus
942 4339 997 4378 non
1017 4328 1060 4378 est
1077 4327 1294 4378 consentaneum
1319 4322 1459 4378 humanae
1479 4323 1511 4377 li·

337 4425 455 4478 bertatis
474 4425 580 4479 iuribus
599 4430 628 4480 et
649 4427 753 4481 officiis.
