3296 5108
526 338 570 384 os
594 337 749 384 nrurcrrs
771 337 815 384 ar
839 337 959 384 renuis
1265 317 1333 384 395

152 458 231 524 dere
254 459 368 525 inutile
382 458 511 543 aliquod
534 462 680 545 corporis
696 459 873 526 membrum
897 479 962 524 non
979 464 1028 525 est
1044 459 1208 534 mutilare;
1225 477 1333 543 neque

152 581 348 667 probabilius
383 582 562 648 membrum
597 586 662 650 iam
692 583 816 650 aridum
848 589 881 652 et
910 584 1022 649 inutile
1052 582 1256 660 abscindere,
1281 587 1334 650 cst

151 707 314 782 mutilare,
332 709 393 774 nisi
409 709 477 794 ipse
493 710 577 774 idom
594 711 648 794 qui
664 716 761 775 antea
778 708 915 775 reddidit
930 709 1053 782 inutile,
1070 715 1183 796 postea
1195 709 1332 786 mutilet

153 830 228 912 quia
250 830 304 896 bic
328 850 447 897 revera
469 831 623 898 dicendus
647 837 695 898 est
718 833 892 914 mutilasse,
908 852 1006 898 sensu
1029 831 1126 917 legis;
1147 833 1192 898 uti
1217 830 1334 917 probat

153 953 369 1029 D'Annibale,
394 957 422 1031 I,
446 957 523 1039 421,
546 964 614 1025 mot.
639 958 672 1023 8.

242 1079 317 1144 308.
343 1080 558 1154 Quamobrem
575 1081 800 1167 irregularitas
817 1100 899 1165 quae
915 1099 1071 1166 expresse
1094 1081 1267 1146 constituta
1284 1083 1333 1145 est

152 1203 186 1267 in
209 1203 402 1279 occidentes,
427 1226 491 1271 non
515 1205 722 1292 producenda
748 1211 798 1271 est
820 1207 853 1270 in
878 1205 1077 1280 mutilantes;
1102 1205 1265 1290 quamvis,
1290 1222 1333 1271 ex

153 1327 301 1403 adverso,
326 1330 508 1397 occidentes
531 1337 641 1399 teneat
664 1330 890 1416 irregularitas
917 1332 952 1395 in
982 1329 1166 1396 mutilantes
1189 1329 1332 1404 decreta,

152 1455 228 1537 quia
252 1455 357 1520 minus
376 1457 560 1522 continetur
575 1457 607 1521 in
623 1455 738 1520 maiori
761 1474 818 1521 seu
841 1474 917 1540 pars
933 1456 967 1521 in
982 1460 1063 1530 toto,
1079 1456 1171 1521 iuxta
1186 1452 1333 1540 regulam

152 1577 241 1644 iuria
263 1577 312 1645 80
334 1579 371 1642 in
395 1579 427 1643 6.
453 1580 532 1645 <In
555 1585 621 1646 toto
640 1585 778 1660 portem
800 1597 870 1645 non
894 1583 941 1644 est
958 1577 1106 1644 ,dubiam
1129 1577 1329 1645 contineri»

154 1703 203 1769 cf.
228 1701 265 1770 D'
275 1703 436 1770 Annibale
460 1705 498 1790 (l,
524 1706 602 1790 421)
626 1702 682 1791 (1).

243 1828 318 1894 309.
346 1829 384 1893 ln
414 1829 613 1895 mutilatione
648 1836 681 1894 et
714 1827 885 1894 homicidio
918 1827 1074 1913 generice
1108 1825 1334 1892 consideratur

153 1951 299 2017 defectus
331 1951 491 2030 lenitatis;
517 1952 602 2018 unde
636 1952 718 2018 duae
740 1951 867 2035 species
897 1953 1047 2017 oriuntur
1070 1951 1333 2036 irregularitatis

152 2079 258 2144 altera
281 2099 324 2145 ex
347 2080 483 2166 simplici
507 2078 650 2162 defectu,
667 2079 772 2144 altera
795 2097 840 2144 eor
863 2077 982 2145 delicto
1003 2076 1130 2143 ratione
1154 2075 1332 2145 huiusmodi

153 2201 300 2270 defectus
324 2224 418 2288 quem
443 2204 629 2272 secumlert.

246 2331 322 2396 310.
349 2330 437 2396 lstud
462 2329 592 2401 lactum,
617 2347 732 2414 nempe
758 2327 964 2394 homicidium
988 2322 1043 2393 aut
1069 2325 1237 2406 mutilatio,
1261 2343 1334 2390 esse

153 2459 276 2539 potest;

290 2579 579 2660 Declamantem,
604 2579 727 2644 scilicet
751 2599 823 2644 cum
846 2578 939 2663 gravi
962 2577 1057 2662 culpa
1071 2595 1128 2641 seu
1151 2573 1240 2648 dolo;

286 2703 320 2786 2)
337 2705 482 2778 casuale,
500 2723 596 2768 sensu
620 2702 709 2784 iuris,
732 2722 790 2768 seu
812 2702 933 2786 absque
956 2700 1038 2774 dolo,
1056 2699 1112 2766 sed
1131 2717 1197 2763 non
1213 2696 1333 2782 absque

151 2847 193 2894 ea
216 2829 311 2914 culpa
333 2849 416 2914 quae
439 2828 728 2922 constituitquasi
752 2862 770 2876 -
795 2827 976 2910 delictum,

288 2952 325 3033 3)
336 2953 575 3028 neceesarium,
586 2951 706 3036 absque
718 2951 784 3017 ulla
795 2953 1004 3036 imputatione
1015 2950 1133 3015 morali
1143 2955 1176 3014 et
1187 2947 1332 3013 iuridica.

289 3077 321 3163 4)
344 3076 580 3144 Voluntatem
603 3075 814 3142 subdividitur
831 3076 865 3139 in
876 3074 1062 3158 publicum,
1080 3073 1111 3139 id
1135 3081 1184 3140 est
1206 3072 1335 3159 publica

153 3203 347 3268 auctoritate
383 3202 572 3283 admissum,
605 3204 638 3267 in
668 3203 863 3286 priuatum,
895 3221 1011 3286 nempe
1045 3199 1181 3267 arbitrio
1216 3200 1334 3285 privati

245 3499 284 3572 (1)
304 3499 480 3556 D’Annibale
504 3500 521 3568 l,
540 3501 601 3567 421,
626 3499 696 3554 baec
720 3500 857 3570 principia
881 3504 1094 3555 commentatur.
1114 3498 1210 3553 Posito
1234 3514 1334 3568 nempe

153 3609 273 3662 membri
291 3608 406 3663 notione
424 3612 454 3662 in
472 3619 526 3662 not.
548 3611 570 3660 5
589 3636 605 3648 -
625 3607 665 3662 ait
684 3608 809 3662 membra
826 3607 881 3660 dici
899 3623 916 3658 θ
930 3606 1008 3662 velut
1030 3623 1138 3672 manus,
1157 3621 1215 3675 pes,
1228 3604 1334 3672 oculus,

154 3713 260 3784 lingua,
275 3714 400 3768 mamilla
418 3714 551 3782 mulieris,
565 3719 683 3785 uterque
702 3712 849 3769 testiculus
867 3713 928 3767 riri.
942 3713 1004 3768 Nou
1023 3715 1179 3784 itemquae
1197 3711 1334 3766 subsidia-

154 3819 226 3873 riam
244 3825 354 3874 tantum
373 3835 486 3890 operam
507 3825 659 3890 praestent,
679 3824 710 3874 ut
728 3835 819 3886 aures,
837 3819 950 3888 digitus,
969 3835 1058 3874 nares.
1072 3833 1090 3876 »
1102 3820 1141 3873 At
1159 3823 1258 3873 contra
1276 3818 1336 3888 opi·

154 3928 240 3979 natur
258 3925 360 3980 Suerez
377 3925 452 3980 XLI
457 3927 485 3992 V,
498 3929 526 3992 2,
541 3927 562 3980 6
579 3927 626 3998 qui
646 3930 727 3996 putat
746 3943 843 3980 nasum
862 3942 982 3997 quoque,
1001 3943 1091 3993 aures,
1111 3943 1196 3980 unum
1215 3926 1333 3996 digitum

106 4085 109 4092 ,
154 4047 216 4086 esse
235 4035 373 4100 membra,
393 4033 459 4104 quia
478 4033 501 4087 si
520 4035 696 4098 auferantur,
715 4048 816 4102 corpus
839 4033 941 4087 dicitur
965 4031 1137 4088 mutilatum.
1156 4031 1186 4087 ln
1211 4049 1335 4098 summa,

155 4137 255 4208 regula
272 4143 325 4204 est,
346 4139 412 4210 quia
430 4155 573 4194 versamur
591 4141 621 4194 in
640 4139 750 4203 odiosis,
770 4138 1008 4209 irregularitatem
1027 4155 1083 4193 non
1101 4139 1206 4194 incurri
1225 4140 1248 4192 si
1264 4155 1335 4210 pars

154 4245 276 4298 membri
293 4245 486 4300 tantummodo
498 4246 620 4300 abscissa
636 4249 685 4300 est.
699 4246 858 4300 Membram
871 4261 938 4300 vero
951 4245 1109 4300 assuminus
1121 4247 1228 4312 stricte,
1241 4247 1334 4315 pronti

154 4348 279 4419 explicat
298 4348 479 4424 D'Annibale,
498 4352 625 4422 quamvis
646 4353 825 4407 aestimemus
850 4351 941 4422 magis
967 4354 1138 4408 conformem
1156 4351 1225 4406 iuris
1243 4352 1336 4406 inten-

156 4455 228 4510 tioni
247 4457 415 4512 sententiam
435 4457 567 4513 Suaresii.
