3290 5100
556 331 599 378 nn
623 329 776 378 nantorts
801 329 841 378 nr
865 331 984 379 nonms
1279 311 1342 378 521

172 449 278 515 dioc...
294 452 464 534 copiditas
479 455 694 536 occupaverit
716 461 754 520 at
769 453 914 520 attactas
931 455 1099 520 Ecclesiae
1118 474 1177 520 sea
1201 455 1348 520 caiasais

171 577 359 642 saecularis
391 580 443 644 vet
477 581 648 664 reputaris
684 580 849 664 beneficii,
881 581 1048 646 mantiam
1078 581 1231 662 pietatis,
1263 581 1348 647 alia-

173 717 319 782 ramqae
345 701 486 783 piorum
518 702 668 768 laceram
700 703 967 776 iurisdictiones,
1001 702 1106 774 bona,
1140 721 1258 768 censis
1289 709 1348 767 ant

173 825 252 888 iara
268 825 370 890 etiam
393 825 547 908 sandalia
563 832 593 892 et
609 829 865 914 emphyteutica,
881 828 1025 910 fractas.
1043 829 1270 894 emolumenta
1287 848 1348 894 sea

174 967 404 1034 qaascamqae
427 950 640 1018 obventiones
663 971 753 1036 anae
774 953 812 1016 in
834 953 1074 1017 ministrorum
1097 959 1128 1018 et
1150 971 1348 1036 pauperum

172 1073 383 1138 necessitates
400 1075 548 1142 converti
564 1075 693 1148 debent,
705 1096 772 1159 per
788 1095 823 1141 se
838 1077 889 1142 ael
908 1095 976 1159 per
998 1077 1093 1145 alios.
1111 1077 1145 1140 vi
1159 1079 1211 1142 oet
1229 1076 1348 1142 timore

172 1197 316 1270 incasso,
341 1201 525 1266 sanctiam
553 1220 618 1284 per
648 1203 841 1284 suppositas
867 1219 1035 1284 personas
1064 1201 1265 1268 clericorum
1287 1207 1347 1265 ant

174 1325 341 1390 laicorum
364 1345 424 1392 sea
447 1347 663 1412 quacumque
686 1335 761 1392 arte
784 1335 844 1394 ant
868 1329 1018 1412 quaesito
1035 1331 1187 1395 colore...
1213 1329 1250 1393 in
1270 1347 1348 1411 pro-

170 1449 267 1530 prios
293 1470 377 1516 asns
403 1459 598 1519 convertere
623 1453 766 1538 illosque
791 1473 964 1536 nsarpare
990 1454 1264 1537 praesumpserit
1288 1473 1348 1519 sea

172 1572 339 1656 impedire
361 1595 404 1640 ne
427 1577 471 1642 ab
500 1577 542 1642 iis
572 1578 619 1642 act
646 1598 731 1662 qnos
760 1579 836 1643 iare
864 1578 1034 1661 pertinent
1062 1577 1345 1662 percipiantur...

175 1696 270 1765 Quod
291 1699 320 1763 si
343 1701 495 1766 eiusdem
518 1703 686 1768 Eccteaae
714 1708 883 1785 patronas
912 1702 1034 1784 faerit,
1059 1702 1161 1767 etiam
1183 1703 1259 1768 iare
1284 1723 1346 1786 pa·

172 1827 327 1890 tronatas
348 1827 441 1890 altra
461 1828 657 1910 praedictas
679 1847 809 1910 poenas
830 1825 957 1913 (nempe
982 1847 1106 1892 excom.
1125 1829 1218 1892 Pont.
1240 1849 1345 1892 reser-

172 1950 291 2035 vatam)
316 1969 354 2016 eo
376 1951 449 2034 ipso
472 1953 635 2035 privatas.
652 1955 783 2018 eatstat.
813 1951 966 2018 Clericus
989 1971 1069 2018 aero
1093 1955 1153 2037 qni
1175 1953 1347 2036 nefandae

169 2076 309 2158 fraudis
324 2083 357 2142 et
369 2079 606 2161 usurpationis
629 2078 822 2145 liniasmodi
843 2077 1034 2160 fabricator
1056 2097 1115 2144 sea
1138 2079 1347 2145 consentiens

171 2202 429 2285 factitantem
448 2205 570 2286 poenis
593 2204 773 2275 subiaceat,
790 2223 852 2269 nec
875 2223 944 2268 non
964 2203 1231 2288 quibuscamque
1254 2203 1347 2270 bene-

171 2330 256 2414 ficiis
275 2331 432 2412 privatas
455 2331 506 2410 sit,
531 2337 564 2394 et
585 2330 631 2394 aa
655 2349 888 2413 qaaecumque
911 2330 982 2394 alia
1006 2328 1166 2414 beneficia
1188 2330 1346 2396 inhabitas

171 2455 351 2538 efficiatum·
375 2459 406 2520 et
428 2473 450 2518 a
473 2474 615 2521 sacram
637 2454 799 2521 aretinam
823 2455 1021 2520 enecatione
1040 2454 1141 2520 etiam
1163 2461 1241 2538 post
1262 2455 1345 2520 inte-

170 2596 272 2661 pram
295 2576 559 2658 satisfactionem
589 2583 619 2640 et
643 2576 887 2642 absolutionem
917 2577 971 2641 stoi
997 2575 1173 2642 Ordinarii
1203 2576 1345 2643 arbitrio

171 2700 402 2782 carpendatnr
423 2722 450 2762 s.

262 2824 353 2888 Haec
383 2843 521 2888 censura
551 2824 637 2888 Trid.
671 2824 790 2889 Concil.
824 2824 977 2888 latissima
1007 2830 1065 2896 est,
1097 2827 1171 2908 quia
1199 2845 1345 2910 compre-

173 2946 301 3011 hendit:

309 3070 339 3156 l)
361 3074 468 3137 omnia
491 3072 575 3136 bona
597 3072 824 3145 ecclesiastica,
847 3074 995 3138 nimirum
1019 3074 1115 3139 etiam
1135 3074 1215 3138 iura
1238 3079 1271 3139 et
1292 3075 1345 3140 ia·

170 3197 417 3272 inflictionem,
444 3217 505 3262 nec
536 3217 601 3260 non
632 3195 775 3261 redditus
807 3217 863 3262 seu
894 3203 1070 3282 proventus
1099 3218 1178 3282 quos
1201 3199 1345 3265 incertas

171 3325 298 3402 vacant,
316 3323 368 3404 qni
389 3323 534 3386 converti
557 3321 675 3385 debent
697 3322 730 3384 in
754 3321 990 3387 ministratam
1014 3327 1046 3385 et
1066 3341 1264 3405 pompeiam
1285 3343 1345 3389 ne-

74 3503 78 3510 .
171 3445 346 3510 cessitates.
372 3444 600 3509 Ecclesiastico
632 3449 738 3508 antem
770 3443 852 3508 haec
885 3444 965 3509 iara
992 3450 1025 3508 et
1048 3444 1135 3510 bona
1159 3451 1344 3520 censentur,

171 3568 339 3633 dammodo
370 3571 553 3654 pertineant
584 3569 729 3653 personis
760 3568 902 3653 physicis
929 3570 1042 3634 eccles.
1071 3575 1103 3634 et
1129 3569 1346 3634 moralibusa

171 3696 333 3762 canonico
355 3695 431 3762 inre
454 3697 571 3761 erectis
595 3699 628 3760 et
650 3695 845 3769 constituam

304 3819 338 3896 2)
354 3819 502 3904 percellit
518 3837 657 3883 censura
675 3823 765 3883 actus
781 3817 933 3882 inridicos
948 3817 1062 3901 quibus
1079 3818 1246 3884 Ecclesiae
1261 3819 1346 3883 bona

171 3949 204 4009 et
226 3945 462 4029 patrimonialia
478 3945 550 4007 iura
564 3949 733 4026 asnrpata
750 3944 782 4007 in
798 3943 888 4015 alios,
905 3946 980 4006 actu
996 3943 1064 4007 sive
1085 3943 1214 4007 ultimae
1230 3943 1345 4008 volun-

169 4070 245 4134 tatis
269 4070 336 4133 sive
360 4071 446 4133 inter
468 4044 845 4149 vtvcs',transferuntu1·;
871 4069 976 4152 prouti
1002 4067 1140 4133 habetur
1163 4070 1195 4131 in
1216 4069 1343 4132 Decret.

170 4193 201 4259 S.
226 4195 286 4260 Un.
314 4195 381 4278 lnq.
408 4195 430 4256 8
454 4193 659 4260 tattt1873.

304 4319 337 4407 3)
362 4320 405 4384 m
427 4320 467 4384 ad
490 4320 719 4384 incurrendam
741 4319 827 4384 hanc
850 4320 1213 4384 excommunicationem
1237 4322 1342 4403 requi-

169 4445 252 4508 ritur
276 4449 310 4508 nt
332 4445 414 4509 haec
436 4444 521 4509 bona
543 4449 598 4508 ant
619 4443 756 4526 publica
771 4445 971 4510 anctoritate
993 4449 1206 4526 nmrpentnr
1225 4451 1281 4510 ant
1304 4465 1343 4510 aa
