3266 5102
334 271 398 338 162
856 287 939 334 rsus
964 286 986 334 1.

314 411 506 498 ‘quartandi
529 417 635 476 certas
658 411 797 476 scholas.
822 410 909 476 Talis
932 411 1098 494 suspensio
1122 429 1187 474 nou
1212 412 1317 494 potest
1333 407 1512 492 dispensari

330 545 386 604 aut
410 538 532 604 absolvi
551 537 616 601 nisi
633 557 653 600 s
668 536 772 600 latore
796 535 890 600 huius
913 554 1046 620 poenae,
1063 533 1104 598 ab
1127 535 1197 600 eius
1220 533 1395 618 Superiora
1417 537 1513 616 atque

330 681 350 724 a
372 661 484 725 latoris
507 677 695 724 successore
718 658 772 722 vel
794 657 951 742 delegata.

420 785 554 867 lnquam
581 818 619 830 -
643 779 839 864 dispensari
860 785 922 845 ant
943 779 1073 846 absolvi
1095 815 1149 855 —,
1163 778 1283 846 etenim
1299 778 1325 842 si
1343 777 1510 862 suspensio

329 909 475 993 irrogata
489 911 538 971 est
560 904 601 970 ad
623 903 750 969 modum
769 921 913 986 poenae,
930 902 1145 988 dispensatum
1170 902 1197 965 si
1220 899 1261 965 ad
1285 899 1415 964 modum
1433 917 1511 964 cea·

327 1051 440 1104 sarae,
464 1030 650 1096 absolvitur.
675 1029 717 1094 Et
739 1028 802 1094 hoc
826 1033 875 1094 est
898 1048 1069 1094 commune
1093 1029 1205 1112 poenis
1219 1025 1407 1092 huiusmodi
1420 1025 1512 1090 editis

317 1157 371 1254 ab
396 1156 539 1229 leontiae,
565 1161 602 1220 ut
629 1155 687 1220 has
717 1154 905 1239 dispensare
929 1155 981 1218 vel
1008 1153 1178 1219 absolvere
1209 1159 1335 1238 spectet
1365 1151 1407 1217 ad
1438 1171 1511 1216 eum

329 1283 383 1364 qui
406 1281 535 1346 easdem
557 1281 640 1346 tulit.
665 1282 747 1347 Item
770 1299 940 1346 commune
973 1285 1023 1348 est
1053 1281 1121 1344 istis
1153 1278 1294 1344 decretis
1323 1277 1511 1362 poenalibus

329 1410 364 1469 ut
390 1404 617 1487 appellatione
647 1405 861 1488 impetantur;
890 1402 946 1468 sed
976 1405 1010 1466 in
1041 1402 1104 1468 hoc
1134 1400 1254 1486 aliquid
1290 1401 1431 1486 speciale
1464 1406 1511 1466 est

328 1529 485 1601 censuris,
510 1528 626 1612 quippe
649 1526 712 1591 has
735 1526 828 1591 simul
852 1545 892 1591 ac
915 1531 988 1592 sunt
1012 1527 1045 1590 in
1077 1545 1169 1590 reum
1198 1527 1366 1610 irrogatae
1396 1543 1509 1590 sectam

328 1653 470 1718 trahant
493 1653 725 1718 emanationem
748 1648 837 1737 (ary.
863 1670 938 1734 cap.
962 1650 1006 1714 12
1029 1649 1079 1716 De
1102 1655 1185 1716 sent.
1208 1649 1408 1736 excomm.);
1435 1649 1508 1714 dum

327 1797 345 1840 e
381 1781 496 1840 contra
534 1779 664 1840 ceterae
698 1795 821 1860 poenae
852 1795 912 1860 per
942 1775 1189 1860 appellationem
1221 1773 1437 1859 prohibentur
1467 1773 1508 1838 ab

326 1887 523 1968 emanatione
538 1907 633 1985 atque
656 1899 827 1965 admittunt
852 1901 1077 1986 appellationis
1100 1896 1250 1966 effectum
1273 1905 1341 1965 tum
1366 1920 1506 1983 staspen-

325 2027 433 2092 siuam
455 2031 522 2090 tum
546 2026 784 2092 desolationem.

415 2147 465 2212 Re
488 2167 565 2213 sane
588 2168 685 2229 vera,
709 2149 735 2212 si
758 2147 798 2212 ab
822 2150 981 2216 sententia
1008 2169 1166 2214 censurae
1194 2149 1425 2234 interponatur
1449 2168 1502 2233 sp-

324 2271 642 2357 pellatio,l1aecnon
659 2269 834 2354 suspendit
856 2290 1014 2335 censurae
1034 2272 1097 2335 iam
1114 2271 1200 2336 latae
1223 2272 1433 2336 excutionem
1450 2269 1504 2335 sed

326 2401 448 2462 tantum
468 2395 611 2462 devolvit
634 2396 683 2459 rei
707 2397 921 2481 cognitionem
938 2396 978 2461 ad
995 2397 1211 2481 Superiorem,
1229 2401 1307 2483 puta
1322 2395 1363 2460 ad
1379 2397 1504 2461 Metro·

325 2518 500 2602 politanum
524 2518 587 2601 qui,
612 2523 720 2604 utpote
743 2518 841 2583 iudex
864 2519 1086 2604 appellationis
1111 2519 1144 2582 in
1167 2520 1384 2605 appellantem
1408 2519 1503 2584 iuris-

325 2641 495 2708 dictionem
519 2643 662 2716 sortitur,
688 2647 721 2706 et
743 2662 803 2728 per
826 2663 878 2717 se,
902 2643 1030 2719 aalide,
1056 2663 1228 2709 censuram
1251 2642 1424 2708 absolvere
1446 2663 1503 2728 po·

323 2773 386 2832 test
409 2767 465 2832 sed
488 2787 553 2831 non
577 2767 676 2840 licite,
702 2769 762 2832 nisi
793 2768 953 2832 sententia
984 2787 1142 2832 censurae
1171 2771 1377 2852 potestesse
1400 2769 1504 2830 minus

324 2872 587 2968 iusla;etl1a'nc
618 2891 787 2958 absolvere
821 2891 1052 2958 detrectaverit
1087 2913 1246 2958 censurae
1276 2892 1372 2966 lator,
1407 2892 1505 2956 cuia

322 3015 428 3082 iudice
447 3015 670 3102 appellationis
686 3034 813 3101 semper
829 3015 1039 3081 deferendum
1055 3021 1113 3098 est,
1130 3037 1187 3082 seu
1203 3035 1241 3080 eo
1258 3016 1361 3102 magis
1378 3015 1503 3100 quando

323 3141 483 3205 sententia
505 3139 662 3224 probatur
684 3139 775 3204 iusta.
801 3139 833 3204 Si
857 3159 936 3204 vero
960 3139 1131 3206 euidenter
1161 3139 1287 3206 iniusta
1322 3141 1502 3214 evincatur,

321 3266 401 3326 tuuc
424 3261 521 3326 iudex
544 3261 775 3346 appellationis,
792 3259 933 3326 inaudito
957 3262 1063 3328 iudice
1079 3261 1245 3336 inferiore,
1263 3262 1436 3328 absolvere
1452 3283 1505 3348 po·

322 3388 402 3459 test;
426 3389 459 3448 et
481 3383 612 3468 planum
636 3391 694 3457 est,
710 3405 780 3470 arg.
798 3405 872 3469 cap.
898 3386 1114 3463 Venerabilis,
1139 3389 1161 3469 ὃ
1184 3389 1245 3454 alt.
1269 3387 1306 3452 in
1330 3388 1354 3453 6
1367 3387 1422 3474 (V.
1440 3387 1502 3474 ll).

411 3506 506 3571 Aliae
539 3526 714 3590 poenarum
747 3510 925 3572 sententiae
959 3509 1110 3574 feruntur
1141 3509 1184 3576 ab
1220 3511 1356 3578 homine
1384 3519 1418 3578 et
1440 3511 1502 3576 hae

322 3635 397 3694 sunt
419 3651 501 3715 quae
516 3651 536 3695 a
551 3631 627 3698 iare
649 3631 799 3714 eduntur,
815 3632 872 3698 sed
888 3639 963 3701 sunt
983 3633 1149 3715 serendae
1172 3637 1361 3703 sententiae
1384 3659 1442 3702 seu
1459 3636 1502 3703 ab

322 3755 456 3822 hancine
478 3754 672 3842 infligendae
695 3758 727 3820 in
744 3757 885 3842 singulos
908 3778 1011 3824 casus.
1030 3795 1046 3806 -
1066 3763 1151 3826 Istae
1173 3763 1356 3828 sententiae
1379 3763 1502 3827 habent

320 3877 439 3961 aliquid
462 3880 618 3964 speciale;
643 3880 717 3964 quia
738 3899 843 3965 poena
866 3883 1070 3947 constituitur
1085 3902 1146 3968 per
1161 3883 1269 3970 legem
1285 3903 1501 3958 communem,

320 4001 376 4067 sed
399 4002 578 4086 applicatur
600 4025 661 4090 per
675 4003 855 4087 specialem
878 4007 1078 4073 sententiam
1094 4009 1423 4077 condemnatoriam.
1437 4047 1451 4057 -
1465 4011 1503 4076 ln

320 4121 431 4204 poenis
453 4125 583 4208 proprie
607 4123 699 4190 dictis
723 4145 804 4210 quae
827 4126 1078 4210 dispensatione
1101 4130 1270 4206 tolluntur,
1295 4133 1394 4198 nulla
1411 4131 1504 4198 adest

320 4241 500 4320 difficultas,
525 4249 600 4332 quia
622 4250 703 4314 istae
726 4270 798 4314 cum
829 4251 950 4317 nullam
981 4272 1041 4339 per
1064 4273 1099 4319 se
1131 4255 1338 4340 expostulent
1372 4257 1501 4322 relaxa-

319 4367 447 4442 tionem,
467 4389 522 4436 eas
545 4370 734 4456 dispensare
756 4374 897 4457 pertinet
918 4373 960 4438 ad
982 4395 1169 4461 supremum
1186 4379 1374 4465 Principem
1400 4386 1441 4454 et,
1467 4381 1500 4444 in
