3290 5100
777 757 889 821 Canus
915 757 974 819 lll.

288 987 333 1040 DE
362 985 405 1040 HS
433 985 495 1047 QUI
525 985 822 1040 IURISDICTIONEM
850 985 922 1038 VEL
948 985 1199 1040 SPlRlTUALEM
1227 985 1298 1038 VEL
1324 985 1469 1038 TEMPO-

378 1091 524 1158 RALEM‚
556 1091 779 1146 POTISSlMUM
812 1091 962 1145 otvtuutt
996 1091 1084 1144 ROM.
1116 1091 1294 1145 PONTlFlCl
1327 1089 1468 1143 GOMPE-

375 1199 535 1267 ΤΕΝΤΕΜ,
557 1199 756 1254 USURPANT
781 1197 857 1252 AUT
883 1198 980 1252 BONA
1013 1197 1307 1254 PATRIMONIALIA
1335 1197 1468 1251 ECCLE-

376 1305 536 1362 stAStha
566 1304 775 1372 USURPANT,
805 1304 1051 1371 DISTRAHUNT,
1082 1305 1273 1359 DETINENT.

286 1574 502 1631 summarium.
523 1602 555 1615 -
575 1573 635 1626 448.
655 1571 684 1626 lu
704 1583 757 1628 art.
778 1574 809 1626 11
827 1583 853 1627 et
872 1575 916 1638 12,
931 1573 1023 1627 const.
1039 1577 1134 1644 Apast.
1150 1573 1230 1627 Sedis
1243 1572 1317 1626 inter
1330 1585 1467 1624 excomm.

330 1746 332 1752 Ι
374 1699 415 1753 sp.
434 1699 470 1734 m.
490 1681 520 1734 P.
543 1691 702 1736 reservatas
726 1679 884 1735 defenditur
909 1680 1063 1734 iurisdictio
1087 1681 1242 1746 ordinaria,
1263 1677 1354 1750 quoad
1373 1679 1465 1730 lorum

375 1793 530 1852 externum,
541 1789 667 1860 quamvis
681 1789 781 1842 ciuilis.
792 1817 825 1828 -
838 1789 898 1841 tte.
913 1787 983 1841 Tum
995 1804 1043 1857 per
1053 1797 1106 1842 art.
1119 1788 1150 1840 11
1160 1791 1215 1854 cit,
1228 1791 1288 1842 tum
1301 1803 1351 1855 per
1360 1785 1468 1838 Concil.

374 1897 447 1951 Trid.
467 1896 495 1950 in
518 1897 590 1950 Sess.
611 1897 661 1961 22,
680 1915 739 1967 cap.
760 1898 798 1964 11,
819 1898 859 1951 De
879 1901 943 1968 ref,
962 1897 1148 1952 defenduntur
1167 1897 1240 1950 bona
1259 1894 1402 1949 Ecclesiae
1418 1895 1467 1948 sed

373 1991 566 2070 diversimode,
586 2005 759 2074 potissimum
777 2005 845 2075 quia
869 2004 962 2059 const.
983 2007 1080 2076 ⁴ipsust.
1104 2005 1183 2060 Sedis
1206 2004 1360 2072 compescit
1379 2017 1467 2058 usur-

371 2122 470 2183 pantes
480 2115 508 2166 et
518 2120 722 2182 sequestrantes
735 2110 888 2177 dumtaxat,
899 2112 962 2164 dum
977 2110 1082 2165 Concil.
1094 2109 1168 2165 Trid.
1180 2117 1325 2180 praeterea
1339 2111 1468 2178 attingit,

375 2223 485 2290 praeter
497 2230 673 2290 usurpantes,
684 2235 872 2289 quoscumque
886 2218 1073 2274 distrahentes
1086 2219 1132 2274 vel
1146 2219 1303 2274 detinentes
1316 2235 1468 2289 quaecum·

372 2344 426 2397 que
448 2327 521 2380 bona
542 2325 646 2381 Euclea.
664 2355 677 2367 -
693 2325 909 2395 Praescriptioni
929 2325 1108 2380 Tridentinae
1129 2325 1254 2380 addenda
1276 2329 1318 2380 est
1339 2325 1436 2379 Coust.
1451 2355 1464 2364 —

374 2437 543 2488 ambitiosae
556 2463 571 2473 -
585 2434 658 2488 inter
673 2443 779 2488 extrav.
794 2451 890 2487 comm.
905 2435 947 2488 De
960 2436 1045 2490 rebus
1058 2434 1212 2500 Ecclesiae,
1225 2450 1297 2503 quae
1310 2432 1411 2486 statuit
1432 2449 1468 2486 ne

373 2541 492 2610 legitimi
512 2557 682 2611 possessores
700 2543 835 2596 bonorum
855 2541 1108 2596 ecclesiasticorum
1127 2541 1198 2597 haec
1216 2542 1341 2598 alienent
1359 2543 1467 2612 absque

371 2649 506 2719 appositis
524 2649 758 2704 solemnitatibus.
770 2677 804 2690 -
818 2649 879 2702 450.
894 2649 1066 2718 Explicatur,
1085 2651 1113 2704 in
1133 2649 1235 2719 specie,
1250 2660 1304 2702 nrt.
1320 2650 1350 2702 11
1368 2651 1412 2701 cit.
1428 2677 1465 2688 —

373 2755 433 2810 451.
454 2755 617 2824 Exponitur,
636 2772 695 2824 cap.
716 2757 755 2821 11,
782 2755 853 2810 sess.
879 2757 929 2820 22,
948 2753 1053 2809 Concil.
1078 2755 1152 2809 Trid.
1174 2784 1210 2796 -
1229 2755 1289 2810 452
1310 2756 1349 2809 De
1368 2755 1465 2807 Goust.

373 2864 550 2917 Ambitiosae.
560 2891 596 2902 -
606 2862 666 2916 153.
682 2863 720 2917 De
734 2863 859 2932 patronis
873 2868 902 2918 et
914 2862 948 2917 de
961 2861 1071 2917 clericis
1086 2863 1281 2918 beneficiariis.
1292 2891 1325 2902 -
1336 2863 1398 2916 151.
1410 2861 1467 2915 Ex-

374 2971 485 3040 ponitur
498 2980 550 3024 art.
566 2972 608 3024 12.
627 2969 720 3024 Const.
736 2973 828 3040 Apost.
845 2971 933 3036 Sedis,
952 2971 986 3026 de
1004 2971 1201 3040 usurpantibus
1219 2971 1354 3025 ditionem
1368 2971 1468 3023 Ponti-

372 3079 463 3132 ficiam
477 3077 597 3132 civilem.
609 3107 645 3118 -
658 3079 718 3132 455.
736 3078 995 3134 Excommuuicatio
1013 3079 1180 3148 simpliciter
1197 3078 1225 3130 P.
1239 3088 1385 3133 reseruata
1404 3077 1467 3131 lata

373 3290 478 3346 Eccles.
499 3291 576 3346 Rom.
597 3291 703 3346 alienet
722 3297 771 3346 aut
789 3291 921 3347 infeudet.

373 3561 447 3623 448.
468 3560 505 3623 ln
521 3559 754 3624 Constitutione
771 3559 886 3641 apost.
904 3555 1002 3624 Sedis
1018 3561 1063 3624 ita
1085 3559 1269 3643 coneipitur
1288 3557 1396 3622 subn.
1415 3560 1464 3622 11.

283 3685 572 3751 excommunicatio
593 3702 646 3765 sp.
668 3683 769 3749 modo
792 3702 917 3748 resero.
935 3681 973 3746 P.
998 3684 1065 3750 lata
1087 3685 1158 3748 in«
1183 3683 1394 3766 Usurpantes
1410 3686 1466 3749 oet

283 3813 529 3894 sequestrantes
547 3807 824 3882 iamdictioncm,
843 3805 941 3888 bona,
957 3807 1088 3873 reditus
1107 3809 1155 3873 ud
1173 3827 1344 3892 personas
1359 3812 1466 3876 ecele-

282 3933 436 4000 siasticas
458 3933 592 4000 ratione
613 3951 758 3999 suarum
781 3932 1013 3998 Ecclestamm
1036 3939 1097 3998 eut
1120 3933 1359 4019 beneficiorum
1378 3955 1466 4018 per-

284 4058 423 4124 tinentes
447 4078 477 4122 ›.
503 4059 540 4122 Iu
563 4059 675 4143 primis
698 4055 897 4129 advertatur,
923 4075 1096 4122 censuram
1126 4063 1241 4123 tenere
1265 4066 1463 4145 usurpantes

281 4179 593 4245 tamaianam...
610 4179 649 4244 ad
669 4197 837 4261 personae
853 4179 931 4244 eccl.
952 4185 1013 4244 etc.
1032 4182 1262 4264 pertinentem.
1289 4183 1352 4247 Hic
1375 4203 1464 4248 assu·

282 4305 380 4369 mitur
410 4303 587 4370 iurisdictio
618 4324 682 4368 non
710 4305 865 4390 detepota
892 4311 947 4370 aut
976 4303 1048 4388 sori
1074 4305 1203 4370 interni
1233 4306 1288 4372 sed
1313 4329 1353 4372 ea
1376 4328 1464 4392 quae

1634 2975 1635 3046 l

373 3187 403 3241 in
415 3186 592 3241 consulentes
605 3190 654 3240 aut
666 3203 840 3258 quacumque
853 3187 962 3241 ratione
979 3186 1176 3256 persuadentes
1189 3187 1318 3240 Pontifici
1339 3191 1370 3240 ut
1389 3187 1466 3240 bons

283 4430 408 4495 ratione
421 4430 590 4496 Ecclesiae
603 4433 660 4494 aut
674 4428 823 4515 beneficii
839 4431 981 4515 pertinet
995 4433 1153 4516 'personis
1175 4432 1270 4508 eccl.;
1288 4451 1370 4519 ergo
1388 4435 1460 4500 aidi
