3302 5100
324 287 391 354 562
770 305 977 355 nannenten
1001 307 1053 356 111.

323 429 480 484 huiusmodi
505 427 652 500 religiosas
676 433 725 484 aut
749 429 870 485 morales
894 429 1056 500 disciplinas
1081 431 1250 501 respiciunt,
1274 447 1307 484 eo
1331 429 1505 500 generaliter

323 538 429 607 scripta
440 537 542 604 omnia,
555 538 585 591 in
597 536 698 609 quibus
711 537 857 608 religionis
869 543 898 593 et
911 554 1019 593 morum
1037 536 1193 594 honestatis
1208 537 1369 608 specialiter
1382 539 1505 592 intersit

414 646 456 698 42.
468 645 527 698 Viri
541 661 557 700 e
569 645 652 700 Claro
663 644 801 700 saeculari
815 661 849 700 ne
862 645 948 700 libros
961 645 1081 717 quidem,
1094 647 1142 717 qui
1154 646 1188 700 de
1201 647 1309 700 artibus
1323 647 1507 717 scientiisque

324 767 399 805 mere
417 750 592 805 naturalibus
611 757 743 817 tractaret,
763 750 928 807 inconsultis
945 753 1003 806 suis
1021 751 1184 816 ordinariis,
1198 752 1351 823 publicent,
1370 757 1403 806 ut
1420 753 1506 808 obse-

324 858 436 928 quentis
455 859 541 912 animi
560 875 628 928 erga
647 857 711 913 illos
729 859 887 929 exemplum
908 860 1070 929 praebeant

413 964 499 1020 iidem
522 961 704 1034 prohibentur
728 966 884 1036 quominus,
910 967 1015 1037 absque
1044 967 1156 1036 praevia
1174 965 1383 1019 ordinariorum
1413 965 1508 1029 senia,

324 1073 413 1128 diaria
431 1071 477 1128 vel
494 1071 562 1126 lolia
580 1072 721 1142 periodica
739 1073 907 1128 moderanda
924 1074 1086 1144 suscipiant

833 1289 929 1344 Cnrur
948 1289 995 1342 IV.

589 1434 632 1488 De
656 1434 848 1504 Tppopropltis
867 1445 893 1488 et
913 1433 1076 1488 editoribus
1095 1434 1241 1487 librorum.

414 1611 457 1666 43.
477 1611 577 1665 Nullus
597 1611 668 1666 liber
687 1627 821 1666 censurae
839 1609 1048 1666 ecclesiastieae
1067 1612 1208 1666 subiectus
1227 1609 1390 1676 excudatur,
1404 1611 1460 1664 nisi
1481 1611 1510 1663 in

325 1716 461 1786 principio
474 1733 574 1771 nomen
594 1721 622 1770 ot
641 1732 794 1786 cognomen
815 1721 873 1771 turn
893 1717 1025 1782 auctoris,
1038 1721 1097 1771 tum
1117 1717 1230 1771 editoris
1250 1717 1400 1786 praeierat,
1414 1715 1510 1769 locum

324 1823 437 1892 insuper
455 1827 484 1877 et
503 1839 605 1876 annum
628 1821 816 1891 impressionis
841 1827 926 1893 atque
950 1821 1089 1878 editionis.
1109 1821 1187 1882 Quod
1205 1823 1228 1878 si
1254 1821 1350 1892 aliquo
1374 1821 1403 1876 in
1430 1839 1508 1876 casu.

325 1929 411 1981 iustas
429 1929 464 1981 ob
484 1943 589 1995 cauam,
604 1943 704 1982 nomen
722 1929 845 1982 auctoris
865 1927 1010 1982 tacendum
1030 1927 1166 1992 videatur,
1180 1927 1206 1980 id
1220 1928 1400 1996 permittendi
1421 1944 1510 1996 penes

324 2034 502 2110 Ordinarium
521 2038 644 2104 potestas
662 2035 707 2089 sit.

414 2142 457 2195 44.
476 2141 612 2196 Nouerint
624 2139 804 2212 Typograpbi
819 2145 847 2196 et
861 2140 988 2195 Editores
1006 2140 1149 2208 librorum,
1164 2157 1250 2195 novas
1268 2140 1393 2194 eiusdem
1413 2141 1510 2210 operis

324 2249 470 2317 approbati
489 2247 640 2311 editiones,
660 2263 760 2300 novam
785 2247 1014 2316 approbationem
1040 2246 1170 2314 exigere,
1189 2244 1261 2299 hanc
1280 2247 1393 2315 insuper
1414 2248 1509 2300 textui

323 2354 456 2425 originali
475 2357 618 2411 tributam.
638 2355 698 2410 eius
716 2355 743 2409 iu
765 2353 840 2408 aliud
860 2355 962 2408 idioma
981 2353 1102 2409 versioni
1121 2369 1175 2408 non
1195 2355 1350 2422 suffragari.

328 2489 337 2498 ·
414 2465 457 2518 45.
478 2463 554 2518 Libri
569 2465 602 2517 ab
618 2462 779 2532 apostolica
797 2460 866 2517 Sede
886 2462 1018 2524 damnati,
1032 2463 1134 2533 ubique
1147 2463 1274 2532 gentium
1287 2461 1420 2531 prohibiti
1439 2479 1510 2517 cen-

324 2575 446 2636 seantur,
465 2575 494 2626 et
513 2571 540 2622 in
559 2571 751 2641 quodcumque
771 2574 916 2622 evertantur
934 2569 1046 2622 idioma.

414 2667 457 2730 lb.
476 2676 648 2747 Quicumque
667 2675 801 2730 librorum
821 2675 986 2740 venditores,
1000 2675 1151 2744 praecipue
1166 2675 1215 2746 qui
1234 2674 1374 2730 catholico
1393 2677 1509 2730 nurnine

325 2782 492 2851 gloriantur,
505 2781 591 2836 libros
610 2781 644 2837 de
662 2783 789 2836 obscenis
808 2798 843 2837 ex
862 2783 985 2852 professo
997 2783 1152 2836 tractantes
1166 2797 1255 2851 neque
1268 2781 1402 2844 vendant,
1415 2798 1510 2853 neque

325 2885 513 2953 commodent,
534 2903 623 2957 neque
648 2887 803 2941 retineant:
829 2892 954 2941 coeteros
978 2884 1134 2956 prohibitos
1152 2886 1265 2941 venales
1291 2901 1346 2941 non
1371 2885 1508 2950 habeant,

325 2992 378 3045 nisi
397 3009 414 3046 a
432 2991 517 3045 Sacra
535 2992 636 3046 lndicis
649 2991 872 3063 Congregatione
891 2992 1001 3046 veniam
1020 3007 1070 3060 pet·
1085 2991 1261 3046 Ordiuarium
1280 2992 1509 3062 impetraverint,

325 3111 375 3150 nec
394 3095 523 3166 cuiquam
541 3097 663 3150 vendant
681 3095 735 3150 nisi
755 3095 904 3165 prudenter
922 3095 1082 3150 existimare
1102 3095 1217 3164 possint,
1231 3097 1266 3150 ab
1285 3103 1411 3166 emptore
1432 3096 1509 3168 legi·

325 3203 393 3256 time
412 3203 478 3271 peti.

842 3399 937 3455 Garun
957 3400 989 3455 V.
1051 3483 1055 3491 ἡ

421 3545 462 3599 Da
479 3545 578 3614 poenis
596 3545 625 3597 in
643 3544 827 3598 Decretorum
849 3544 1031 3599 Generalium
1050 3555 1274 3614 transgressores
1293 3546 1410 3597 statuas.

413 3741 456 3794 47.
475 3741 577 3796 Omnes
596 3745 625 3795 et
644 3741 746 3811 singuli
765 3741 886 3795 scienter
905 3740 1040 3810 legentes,
1061 3741 1121 3796 siue
1139 3743 1308 3796 auctoritate
1328 3740 1406 3796 Sedis
1427 3743 1509 3812 Apo·

325 3849 449 3917 stolicae,
469 3849 555 3903 libros
575 3854 764 3918 apostatarum
784 3852 812 3902 et
830 3846 1036 3903 haereticorum
1055 3845 1192 3902 haeresim
1215 3854 1435 3918 propugnantes,
1456 3866 1511 3904 nec

326 3971 381 4009 non
400 3953 487 4009 libros
500 3954 622 4008 cuiusvis
640 3953 761 4007 auctoris
775 3969 824 4022 per
837 3951 1014 4021 Apostolioas
1027 3952 1149 4008 Litteras
1161 3954 1326 4007 nominatim
1341 3953 1510 4022 prohibitos,

326 4059 491 4130 eosdemque
510 4058 599 4113 libros
624 4059 784 4122 retinentes,
808 4059 1008 4127 imprimentes,
1034 4063 1063 4112 et
1087 4058 1298 4130 quomodolibet
1317 4059 1512 4120 defendentes,

325 4167 640 4221 excommunicationem
659 4167 718 4235 ipso
734 4168 807 4220 iacto
826 4167 980 4232 incurrunt,
995 4165 1120 4220 Romano
1139 4167 1269 4220 Pontifici
1289 4165 1403 4236 speciali
1425 4167 1512 4220 modo

326 4275 504 4326 reservatam.

414 4377 456 4433 48.
476 4377 528 4439 Qui
547 4379 607 4432 sine
626 4377 763 4432 Ordinarii
783 4381 982 4449 approbatione
999 4343 1148 4435 Sacrarum
1173 4377 1380 4448 Scripturarurn
1406 4380 1509 4446 libros,
