3296 5108
578 363 622 409 na
646 360 800 410 narreris
824 361 866 409 nr
890 361 1010 410 somus
1317 345 1386 410 389

202 489 255 550 est
277 485 305 549 si
327 484 379 548 vir
403 486 576 550 contrahat
600 485 756 551 calidum
778 486 1027 566 matrimonium,
1053 491 1086 552 et
1109 487 1385 554 consummatione

204 606 353 694 perficiat
375 629 447 675 cum
470 609 576 676 vidua
599 629 619 674 a
641 630 699 675 suo
723 610 794 674 viro
818 611 881 674 iam
905 612 1044 695 cognita,
1069 610 1122 676 vel
1150 630 1223 675 cum
1248 611 1386 676 muliere

202 732 245 799 ab
261 735 329 802 olio
346 740 508 821 corrupta,
534 742 569 801 ut
592 740 679 822 patet
702 754 747 802 cm
770 755 797 803 c.
815 733 841 802 c.
859 735 885 802 3
907 742 939 802 et
957 737 990 809 5,
1009 737 1041 800 h.
1059 742 1079 800 t.
1099 771 1117 787 ·
1135 737 1244 812 Quare
1259 735 1299 802 ob
1316 757 1386 801 sen-

202 878 276 924 sum
298 863 499 925 contrarium
515 858 694 939 deducitur,
719 879 764 926 em
786 859 897 926 verbis
913 879 988 943 cop.
1005 861 1040 944 5,
1059 881 1124 926 non
1140 861 1289 926 contrahi
1305 861 1386 926 irre

204 981 410 1067 gudaritatem
435 1001 493 1069 per
516 983 753 1048 matrimonium
774 987 1027 1048 consummatum
1044 1003 1117 1048 cum
1133 982 1229 1048 vidua
1245 985 1385 1070 virgine,

205 1103 260 1168 vel
282 1123 355 1170 cum
378 1124 482 1170 uxore
505 1125 525 1168 a
548 1107 619 1170 viro
642 1105 756 1171 eodem
779 1106 843 1170 iam
866 1111 963 1170 antea
993 1108 1134 1192 cognita:
1167 1105 1270 1171 verba
1303 1105 1387 1172 haec

203 1231 290 1292 sunt.
317 1247 335 1290 c
352 1226 445 1292 Unde
461 1229 497 1302 is,
514 1229 569 1312 qui
584 1229 752 1295 mulierem
776 1228 816 1294 ab
833 1229 897 1294 alio
911 1229 1039 1295 ductam
1054 1229 1111 1296 sed
1127 1230 1259 1296 minime
1275 1231 1385 1314 cogni-

205 1356 272 1416 tam
295 1351 388 1420 duxit
411 1372 561 1428 uxorem;
586 1356 661 1439 quia
683 1374 745 1420 nec
769 1354 825 1420 illa
839 1373 902 1420 nec
925 1356 993 1440 ipse
1009 1374 1141 1422 carnem
1164 1375 1254 1421 suam
1278 1355 1387 1420 divisit

206 1479 240 1542 in
264 1477 388 1563 plures:
412 1484 546 1565 propter
569 1481 632 1545 hoc
648 1480 795 1566 impediri
819 1500 883 1546 non
907 1480 1002 1546 debet
1017 1483 1092 1565 quin
1109 1483 1208 1568 possit
1224 1481 1265 1546 ad
1280 1500 1388 1546 sacer·

205 1601 327 1666 dotium
350 1603 534 1692 promoveri
553 1625 584 1667 a.
607 1602 670 1669 Sed
694 1603 807 1685 quaeri
830 1608 945 1689 potest,
963 1623 1098 1668 curnam
1113 1603 1300 1669 attendatur
1322 1603 1386 1668 for·

206 1728 326 1793 nicetio
349 1729 402 1793 vel
426 1732 591 1814 corruptio
616 1748 658 1793 ex
680 1733 774 1813 parte
793 1728 924 1810 amomo,
942 1728 1016 1794 dum
1033 1749 1076 1793 ex
1091 1735 1185 1815 parte
1200 1729 1267 1794 oiri
1283 1747 1387 1814 neque

205 1855 310 1916 status
338 1851 503 1917 viduitatis
538 1857 634 1916 nocet
672 1870 777 1935 neque
811 1850 1002 1918 fornicatio?
1038 1850 1193 1918 subtilem
1228 1854 1387 1918 rationem

207 1974 315 2041 reddit
337 1975 374 2040 D.
400 1976 537 2042 Thomas
560 1976 619 2061 (ll,
644 1975 700 2042 sed
724 1993 826 2061 aeque
855 1973 972 2041 efficax
995 1981 1043 2041 est
1069 1977 1153 2040 ratio
1181 1975 1327 2061 vulgaris
1355 1984 1388 2042 et

207 2099 385 2162 communis
409 2100 572 2184 proposita
593 2117 613 2162 a
636 2097 755 2164 Suarez
787 2101 808 2164 l.
833 2117 860 2164 c.
884 2103 959 2164 sect.
985 2095 1019 2170 3,
1035 2118 1069 2163 a.
1095 2097 1126 2173 9,
1144 2117 1259 2184 nempe
1283 2097 1388 2163 torni-

205 2223 369 2286 cationem
401 2227 433 2286 et
462 2221 641 2306 legitimum
663 2221 797 2286 carnale
821 2223 1049 2287 commercium
1073 2222 1106 2285 in
1129 2223 1201 2285 viro
1227 2239 1292 2285 non
1317 2240 1389 2286 eam

206 2346 364 2412 inducere
380 2347 627 2427 inhonestatem,
644 2366 739 2429 quam
753 2347 937 2413 necessario
953 2346 1175 2411 secumferunt
1191 2347 1224 2412 in
1240 2346 1387 2412 muliere.

343 2471 377 2557 2)
401 2473 491 2547 ltem,
516 2473 668 2554 secundo,
694 2479 822 2539 cautum
846 2480 904 2547 est,
929 2473 1204 2559 irregularitatem
1227 2473 1388 2560 bigamiae

204 2596 384 2680 interpret.
402 2598 551 2663 contrahi
568 2598 608 2664 ab
625 2617 663 2664 eo
680 2600 733 2683 qui
748 2601 883 2664 nullum
899 2599 958 2664 init
974 2600 1211 2665 matrimonium
1227 2599 1267 2664 ob
1290 2601 1390 2686 impe-

205 2721 384 2789 dimentum
407 2724 585 2810 ligaminis;
603 2726 677 2809 quia
701 2725 755 2790 ille
779 2724 971 2810 irregularis
995 2744 1038 2790 ex
1054 2743 1127 2807 cap.
1144 2725 1172 2798 1,
1191 2724 1221 2788 h.
1238 2729 1261 2790 t.
1285 2724 1391 2790 decla-

208 2851 305 2911 ratur
325 2848 380 2931 qui
395 2846 515 2913 ducere
532 2852 565 2914 et
581 2866 779 2933 cognoscere
801 2847 899 2913 audet
915 2847 1082 2912 mulierem
1098 2849 1161 2911 iam
1185 2866 1206 2912 a
1229 2867 1287 2914 suo
1309 2847 1388 2933 legi-

208 2971 288 3036 timo
312 2972 384 3037 viro
413 2971 521 3038 adhuc
551 2973 682 3038 vivente
712 2975 891 3058 cognitam:
916 2972 1143 3040 diciturenim
1170 2973 1205 3037 in
1232 2971 1295 3038 hoc
1317 2991 1388 3057 cap.

210 3113 232 3155 ‹
247 3093 288 3160 Ut
311 3094 429 3180 bigami
452 3097 653 3180 poenitentes
677 3101 710 3161 et
733 3093 973 3180 repudiatarum
990 3097 1098 3162 mariti
1115 3095 1155 3160 ad
1171 3094 1388 3161 sacerdotium

208 3235 275 3282 non
298 3215 474 3282 ascendant
492 3238 522 3283 a.
547 3217 823 3302 Repudiatarum
845 3213 963 3284 chariti
986 3224 1061 3284 sunt
1083 3217 1130 3283 illi
1154 3219 1207 3302 qui
1230 3223 1392 3284 attentant

207 3343 448 3406 matrimonium
477 3362 549 3407 cnm
574 3343 729 3410 uxoribus
753 3342 929 3429 repudiatis
953 3363 1012 3428 per
1042 3343 1214 3408 divortium
1246 3343 1418 3428 semiple-

210 3483 298 3541 num,
313 3467 382 3530 sive
398 3485 463 3531 non
478 3467 614 3533 iuridice
631 3487 820 3533 concessum
835 3468 936 3535 veluti
952 3467 992 3533 ab
1009 3469 1203 3532 auctoritate
1219 3466 1337 3548 laicali,
1358 3467 1391 3531 vi

207 3587 348 3656 divortii
370 3590 498 3674 civilis;
521 3593 590 3656 sive
613 3591 749 3658 iuridice
773 3611 971 3664 concessum,
992 3590 1032 3656 ab
1057 3592 1250 3657 auctoritate
1266 3592 1391 3658 scilicet

207 3714 338 3790 eccles.;
365 3735 565 3799 quacumque
585 3737 628 3782 ex
650 3721 744 3802 parte
762 3717 845 3782 haec
869 3715 1047 3803 repudiatio
1070 3716 1251 3800 proveniat,
1275 3735 1296 3779 a
1319 3715 1392 3779 viro

299 3943 339 4014 (l)
359 3943 386 3998 S.
403 3944 505 3999 Doctor
518 3946 547 4001 iu
560 3945 612 4013 IV,
627 3947 695 4000 Dist.
708 3947 762 4012 27,
780 3957 885 4017 quaeat.
899 3947 928 4012 3,
941 3956 992 4000 ait.
1008 3947 1034 4010 1,
1048 3944 1120 3998 hanc
1139 3944 1230 3999 reddit
1244 3944 1393 4008 rationem,

208 4050 342 4106 nimirum
361 4067 474 4104 causam
492 4051 711 4122 irregularitatis
735 4053 903 4122 pensandam
922 4069 982 4108 esse
1008 4053 1036 4105 iu
1060 4052 1131 4117 viro,
1150 4067 1207 4105 non
1224 4051 1253 4106 in
1273 4049 1392 4104 muliere

206 4155 312 4225 quippe
336 4156 462 4225 incapaci
489 4156 722 4226 irregularitatis3
742 4157 785 4212 vir
803 4165 897 4212 autem
919 4157 1093 4222 fornicarius,
1114 4156 1143 4209 in
1162 4155 1331 4225 perficiendo
1350 4171 1394 4208 aa·

207 4265 354 4316 eramento
372 4260 553 4328 matrimonii,
573 4263 651 4334 quasi
677 4261 759 4317 huius
784 4265 921 4330 minister,
943 4263 1183 4334 imperfectionem
1206 4262 1315 4317 invenit
1336 4277 1391 4316 non

207 4365 239 4422 in
257 4367 349 4438 seipso
367 4367 414 4422 sed
434 4367 463 4422 in
482 4368 599 4424 muliere
612 4375 751 4440 corrupta,
765 4387 836 4442 quaa
849 4371 938 4426 relate
957 4370 992 4424 ad
1010 4369 1091 4424 illum
1106 4373 1149 4425 est
1164 4369 1284 4424 materia
1301 4385 1394 4424 sacra·

210 4475 306 4529 menti.
