3202 5104
453 345 495 390 nu
521 343 672 390 onurcrrs
701 345 743 389 nr
766 344 885 391 sonnis
1193 323 1259 388 229

92 473 177 554 penis
198 473 326 554 possint,
351 471 545 536 extendatur
560 471 600 534 ad
617 471 835 536 cessationem
852 489 874 534 c
890 469 1022 534 diuinis.
1043 469 1083 531 Et
1098 471 1259 533 sententia

91 597 243 679 nepetino
259 601 307 660 est
322 598 423 680 magis
439 594 612 680 probabilis
637 600 669 658 et
692 598 722 659 in
749 595 842 678 praxi
858 593 1011 667 tenenda;
1030 613 1101 656 nam
1120 592 1258 658 cessatio

90 718 235 782 edivinis
258 718 462 802 distinguitur
486 717 525 782 eb
549 717 725 782 interdicto
742 715 842 783 locali
857 735 916 800 pro
932 735 993 798 quo
1009 715 1075 778 lata
1092 719 1140 778 est
1156 713 1258 778 Alina

90 843 206 906 llloter.
233 843 270 906 Iu
295 841 538 928 interpretanda
566 843 628 907 hcc
655 841 887 908 Constitutione
918 845 950 904 et
980 859 1022 903 an
1055 839 1136 904 baec
1162 839 1259 924 appli-

90 975 176 1034 cetur
200 970 378 1035 cessationi
406 989 426 1034 o
457 969 580 1036 diuinis
605 967 674 1034 tuse
698 969 783 1034 inter
806 987 841 1032 se
873 965 1070 1031 contendunt
1093 967 1258 1030 Doctores.

91 1093 132 1156 Ol.
148 1093 354 1163 D’Annibale.
369 1096 396 1164 Ι,
415 1093 496 1168 378,
515 1099 547 1158 et
563 1095 774 1176 Van-Espen,
793 1093 819 1156 l.
837 1093 875 1156 Ε.
899 1091 934 1156 U.
952 1111 1029 1174 por,
1049 1091 1114 1160 ΙΙΙ.
1134 1090 1180 1154 lit.
1196 1089 1256 1164 Xl,

90 1239 119 1280 a.
146 1219 199 1283 39.
232 1254 249 1266 -
280 1217 458 1284 Praeterea
489 1220 521 1282 in
554 1220 647 1303 praxi
680 1236 874 1302 magnopere
910 1216 972 1279 hoc
1003 1215 1122 1282 attendi
1154 1214 1257 1282 debet.

90 1343 234 1408 nimirum
263 1345 477 1410 cessationem
508 1343 605 1407 iudici
637 1342 676 1407 ob
708 1343 928 1426 gravissimam
961 1360 1092 1405 causam
1124 1345 1155 1404 et
1182 1341 1259 1406 hinc

89 1466 207 1531 lucilius
232 1473 264 1531 et
288 1470 495 1552 prequentius
512 1467 642 1532 decerni
667 1467 883 1532 interdictum
907 1485 999 1548 quam
1025 1465 1259 1546 cessationem

88 1592 281 1676 proindeque
316 1595 454 1659 cessatio
485 1613 506 1657 o
537 1593 661 1658 dicimis
691 1611 819 1675 semper
851 1589 1037 1654 decernitur
1072 1608 1094 1652 a
1128 1589 1257 1662 iudice,

89 1736 185 1799 neque
216 1719 292 1800 ipso
323 1717 414 1799 sacto
445 1738 584 1802 unquam
616 1719 812 1801 incurritur:
844 1717 902 1780 cir.
932 1713 1188 1798 Smalzgrueber.
1216 1715 1257 1788 V,

88 1843 128 1902 tit.
145 1841 201 1912 39.
227 1863 263 1906 a.
281 1843 363 1914 403,
381 1848 413 1907 et
429 1843 478 1908 edi
496 1843 589 1908 debet
613 1843 801 1907 cessationis
824 1842 999 1912 decretum,
1018 1840 1154 1904 servatis
1178 1858 1258 1902 non·

87 1966 176 2032 nullis
188 1968 454 2037 solemnitatibus.
468 1966 508 2032 ad
520 1967 726 2040 validitatem
741 1987 814 2052 erp.
828 1985 901 2049 cap.
916 1965 948 2035 8.
963 1965 1073 2048 Deoff.
1088 1964 1161 2030 ord.
1172 1961 1227 2048 (1).

171 2091 353 2156 Relaxatur
382 2094 517 2156 cessatio
540 2091 581 2155 ab
604 2111 642 2154 eo
665 2097 788 2156 tanturn
813 2093 865 2172 qui
890 2091 1100 2153 cessationem
1133 2087 1256 2166 indixit,

88 2213 131 2274 rel
146 2213 184 2275 ab
201 2215 273 2278 eius
284 2213 459 2297 Superiore
472 2217 527 2276 aut
539 2233 727 2277 successore
744 2211 794 2274 vel
808 2210 848 2274 ab
861 2211 945 2274 illius
961 2210 1117 2294 delegato.
1137 2209 1256 2278 Cessat,

85 2339 152 2419 ipso
176 2340 264 2408 iure,
289 2340 319 2402 vi
345 2340 433 2424 legis.
459 2358 532 2422 cop.
559 2340 590 2412 8,
617 2337 665 2403 Dc
680 2340 734 2421 off.
752 2337 825 2404 ord.
851 2337 887 2400 io
904 2335 936 2410 6,
961 2337 985 2400 si
1010 2341 1081 2420 post
1104 2355 1256 2405 mensem.

86 2463 160 2528 llaec
183 2464 248 2529 duo
273 2470 479 2544 concurrant,
505 2484 619 2548 nempe
643 2465 667 2528 si
696 2463 726 2546 l)
742 2462 782 2526 ab
807 2461 925 2526 indicta
946 2463 1124 2525 cessatione
1149 2465 1257 2544 partes

85 2589 163 2653 inter
179 2611 214 2654 se
232 2610 296 2654 non
314 2591 527 2654 convenerint
543 2594 575 2654 et
591 2609 658 2653 rem
680 2589 927 2673 composuerint,
948 2586 981 2670 2)
998 2594 1030 2650 et
1046 2585 1257 2650 cessationem

85 2713 224 2780 indicens
252 2717 412 2800 negotium
437 2733 502 2778 uon
526 2712 678 2779 detulerit
701 2713 847 2776 ¹ltomam.

171 2841 246 2906 153.
273 2841 358 2906 Hinc
378 2841 516 2906 cessatio
533 2859 554 2903 c
570 2839 694 2904 (liuteis
710 2838 916 2922 distinguitur
941 2857 960 2899 a
980 2836 1168 2918 pollutione
1192 2835 1255 2900 Ec-

83 2965 197 3028 clesiae
223 2985 306 3048 quae
323 2967 501 3030 incurritur
516 2965 589 3046 ipso
606 2962 719 3044 sucto;
742 2967 774 3026 et
798 2970 846 3025 est
870 2959 1024 3044 quaedam
1049 2959 1258 3024 iodeccotioc

83 3091 205 3154 macula
230 3090 413 3154 adhaerens
445 3090 612 3154 Ecclesiae
648 3107 690 3151 ex
726 3087 861 3170 quodem
893 3091 1019 3171 patrato
1055 3085 1190 3148 crimine
1226 3086 1255 3146 in

166 3412 206 3479 tl)
229 3379 366 3465 Delictum
385 3410 467 3464 debet
486 3425 545 3462 esse
566 3409 713 3472 notorium,
727 3407 795 3460 adeo
815 3412 845 3459 ut
864 3405 982 3459 cessatio
1002 3405 1145 3458 ordinetur
1159 3404 1192 3456 ad
1213 3421 1256 3456 re—

82 3519 232 3583 parandum
252 3517 426 3580 scandulum
446 3522 475 3570 et
494 3517 639 3570 cessationi
657 3514 856 3569 deveniendum
873 3518 916 3566 est
934 3511 1044 3582 qnando
1062 3511 1145 3564 aliter
1164 3511 1257 3564 debita

80 3626 234 3680 satisfactio
248 3643 264 3678 a
277 3625 455 3696 delinquente
474 3625 593 3678 obtineri
616 3640 668 3676 non
689 3623 819 3692 potuerit.
834 3650 847 3662 -
863 3621 932 3674 Hinc
951 3636 1034 3672 carrea
1050 3623 1256 3688 propterquam

80 3731 190 3787 iubetur
210 3735 337 3796 cessatio,
356 3731 419 3800 poni
439 3713 521 3784 debet
541 3731 567 3782 in
588 3729 705 3797 scriptis,
726 3729 803 3781 edito
823 3727 933 3796 publico
952 3727 1136 3780 instrumento
1156 3741 1204 3794 per
1217 3729 1257 3776 ta·

80 3837 241 3904 hebionem,
265 3844 314 3892 aut
338 3839 421 3894 aliter
445 3838 601 3893 omnimode
627 3837 796 3902 authenticO,
816 3834 888 3906 quod
913 3833 983 3886 tradi
1008 3833 1089 3886 debet
1109 3831 1133 3884 ei
1160 3833 1258 3883 contre

79 3962 157 4015 quern
178 3949 300 4002 cessatio
319 3947 459 4011 iudicitur,
473 3961 506 4000 eo
525 3945 640 3998 consilio
660 3949 690 3998 ut
709 3942 755 3996 hic
775 3943 938 4006 satisfaciet,
951 3941 1017 4010 quin
1034 3939 1138 3994 recurri
1158 3939 1257 3992 debeat

80 4051 110 4103 ad
130 4059 187 4106 tum
208 4069 295 4122 grave
315 4052 473 4108 remedium.
494 4052 645 4121 Postquam
664 4066 731 4104 vero
744 4051 858 4104 cessatio
878 4053 984 4103 statute
997 4054 1048 4112 est,
1063 4053 1093 4100 ut
1107 4045 1255 4112 relaxetur,

80 4160 134 4225 ille,
154 4162 182 4214 iu
203 4177 286 4232 quem
306 4161 409 4214 indicta
428 4161 490 4226 luit,
504 4160 586 4214 debet
599 4175 707 4229 quoque
721 4159 862 4212 indemnes
876 4156 988 4210 reddere
1003 4155 1097 4208 fideles
1110 4155 1143 4207 de
1157 4155 1256 4207 damno

80 4267 219 4320 materiali
241 4267 302 4320 inde
323 4267 432 4332 habito,
459 4271 558 4334 utputa
583 4265 708 4317 carronici
734 4263 899 4317 resarciendi
925 4267 990 4314 sunt
1013 4260 1046 4314 de
1066 4276 1119 4312 non
1140 4260 1256 4313 lucratis

79 4374 249 4444 quotidianis
274 4374 516 4427 distributionibus
534 4374 569 4426 ob
589 4371 762 4426 intermissas
781 4369 862 4423 hores
887 4367 1048 4429 canonicam
1067 4383 1127 4434 erp.
1148 4385 1207 4434 cop.
1228 4367 1256 4432 2,

83 4483 121 4535 lle
140 4483 185 4552 off.
208 4483 269 4534 ord.
288 4484 317 4534 in
338 4481 365 4535 6.
