3306 5102
312 310 383 378 352
842 332 924 378 anns
951 331 972 376 1.

313 471 404 519 caus.
420 455 447 528 1,
472 452 544 538 al
567 454 621 519 ubi
644 454 789 520 refertur
812 453 947 539 epistola
970 454 1001 520 S.
1019 455 1135 520 Leonis
1152 455 1196 519 M.
1214 453 1400 518 haereticos
1422 474 1491 539 pro

312 580 451 645 hibentis
475 580 514 645 ab
538 580 702 647 ordinibus
722 581 946 666 suscipiendis;
971 586 1003 645 et
1025 581 1253 663 dispensative
1275 581 1495 664 permittentis

313 710 535 790 susceptorum
566 708 766 774 exercitium.
800 707 980 774 Praeterea
1010 706 1126 772 recolit
1155 706 1235 770 duas
1265 707 1494 790 responsiones

313 830 344 896 S.
363 830 478 899 Officii.
496 832 630 896 alteram
655 833 722 897 diei
736 832 786 896 26
803 831 887 898 Noa.
903 832 994 897 1668
1017 833 1062 897 ile
1084 851 1272 916 expressam
1297 829 1354 895 suh
1378 829 1491 895 dubio:

316 984 332 1015 «
351 956 407 1022 An
423 957 556 1022 alumni
571 958 789 1044 callepiorum
802 957 1050 1043 pontificalium
1063 957 1122 1042 qui
1138 959 1189 1022 aet
1206 956 1248 1023 ab
1265 956 1399 1022 haeresi
1413 962 1495 1022 sunt

313 1082 466 1148 conuersi
488 1084 539 1147 ael
561 1086 642 1147 sunt
668 1081 914 1149 haereticorum
941 1082 1003 1166 tilii
1027 1086 1058 1147 el
1080 1082 1156 1148 ideo
1182 1081 1393 1167 irrepulares
1423 1099 1493 1164 qna

312 1206 567 1292 irrepataritate
581 1203 710 1291 (quoad
733 1206 914 1293 appareat)
933 1227 1002 1273 nan
1017 1207 1151 1273 sublata
1166 1207 1214 1272 ad
1228 1206 1368 1271 ordines
1389 1205 1492 1270 etiam

313 1349 429 1397 sacras
440 1333 591 1414 promoti
605 1331 748 1414 fuerunt
770 1338 801 1398 et
819 1337 1076 1417 promoventur,
1093 1351 1177 1397 num
1193 1331 1257 1396 rite
1279 1336 1312 1397 et
1330 1331 1495 1396 canonice

309 1458 462 1538 promoti
475 1455 606 1538 fuerint
620 1464 651 1523 at
671 1463 942 1540 promoveantur
956 1478 1002 1524 an
1017 1477 1097 1525 vero
1113 1456 1324 1543 indipaerint
1349 1461 1379 1520 el
1402 1455 1492 1520 indi-

313 1583 415 1662 peant
427 1579 676 1661 dispensatione
687 1580 730 1646 ab
744 1581 999 1666 irrepularitate
1010 1581 1081 1645 iam
1096 1579 1186 1645 dicta
1200 1599 1216 1643 s
1231 1579 1283 1642 cui
1297 1579 1493 1662 rescriptum

313 1701 390 1767 fuit:
419 1724 435 1764 «
453 1703 620 1771 Alumnos
630 1705 827 1787 praedictos
841 1705 1027 1791 indipuisse
1050 1710 1080 1771 el
1095 1705 1320 1786 inposterum
1336 1702 1495 1788 indipere

314 1824 564 1908 dispensatione
586 1829 701 1912 quoad
727 1829 943 1912 praedictam
970 1829 1280 1915 iri-epularitatem;
1299 1827 1493 1909 petentibus

312 1969 392 2017 oero
417 1953 648 2018 relaaandam
679 1953 965 2036 dispensationem
983 1972 1013 2029 »;
1037 1953 1174 2018 alteram
1205 1952 1341 2016 relatam
1365 1953 1399 2015 in
1422 1951 1494 2018 Gol-

312 2072 461 2140 lectanea
484 2075 515 2141 S.
541 2078 572 2141 C.
598 2076 638 2140 de
663 2078 758 2162 Prop.
786 2078 853 2142 Fid.
870 2078 978 2142 datam
1000 2096 1020 2141 a
1045 2076 1076 2142 S.
1095 2075 1210 2143 Officio
1234 2076 1289 2141 die
1313 2075 1493 2141 thecam-

314 2200 383 2266 lrris
407 2201 498 2267 1890
520 2202 564 2266 ita
586 2209 789 2287 conceptam:
818 2203 1050 2270 ‹Haereticos
1079 2199 1126 2266 ad
1152 2202 1255 2285 fidem
1289 2199 1492 2267 catholicam

314 2343 491 2391 conversas
514 2344 555 2390 ac
577 2326 663 2410 filios
687 2327 933 2394 haereticoram
956 2329 1016 2411 qui
1030 2328 1068 2392 in
1083 2326 1216 2392 haeresi
1234 2325 1423 2408 persistunt
1438 2325 1492 2389 ael

314 2449 440 2516 morlai
463 2455 550 2521 sunt.
574 2451 621 2515 ad
646 2452 799 2535 primam
822 2457 853 2518 et
875 2453 1062 2518 secundum
1091 2451 1242 2538 pradum
1265 2468 1333 2532 per
1362 2449 1492 2514 tineam

309 2579 505 2657 paternam,
529 2595 596 2659 per
621 2583 815 2643 maternam
841 2597 920 2645 aero
951 2578 998 2643 ad
1024 2546 1181 2660 primum
1208 2576 1393 2641 dumtamal
1421 2592 1494 2639 esse

313 2698 523 2784 irrepulares
538 2700 680 2786 ideoque
695 2703 943 2786 dispensatione
958 2703 1111 2789 indiqere
1134 2707 1172 2766 ut
1198 2701 1245 2766 ad
1266 2705 1445 2765 tonsuram
1461 2703 1494 2764 et

314 2825 452 2890 ordines
473 2834 774 2907 promoreantur»
794 2827 848 2915 (1).
876 2828 954 2895 Inde
970 2829 1097 2894 deducit
1119 2826 1159 2892 cl.
1178 2828 1310 2898 Auctor,
1329 2825 1392 2888 hac
1409 2825 1491 2888 irre-

314 2949 487 3034 gularitate
510 2947 604 3032 affici,
625 2971 669 3017 ea
692 2953 811 3021 delicto
834 2954 990 3033 haeresis,
1015 2954 1199 3017 haereticos
1221 2951 1280 3035 qni
1306 2950 1494 3015 damnatae

314 3079 422 3139 sectae
452 3080 526 3139 sunt
556 3075 708 3162 adscripti
731 3079 801 3144 sive
823 3099 843 3142 a
867 3080 1033 3144 nativitate
1062 3079 1130 3142 sive
1154 3097 1196 3141 ex
1220 3075 1353 3161 propria
1385 3074 1492 3158 culpa,

314 3199 374 3263 etsi
396 3201 493 3266 nulla
515 3201 636 3268 iudicis
658 3205 822 3270 sententia
842 3204 1083 3300 inter-ceneri&
1107 3203 1212 3268 ethis
1235 3205 1390 3266 accenset
1413 3201 1494 3265 alios

314 3323 374 3406 qui
391 3342 459 3404 per
481 3325 602 3392 iudicis
625 3329 824 3392 sententiam
843 3329 1072 3410 personaliter
1098 3326 1254 3392 damnali
1284 3324 1430 3406 suerunt
1452 3323 1492 3388 de

314 3449 451 3522 haeresi,
476 3452 657 3534 schismate,
682 3456 841 3538 apostasia
864 3455 925 3520 elsi
947 3454 994 3519 ad
1017 3455 1170 3538 aliquam
1192 3453 1266 3518 iam
1289 3452 1490 3545 enistentem

314 3579 440 3639 sectam
463 3575 676 3650 haereticam,
700 3578 950 3644 schismaticam
980 3579 1032 3644 vel
1063 3579 1110 3644 ad
1137 3577 1305 3642 ethnicam
1336 3575 1491 3659 aliquam

314 3699 585 3780 superstitionem
607 3719 677 3768 non
701 3703 907 3768 transierint.
935 3737 952 3752 -
978 3703 1068 3768 Alios
1091 3707 1198 3768 aulem
1228 3700 1415 3765 haereticos
1438 3717 1491 3762 cx-

315 3827 425 3888 ternos
455 3826 514 3890 sed
544 3847 614 3892 non
642 3828 822 3895 damnatos
852 3847 915 3894 nec
940 3828 1172 3911 personaliter
1201 3845 1263 3892 nec
1284 3825 1323 3889 in
1342 3824 1492 3907 propria

314 3953 404 4014 secta
426 3951 494 4014 sive
517 3951 661 4017 occultos
676 3955 744 4018 sive
768 3952 910 4038 publicos
926 3960 1017 4039 putat
1032 3974 1097 4018 non
1113 3972 1184 4018 esse
1204 3949 1407 4036 irregulares
1431 3945 1490 4010 nisi

404 4143 443 4214 (l)
464 4144 489 4197 S.
509 4145 594 4216 (long.
609 4146 634 4200 S.
648 4147 698 4200 Off.
718 4149 818 4203 iterum
838 4149 1013 4202 confirmavit
1026 4148 1098 4202 hanc
1117 4145 1323 4217 responsionem
1337 4145 1384 4198 die
1404 4142 1492 4196 sre-

316 4265 525 4320 hruarii1898.
546 4261 706 4317 Huiusmodi
726 4259 916 4332 quaestionem
935 4259 986 4310 sub
1005 4259 1133 4325 respectu
1147 4250 1366 4321 irregularitatis
1378 4246 1490 4303 diremit

315 4401 425 4456 quoque
439 4383 464 4436 S.
478 4382 563 4450 Cong.
576 4375 693 4431 Concilii
708 4375 737 4428 in
750 4373 875 4426 Romana
891 4367 959 4424 1718
977 4368 1023 4422 die
1041 4366 1078 4418 21
1096 4363 1174 4418 Maii.
1191 4359 1260 4414 Vide
1279 4356 1352 4428 apud
1368 4353 1490 4418 Richter,

317 4492 389 4545 Edit.
413 4489 492 4548 Cana.
518 4488 603 4554 Tria,
623 4503 649 4556 p.
671 4484 729 4538 101.
