3302 5100
634 310 840 360 antecessu
863 310 896 358 v.
1287 293 1353 360 583

262 452 328 518 que
360 433 422 500 hoc
450 431 689 499 Tridentinum
719 432 901 500 Decretum
931 434 968 498 in
998 433 1150 499 medium
1173 433 1352 508 deducere,

265 545 302 605 ut
328 539 482 607 limitatio
508 539 603 622 facta
633 539 754 606 metius
782 540 1005 627 intettipatur,
1036 540 1130 606 iliud
1160 546 1275 606 autem
1306 547 1353 608 est

264 647 357 732 quod
378 647 574 713 immediate
595 647 759 733 sequitur.

353 927 664 968 Excottttuntcnttouns
685 927 777 967 Lentu
797 929 815 965 A
835 926 967 966 CONGILIO
986 926 1173 966 vntots‘rlso.

249 1143 319 1198 Sese,
339 1145 356 1197 4
376 1160 409 1198 cx
430 1143 546 1200 Docroto
565 1143 598 1198 de
617 1143 739 1198 editione
757 1147 786 1198 et
806 1161 855 1196 usu
875 1159 1017 1198 sacrorum
1037 1142 1182 1197 librorum.

244 1251 361 1307 ‹Nutti
379 1253 463 1308 ticeat
480 1254 646 1322 imprimere
660 1253 705 1307 vet
719 1253 845 1322 imprimi
861 1255 959 1323 facere
976 1253 1086 1323 quosvis
1107 1253 1193 1307 libros
1212 1253 1248 1306 de
1266 1253 1351 1306 rebus

174 1358 264 1411 sacris
282 1359 342 1411 sine
360 1361 471 1412 nomine
490 1325 629 1423 ductoris,
647 1373 736 1428 neque
755 1357 822 1410 itlos
841 1359 871 1410 in
889 1359 1021 1428 futurum
1046 1359 1168 1412 vendere
1192 1366 1242 1411 aut
1267 1358 1351 1412 etiam

174 1466 251 1536 apud
269 1482 300 1520 se
316 1469 449 1530 retinere,
466 1467 523 1519 nisi
536 1468 664 1536 primum
683 1468 834 1518 examinati
856 1467 1023 1535 probatique
1041 1467 1149 1536 suerint
1168 1467 1203 1520 ab
1225 1464 1350 1518 Ordina-

173 1571 226 1636 rio‚
244 1573 295 1626 sut
310 1589 403 1642 poena
421 1573 606 1626 anathematis
619 1581 645 1627 et
653 1575 791 1641 pecuniae
810 1573 839 1624 in
858 1589 963 1626 canone
981 1572 1098 1627 Concitii
1109 1573 1253 1626 novissimi
1265 1571 1350 1626 Late·

173 1678 302 1731 ranensis
320 1678 455 1748 apposita.
474 1675 511 1730 Et
529 1677 554 1730 si
571 1676 731 1746 Reputares
749 1678 866 1747 suerint,
885 1678 963 1731 uttra
983 1677 1217 1732 examinationem
1238 1686 1264 1732 et
1278 1693 1351 1746 pro·

174 1786 326 1849 amionem,
353 1786 514 1840 istiusmodi
542 1784 683 1838 licentiam
711 1801 819 1856 quoque
847 1803 865 1838 a
891 1787 949 1838 suis
975 1786 1169 1855 superioribus
1195 1787 1351 1852 impetrare

174 1901 322 1944 teneantur
340 1889 490 1958 recopnitis
507 1906 562 1959 per
580 1905 628 1943 eos
648 1889 727 1943 libris
746 1890 826 1942 tanea
844 1895 967 1960 sormam
991 1905 1109 1942 suarum
1133 1889 1350 1942 ordinationum.

175 1997 229 2055 Qui
248 2005 342 2050 autem
366 1997 470 2066 scripto
490 2011 537 2052 eos
555 1997 760 2050 communicant
778 1997 825 2050 vel
844 1996 987 2065 sculpant,
1011 1997 1066 2049 nisi
1089 2005 1172 2050 antea
1197 1995 1351 2050 euaminati

171 2101 334 2171 probatique
352 2102 469 2171 fuerint,
489 2105 594 2156 eisdem
611 2105 709 2172 poenis
727 2104 887 2156 subiaceant
911 2102 1010 2171 quibus
1034 2102 1227 2170 impressor-es.
1247 2100 1285 2154 Et
1303 2102 1351 2170 qui

173 2224 220 2261 eos
246 2209 392 2262 habuerint
416 2209 464 2262 vet
493 2209 629 2279 teperint,
657 2211 713 2262 nisi
738 2210 916 2280 prodiderint
940 2218 1087 2273 auctores,
1108 2225 1164 2278 pra
1189 2209 1349 2262 auctoribus

172 2315 328 2369 habeantur
342 2331 365 2367 e.

172 2584 209 2622 DE
229 2585 460 2625 usunt’nvoetntts
473 2585 706 2632 QUORUMCUMQUE
720 2586 853 2626 BONORUM
867 2585 1150 2627 nccessltsslcottuu
1166 2585 1222 2625 AU'I'
1236 2585 1348 2634 tumuit,

262 2691 377 2739 Qvonvtt
397 2691 652 2732 Excouuumcfflo
672 2692 724 2732 EST
745 2693 861 2733 Rouana
881 2691 1025 2733 Posststct
1045 2697 1062 2732 A
1083 2691 1213 2732 codaleto
1228 2691 1350 2730 sutanu-

261 2799 328 2837 ΤΙΝΟ
346 2799 527 2838 RESERVATA.

243 3005 314 3061 Sese.
335 3007 370 3059 22
388 3023 410 3058 e.
434 3006 462 3060 ll
488 3006 521 3060 de
545 3005 637 3061 Rosos.
658 3007 720 3060 «St
743 3025 826 3077 quern
852 3009 1021 3062 clericorum
1043 3009 1089 3062 vel
1114 3008 1253 3062 laicorum
1277 3025 1348 3077 qvia-

171 3131 287 3184 cumque
307 3118 330 3167 is
349 3115 493 3185 dianitate,
512 3116 596 3170 etiam
615 3116 758 3185 imperiali
779 3126 828 3169 aut
853 3117 954 3187 repuli,
976 3117 1171 3187 praesument,
1190 3118 1219 3170 in
1238 3126 1347 3170 tantum

111 3291 116 3302 .
170 3222 313 3276 malorum
333 3223 455 3274 orantum
474 3223 559 3276 radia
578 3223 716 3294 cupiditas
735 3227 923 3294 occupaverit,
942 3233 974 3278 ut
991 3225 1112 3279 alicuius
1136 3225 1272 3278 eactesiae
1298 3239 1348 3278 seu

171 3329 294 3382 cuiusvis
311 3329 467 3383 saecularis
489 3330 535 3382 vet
552 3330 696 3399 reputaris
720 3331 863 3400 Beneficii,
881 3332 1017 3386 montium
1028 3333 1150 3402 pietatis,
1169 3332 1346 3401 aliorumque

167 3437 283 3504 piorum
302 3437 429 3490 locorum
455 3438 669 3502 iurisdictiones,
689 3439 769 3502 bona,
788 3455 888 3493 census
912 3457 946 3493 ac
970 3441 1035 3494 iura
1059 3441 1142 3493 etiam
1167 3439 1296 3510 feudalia
1321 3450 1347 3494 et

170 3539 380 3608 emphyteutica,
399 3543 518 3609 fructus,
537 3540 734 3606 emolumenta,
752 3558 802 3596 seu
821 3559 1009 3614 quascumque
1028 3545 1213 3610 obventiones,
1232 3561 1303 3615 auae
1316 3546 1346 3596 in

169 3645 364 3698 ministrorum
383 3657 409 3700 et
426 3663 584 3718 pauperum
602 3649 779 3702 necessitates
803 3651 928 3704 converti
947 3652 1055 3716 debent,
1075 3668 1129 3721 per
1148 3667 1177 3706 se
1202 3651 1248 3705 vet
1273 3652 1346 3704 atios

169 3753 199 3804 oi
216 3753 262 3805 vet
280 3755 380 3806 timore
399 3755 517 3818 incusso,
536 3772 586 3809 seu
605 3759 688 3809 etiam
702 3774 759 3826 per
776 3761 934 3828 suppositas
951 3773 1088 3828 personas
1109 3759 1285 3812 Clericorum
1298 3768 1346 3813 aut

170 3853 330 3920 Laicorum,
349 3871 398 3908 seu
417 3873 589 3926 quacumque
613 3867 675 3912 arte
693 3868 741 3912 aut
760 3875 932 3930 quocumque
956 3863 1079 3931 quaesito
1104 3862 1200 3915 colore
1223 3864 1253 3914 in
1275 3877 1348 3932 pro-

167 3964 247 4029 prios
265 3979 333 4015 usus
353 3974 524 4028 corvoertere,
543 3965 663 4034 illosque
681 3983 822 4036 usurpare
839 3972 1070 4039 praesumpserit,
1082 3987 1132 4024 seu
1151 3971 1298 4040 impedire,
1311 3989 1346 4024 ne

169 4066 204 4118 ab
223 4067 255 4119 its
274 4069 311 4122 ad
329 4085 397 4137 quos
416 4070 479 4124 iure
494 4070 645 4140 pertinent,
661 4073 866 4141 percipiantur,
886 4077 910 4126 is
931 4077 1101 4128 anathemati
1123 4077 1230 4130 tamdiu
1249 4077 1344 4129 subia-

170 4181 239 4238 ceat,
258 4175 391 4242 quamdiu
414 4175 629 4242 iurisdictiones,
655 4179 733 4244 bona,
759 4195 813 4242 res,
839 4181 912 4245 iura,
935 4184 1045 4251 fructus
1070 4191 1097 4236 et
1122 4183 1258 4248 redditus,
1277 4200 1345 4252 quos

170 4283 355 4349 occupaverit,
375 4283 421 4335 vet
439 4286 487 4352 qui
504 4286 541 4337 ad
561 4301 623 4338 eum
643 4289 906 4356 quomodocumque,
917 4290 1001 4342 etiam
1020 4305 1056 4342 ev
1074 4290 1222 4344 donatione
1240 4307 1345 4360 suppo-

169 4388 238 4440 sitae
254 4403 405 4456 personae,
423 4393 612 4458 pervenerint‚
632 4392 767 4445 ecclesiae
793 4396 906 4462 eiusque
931 4395 1154 4450 administratori
1174 4397 1233 4450 sive
1259 4398 1345 4451 oene-
