3296 5108
508 341 551 387 na
576 340 729 388 narreris
757 341 800 388 nr
823 341 943 388 sonnis
1250 317 1318 383 429

137 463 227 547 plina
259 461 465 530 D'Annibale
491 462 633 544 (Summ.
659 464 839 552 111,143).
868 467 913 530 ita
940 462 1122 548 explicabat
1149 460 1316 526 decretum

136 587 379 670 prohibitionis:
400 611 417 651 c
434 589 522 663 Quos
537 591 637 675 igitur
651 589 751 654 libros
768 589 917 655 Ecclesia
932 587 1113 673 proscribit,
1127 607 1182 652 eos
1198 586 1315 652 nedum

136 716 346 798 imprimere,
364 714 555 797 defendere,
572 717 719 782 relinere
738 715 843 782 sedin
860 717 972 800 primis
995 715 1106 801 tepere
1122 733 1224 799 grave
1246 721 1315 786 est;

138 841 265 906 scilicet
288 846 421 926 propter
445 847 685 926 praesumptum
703 841 936 924 perversioris
954 841 1158 924 periculum,
1180 838 1317 923 ideoque

136 966 197 1029 etsi
222 965 355 1031 nattum
375 983 522 1048 prorsas
545 967 667 1050 tepenti
685 966 882 1049 pericnlum
908 966 1086 1030 immineat
1107 986 1137 1028 s.
1163 965 1315 1030 Iamrero

136 1109 248 1156 omnes
271 1094 539 1156 commentatores
555 1091 759 1162 conveniunt,
777 1091 873 1155 etiam
889 1089 984 1154 hodie
1007 1088 1090 1154 haec
1113 1088 1316 1154 secnmferre

135 1215 302 1282 decretum
321 1215 570 1298 prohibitionis,
595 1218 741 1300 quamvis
764 1217 815 1281 isti
838 1212 973 1280 effectus
993 1214 1099 1282 obiter
1121 1220 1244 1281 tantum
1268 1216 1314 1280 in·

136 1349 286 1416 urantur,
304 1343 488 1408 inert12.
506 1343 556 1408 Re
571 1363 650 1408 sane
665 1364 746 1410 vera
764 1343 948 1426 probibitio
965 1344 992 1409 si
1011 1342 1092 1407 alias
1113 1341 1315 1427 intelligatur

135 1483 201 1530 non
224 1449 378 1551 prospicit
400 1487 458 1532 suo
482 1487 588 1552 scopo.
614 1467 674 1534 Sed
699 1469 803 1552 potius
826 1471 1052 1553 argumentum
1076 1463 1247 1531 deducitur
1271 1485 1313 1530 ex

135 1607 240 1672 poena
271 1591 612 1654 excommunicationis
642 1609 688 1675 sp.
720 1591 816 1655 modo
846 1586 955 1675 Papae
986 1593 1135 1654 servatae
1166 1608 1248 1672 quae
1279 1589 1311 1652 in

135 1715 201 1774 ort.
226 1711 274 1774 47
297 1710 403 1776 fertur
426 1712 629 1778 inscienter
652 1713 841 1798 tepentes...
869 1712 1070 1796 eosdemque
1100 1710 1205 1778 libros
1231 1711 1311 1776 reti-

134 1841 260 1909 nentes,
290 1834 524 1917 imprimentes
553 1841 583 1900 et
614 1835 864 1920 quomodolibet
896 1834 1122 1918 defendentes.
1155 1833 1313 1918 Equidem

134 1961 258 2024 sanctio
282 1960 425 2044 poenalis
449 1959 545 2024 latior
568 1979 638 2025 esse
661 1980 726 2024 non
750 1967 854 2045 potest
877 1963 946 2045 ipsa
964 1959 1202 2042 prohibitione.

223 2081 423 2150 D'Annibale
440 2083 586 2168 (Summ.
605 2086 671 2158 III,
689 2085 768 2170 142)
785 2088 830 2150 ita
847 2091 1083 2150 commentatur
1098 2086 1184 2150 hanc
1199 2083 1310 2171 prohi-

134 2209 287 2274 bitionem
313 2207 452 2276 «Libro
471 2209 642 2292 prohibito
661 2209 864 2293 prohibetur
885 2210 984 2276 ittam
1007 2211 1127 2296 tepere,
1151 2209 1311 2282 retinere,

132 2331 341 2414 imprimere,
366 2330 558 2413 defendere.
583 2333 712 2419 Lepore
735 2339 784 2399 est
807 2334 907 2398 oculis
932 2335 1118 2418 prospicere
1134 2337 1167 2398 et
1190 2331 1310 2399 intelli·

133 2474 214 2538 gere
238 2473 320 2538 quae
343 2458 425 2540 sunt
440 2457 577 2540 scripta;
601 2454 736 2539 proinde
760 2474 822 2520 nec
845 2459 872 2521 is
895 2456 1000 2541 legem
1015 2456 1115 2520 violat
1130 2455 1183 2540 qui
1199 2454 1310 2540 legen-

132 2583 198 2642 tem
230 2577 317 2642 audit
345 2597 407 2643 nec
436 2579 489 2662 qni
520 2579 599 2664 legit
622 2580 690 2663 ipso
714 2580 740 2643 si
764 2581 893 2664 ignorat
915 2580 1058 2665 linguam
1083 2598 1146 2663 qua
1169 2581 1310 2664 scriptus

133 2706 183 2766 est
204 2701 297 2767 liben
313 2699 471 2767 Retinere
493 2723 585 2766 suum
608 2704 677 2767 sive
699 2703 851 2785 alienum,
876 2709 909 2768 et
931 2709 1047 2768 neuter
1070 2707 1248 2768 excusatur
1272 2723 1311 2767 eo

132 2823 217 2906 quod
241 2825 326 2889 forto
350 2826 417 2909 ipse
438 2825 550 2910 legere
574 2827 678 2891 nescit
701 2827 753 2891 vel
777 2826 860 2910 qnod
884 2834 978 2894 cavet
1001 2847 1043 2892 ne
1066 2827 1107 2892 ad
1135 2827 1216 2892 alios
1240 2845 1310 2910 per·

132 2949 260 3024 veniat;
284 2967 346 3014 nec
368 2949 446 3014 licet
467 2968 522 3014 eos
538 2951 692 3030 alienare,
711 2949 923 3024 commodare,
942 2951 1067 3036 legatos
1089 2950 1231 3024 tradere,
1249 2951 1309 3014 nisi

132 3075 184 3140 his
208 3075 321 3158 quibus
343 3076 475 3140 licentia
502 3081 550 3140 est
573 3076 745 3160 legendi...
771 3076 976 3157 Imprimere
1004 3080 1051 3140 est
1075 3077 1161 3161 typis
1193 3074 1309 3150 edere;

131 3197 219 3282 typis
241 3217 322 3261 vero
345 3196 442 3262 edere
458 3197 685 3283 intelliguntur
702 3197 733 3282 1)
750 3198 983 3283 typographus,
1012 3198 1117 3263 editor
1141 3204 1174 3264 et
1195 3203 1310 3264 auctor

132 3323 160 3386 si
183 3324 325 3388 auctoris
349 3344 428 3389 cura
451 3324 557 3389 editur
579 3323 663 3388 liber
690 3322 746 3409 (1),
770 3324 804 3410 2)
828 3327 881 3408 qui
906 3327 1072 3410 operarios
1096 3324 1246 3390 conducit
1269 3324 1310 3390 ad

131 3444 291 3510 edendum
314 3447 524 3520 necessarios,
549 3448 582 3532 3)
607 3448 659 3531 qui
680 3448 883 3530 pronimnm
899 3445 944 3532 (2)
969 3449 1028 3512 etsi
1051 3466 1117 3512 non
1137 3447 1311 3514 formalem

222 3707 262 3777 (l)
280 3708 371 3770 Quare
390 3709 413 3762 si
432 3714 528 3764 auctor
554 3708 745 3764 tantummodo
764 3709 867 3764 librum
886 3711 1022 3775 exaravit,
1040 3710 1088 3764 sed
1106 3709 1258 3765 nullimode
1278 3725 1312 3765 se

131 3813 259 3882 implicat
278 3815 392 3884 negotio
410 3816 539 3870 editionis
558 3816 657 3885 effugit
675 3832 778 3885 poenam
797 3816 870 3870 latas
889 3815 917 3868 in
937 3815 1065 3871 editores.
1080 3815 1164 3871 Ratio
1182 3821 1225 3871 est
1243 3816 1308 3885 quia

131 3921 207 3976 actio
225 3923 373 3976 criminosa
392 3923 463 3977 unde
481 3922 611 3976 damnum
631 3923 789 3983 immediate
804 3928 950 3992 promanat
969 3925 996 3976 in
1011 3924 1184 3988 societatem,
1198 3926 1309 3976 nonest

130 4028 192 4097 ipsa
210 4027 275 4082 libri
294 4030 467 4098 compositio,
480 4031 527 4085 sed
547 4033 656 4085 libriin
668 4032 787 4100 vulpam
800 4033 892 4086 editio.
906 4029 996 4092 Quare
1016 4029 1070 4085 huc
1089 4033 1198 4100 spectat
1216 4028 1307 4100 prohi-

130 4133 202 4187 bitio
222 4133 352 4203 poenalis
375 4133 414 4189 Gi.
432 4133 590 4189 Pennacchi
611 4136 630 4189 t.
650 4153 672 4189 e.
690 4153 718 4206 p.
738 4137 791 4189 44.

220 4241 259 4310 (2)
279 4239 353 4294 Idem
372 4240 538 4295 d'Annibale
559 4243 576 4294 l.
597 4260 620 4295 c.
639 4245 669 4294 in
686 4251 741 4296 not.
755 4241 794 4294 17
813 4242 854 4295 ita
872 4241 1003 4310 explicat,
1017 4243 1130 4313 quinam
1147 4259 1227 4314 opem
1241 4261 1309 4314 pro·

131 4349 237 4401 niniam
263 4353 406 4418 praestent
430 4363 447 4400 c
468 4348 508 4403 Ut
532 4365 605 4416 ecce,
628 4351 675 4419 qni
701 4353 784 4421 typos
809 4355 986 4419 componunt,
1005 4351 1053 4420 qui
1078 4355 1235 4406 atramento
1261 4367 1309 4406 eos

128 4452 284 4521 intingunt,
302 4453 349 4523 qui
369 4453 481 4508 chartas
499 4454 694 4520 madefaciunt,
716 4456 762 4525 qni
789 4453 913 4524 proelum
937 4461 1049 4510 versant
1073 4459 1140 4523 stc.;
1159 4473 1215 4511 non
1239 4457 1310 4512 item
