<?xml version="1.0" encoding="UTF-8"?>
<!DOCTYPE html PUBLIC "-//W3C//DTD XHTML 1.0 Transitional//EN"
    "http://www.w3.org/TR/xhtml1/DTD/xhtml1-transitional.dtd">
<html xmlns="http://www.w3.org/1999/xhtml" xml:lang="en" lang="en">
 <head>
  <title>
</title>
<meta http-equiv="Content-Type" content="text/html;charset=utf-8" />
  <meta name='ocr-system' content='tesseract 3.04.00' />
  <meta name='ocr-capabilities' content='ocr_page ocr_carea ocr_par ocr_line ocrx_word'/>
</head>
<body>
  <div class='ocr_page' id='page_1' title='image "./praelectionesin02legagoog_0342.png"; bbox 0 0 3306 5102; ppageno 0'>
   <div class='ocr_carea' id='block_1_1' title="bbox 541 309 1341 377">
    <p class='ocr_par' dir='ltr' id='par_1_1' title="bbox 541 309 1341 377">
     <span class='ocr_line' id='line_1_1' title="bbox 541 309 1341 377; baseline -0.004 -3"><span class='ocrx_word' id='word_1_1' title='bbox 541 328 585 374; x_wconf 84' lang='lat' dir='ltr'>on</span> <span class='ocrx_word' id='word_1_2' title='bbox 610 329 764 376; x_wconf 74' lang='lat' dir='ltr'>notioris</span> <span class='ocrx_word' id='word_1_3' title='bbox 787 329 830 376; x_wconf 83' lang='lat' dir='ltr'>nr</span> <span class='ocrx_word' id='word_1_4' title='bbox 848 329 966 376; x_wconf 78' lang='lat' dir='ltr'>roonis</span> <span class='ocrx_word' id='word_1_5' title='bbox 1276 309 1341 377; x_wconf 77' lang='lat'>337</span> 
     </span>
    </p>
   </div>
   <div class='ocr_carea' id='block_1_2' title="bbox 157 451 1345 4268">
    <p class='ocr_par' dir='ltr' id='par_1_2' title="bbox 159 451 1345 2525">
     <span class='ocr_line' id='line_1_2' title="bbox 163 451 1344 540; baseline 0.005 -25"><span class='ocrx_word' id='word_1_6' title='bbox 163 469 245 516; x_wconf 86' lang='lat' dir='ltr'>vera</span> <span class='ocrx_word' id='word_1_7' title='bbox 269 471 331 516; x_wconf 91' lang='lat' dir='ltr'>non</span> <span class='ocrx_word' id='word_1_8' title='bbox 357 458 405 517; x_wconf 88' lang='lat' dir='ltr'>est</span> <span class='ocrx_word' id='word_1_9' title='bbox 428 453 658 519; x_wconf 86' lang='lat' dir='ltr'>nonnullorum</span> <span class='ocrx_word' id='word_1_10' title='bbox 678 456 825 526; x_wconf 82' lang='lat' dir='ltr'><strong>assertio,</strong></span> <span class='ocrx_word' id='word_1_11' title='bbox 844 454 874 520; x_wconf 91' lang='lat' dir='ltr'>S.</span> <span class='ocrx_word' id='word_1_12' title='bbox 892 451 1007 518; x_wconf 89' lang='lat' dir='ltr'>Sedem</span> <span class='ocrx_word' id='word_1_13' title='bbox 1030 453 1156 518; x_wconf 87' lang='lat' dir='ltr'>solitam</span> <span class='ocrx_word' id='word_1_14' title='bbox 1180 474 1344 540; x_wconf 89' lang='lat' dir='ltr'>nunquam</span> 
     </span>
     <span class='ocr_line' id='line_1_3' title="bbox 163 576 1342 668; baseline 0.004 -28"><span class='ocrx_word' id='word_1_15' title='bbox 163 576 263 642; x_wconf 84' lang='lat' dir='ltr'>fuisse</span> <span class='ocrx_word' id='word_1_16' title='bbox 287 577 555 662; x_wconf 84' lang='lat' dir='ltr'>dispensationem</span> <span class='ocrx_word' id='word_1_17' title='bbox 580 577 749 661; x_wconf 87' lang='lat' dir='ltr'>indulgere</span> <span class='ocrx_word' id='word_1_18' title='bbox 773 576 838 642; x_wconf 92' lang='lat' dir='ltr'>filio</span> <span class='ocrx_word' id='word_1_19' title='bbox 862 577 1066 651; x_wconf 81' lang='lat' dir='ltr'>adulterino,</span> <span class='ocrx_word' id='word_1_20' title='bbox 1089 579 1143 644; x_wconf 87' lang='lat' dir='ltr'>vel</span> <span class='ocrx_word' id='word_1_21' title='bbox 1165 581 1342 668; x_wconf 74' lang='lat' dir='ltr'>sacrilego.</span> 
     </span>
     <span class='ocr_line' id='line_1_4' title="bbox 163 699 1345 786; baseline 0.002 -20"><span class='ocrx_word' id='word_1_22' title='bbox 163 699 248 766; x_wconf 86' lang='lat' dir='ltr'>Sane</span> <span class='ocrx_word' id='word_1_23' title='bbox 272 700 304 766; x_wconf 88' lang='lat' dir='ltr'>S.</span> <span class='ocrx_word' id='word_1_24' title='bbox 329 701 447 786; x_wconf 85' lang='lat' dir='ltr'>Congr.</span> <span class='ocrx_word' id='word_1_25' title='bbox 473 701 569 766; x_wconf 82' lang='lat' dir='ltr'>Cone.</span> <span class='ocrx_word' id='word_1_26' title='bbox 599 703 632 764; x_wconf 93' lang='lat' dir='ltr'>in</span> <span class='ocrx_word' id='word_1_27' title='bbox 661 701 961 786; x_wconf 84' lang='lat' dir='ltr'>Gratianopolitaua</span> <span class='ocrx_word' id='word_1_28' title='bbox 992 701 1060 768; x_wconf 84' lang='lat' dir='ltr'>diei</span> <span class='ocrx_word' id='word_1_29' title='bbox 1084 703 1128 768; x_wconf 87' lang='lat'>19</span> <span class='ocrx_word' id='word_1_30' title='bbox 1154 703 1229 768; x_wconf 85' lang='lat' dir='ltr'>Ian.</span> <span class='ocrx_word' id='word_1_31' title='bbox 1255 703 1345 768; x_wconf 84' lang='grc'><strong><em>1884</em></strong></span> 
     </span>
     <span class='ocr_line' id='line_1_5' title="bbox 164 823 1344 912; baseline 0.003 -23"><span class='ocrx_word' id='word_1_32' title='bbox 164 823 435 909; x_wconf 81' lang='lat' dir='ltr'>dispensationem</span> <span class='ocrx_word' id='word_1_33' title='bbox 460 828 620 892; x_wconf 87' lang='lat' dir='ltr'>concessit</span> <span class='ocrx_word' id='word_1_34' title='bbox 643 827 810 912; x_wconf 89' lang='lat' dir='ltr'>illegitimo</span> <span class='ocrx_word' id='word_1_35' title='bbox 834 825 1037 898; x_wconf 84' lang='lat' dir='ltr'>adulterino,</span> <span class='ocrx_word' id='word_1_36' title='bbox 1062 832 1094 892; x_wconf 89' lang='lat' dir='ltr'>et</span> <span class='ocrx_word' id='word_1_37' title='bbox 1117 827 1149 890; x_wconf 88' lang='lat' dir='ltr'>in</span> <span class='ocrx_word' id='word_1_38' title='bbox 1173 847 1245 892; x_wconf 83' lang='lat' dir='ltr'>una</span> <span class='ocrx_word' id='word_1_39' title='bbox 1276 827 1344 892; x_wconf 86' lang='lat' dir='ltr'>diei</span> 
     </span>
     <span class='ocr_line' id='line_1_6' title="bbox 163 946 1340 1035; baseline 0 -21"><span class='ocrx_word' id='word_1_40' title='bbox 163 949 187 1014; x_wconf 88' lang='lat'><em>9</em></span> <span class='ocrx_word' id='word_1_41' title='bbox 209 946 299 1032; x_wconf 79' lang='lat' dir='ltr'>Sept.</span> <span class='ocrx_word' id='word_1_42' title='bbox 323 949 416 1014; x_wconf 77' lang='lat'><em>1882</em></span> <span class='ocrx_word' id='word_1_43' title='bbox 438 949 605 1035; x_wconf 88' lang='lat' dir='ltr'>illegitimo</span> <span class='ocrx_word' id='word_1_44' title='bbox 636 949 802 1035; x_wconf 70' lang='lat' dir='ltr'>sacrilego</span> <span class='ocrx_word' id='word_1_45' title='bbox 826 949 871 1013; x_wconf 86' lang='lat' dir='ltr'>ita</span> <span class='ocrx_word' id='word_1_46' title='bbox 894 947 1161 1032; x_wconf 84' lang='lat' dir='ltr'>dispensationem</span> <span class='ocrx_word' id='word_1_47' title='bbox 1192 947 1340 1014; x_wconf 83' lang='lat' dir='ltr'>indulsit:</span> 
     </span>
     <span class='ocr_line' id='line_1_7' title="bbox 164 1075 1343 1161; baseline 0.006 -25"><span class='ocrx_word' id='word_1_48' title='bbox 164 1075 270 1141; x_wconf 78' lang='lat' dir='ltr'>&lt;Pro</span> <span class='ocrx_word' id='word_1_49' title='bbox 294 1076 409 1161; x_wconf 76' lang='lat' dir='ltr'>pratia</span> <span class='ocrx_word' id='word_1_50' title='bbox 432 1075 695 1158; x_wconf 82' lang='lat' dir='ltr'>dispensationis</span> <span class='ocrx_word' id='word_1_51' title='bbox 718 1085 748 1141; x_wconf 88' lang='lat' dir='ltr'>et</span> <span class='ocrx_word' id='word_1_52' title='bbox 773 1075 1014 1150; x_wconf 77' lang='lat' dir='ltr'>debilitationis</span> <span class='ocrx_word' id='word_1_53' title='bbox 1037 1075 1083 1140; x_wconf 84' lang='lat' dir='ltr'>nd</span> <span class='ocrx_word' id='word_1_54' title='bbox 1110 1075 1343 1158; x_wconf 80' lang='lat' dir='ltr'>suscipiendos</span> 
     </span>
     <span class='ocr_line' id='line_1_8' title="bbox 162 1199 1343 1285; baseline 0.003 -21"><span class='ocrx_word' id='word_1_55' title='bbox 162 1217 278 1265; x_wconf 80' lang='lat' dir='ltr'>sacros</span> <span class='ocrx_word' id='word_1_56' title='bbox 302 1199 440 1266; x_wconf 77' lang='lat' dir='ltr'>ordines</span> <span class='ocrx_word' id='word_1_57' title='bbox 462 1219 569 1284; x_wconf 84' lang='lat' dir='ltr'>usqne</span> <span class='ocrx_word' id='word_1_58' title='bbox 592 1201 639 1265; x_wconf 85' lang='lat' dir='ltr'>nd</span> <span class='ocrx_word' id='word_1_59' title='bbox 657 1199 932 1285; x_wconf 76' lang='lat' dir='ltr'>presbyteratum</span> <span class='ocrx_word' id='word_1_60' title='bbox 951 1199 1114 1266; x_wconf 78' lang='lat' dir='ltr'>inclusive</span> <span class='ocrx_word' id='word_1_61' title='bbox 1120 1219 1136 1282; x_wconf 90' lang='lat'><em>;</em></span> <span class='ocrx_word' id='word_1_62' title='bbox 1158 1201 1206 1266; x_wconf 87' lang='lat' dir='ltr'>ito</span> <span class='ocrx_word' id='word_1_63' title='bbox 1230 1206 1343 1267; x_wconf 84' lang='lat' dir='ltr'>tomen</span> 
     </span>
     <span class='ocr_line' id='line_1_9' title="bbox 160 1322 1343 1409; baseline 0.004 -22"><span class='ocrx_word' id='word_1_64' title='bbox 160 1329 199 1388; x_wconf 84' lang='lat' dir='ltr'>ut</span> <span class='ocrx_word' id='word_1_65' title='bbox 221 1322 251 1389; x_wconf 84' lang='lat' dir='ltr'>si</span> <span class='ocrx_word' id='word_1_66' title='bbox 274 1325 449 1390; x_wconf 85' lang='lat' dir='ltr'>commode</span> <span class='ocrx_word' id='word_1_67' title='bbox 471 1325 546 1409; x_wconf 79' lang='lat' dir='ltr'>fieri</span> <span class='ocrx_word' id='word_1_68' title='bbox 567 1327 674 1408; x_wconf 83' lang='lat' dir='ltr'>possit</span> <span class='ocrx_word' id='word_1_69' title='bbox 690 1331 808 1392; x_wconf 82' lang='lat' dir='ltr'>orator</span> <span class='ocrx_word' id='word_1_70' title='bbox 827 1331 905 1408; x_wconf 83' lang='lat' dir='ltr'>post</span> <span class='ocrx_word' id='word_1_71' title='bbox 925 1324 1176 1391; x_wconf 79' lang='lat' dir='ltr'>ordinationem</span> <span class='ocrx_word' id='word_1_72' title='bbox 1200 1325 1343 1408; x_wconf 76' lang='lat' dir='ltr'>transfe-</span> 
     </span>
     <span class='ocr_line' id='line_1_10' title="bbox 160 1448 1345 1534; baseline 0.002 -22"><span class='ocrx_word' id='word_1_73' title='bbox 160 1454 263 1514; x_wconf 80' lang='lat' dir='ltr'>ratur</span> <span class='ocrx_word' id='word_1_74' title='bbox 285 1449 322 1513; x_wconf 89' lang='lat' dir='ltr'>in</span> <span class='ocrx_word' id='word_1_75' title='bbox 344 1449 499 1533; x_wconf 81' lang='lat' dir='ltr'>aliquam</span> <span class='ocrx_word' id='word_1_76' title='bbox 529 1450 691 1516; x_wconf 79' lang='lat' dir='ltr'>dioecesis</span> <span class='ocrx_word' id='word_1_77' title='bbox 709 1455 847 1532; x_wconf 76' lang='lat' dir='ltr'>partein</span> <span class='ocrx_word' id='word_1_78' title='bbox 871 1451 908 1514; x_wconf 85' lang='lat' dir='ltr'>in</span> <span class='ocrx_word' id='word_1_79' title='bbox 931 1469 999 1534; x_wconf 84' lang='lat' dir='ltr'>qna</span> <span class='ocrx_word' id='word_1_80' title='bbox 1031 1448 1180 1533; x_wconf 76' lang='lat' dir='ltr'>defectos</span> <span class='ocrx_word' id='word_1_81' title='bbox 1206 1449 1345 1532; x_wconf 78' lang='lat' dir='ltr'>penites</span> 
     </span>
     <span class='ocr_line' id='line_1_11' title="bbox 160 1571 1345 1658; baseline 0.003 -24"><span class='ocrx_word' id='word_1_82' title='bbox 160 1571 386 1657; x_wconf 67' lang='lat' dir='ltr'>ignoretur».</span> <span class='ocrx_word' id='word_1_83' title='bbox 412 1572 521 1646; x_wconf 82' lang='lat' dir='ltr'>Quare</span> <span class='ocrx_word' id='word_1_84' title='bbox 537 1575 570 1637; x_wconf 93' lang='lat' dir='ltr'>in</span> <span class='ocrx_word' id='word_1_85' title='bbox 587 1573 721 1658; x_wconf 91' lang='lat' dir='ltr'>supplici</span> <span class='ocrx_word' id='word_1_86' title='bbox 746 1571 855 1638; x_wconf 89' lang='lat' dir='ltr'>libello</span> <span class='ocrx_word' id='word_1_87' title='bbox 871 1572 970 1637; x_wconf 89' lang='lat' dir='ltr'>setius</span> <span class='ocrx_word' id='word_1_88' title='bbox 994 1577 1043 1637; x_wconf 89' lang='lat' dir='ltr'>est</span> <span class='ocrx_word' id='word_1_89' title='bbox 1065 1573 1251 1657; x_wconf 85' lang='lat' dir='ltr'>exprimere</span> <span class='ocrx_word' id='word_1_90' title='bbox 1275 1593 1345 1657; x_wconf 87' lang='lat' dir='ltr'>spe-</span> 
     </span>
     <span class='ocr_line' id='line_1_12' title="bbox 162 1696 1342 1783; baseline 0.002 -23"><span class='ocrx_word' id='word_1_91' title='bbox 162 1699 244 1762; x_wconf 90' lang='lat' dir='ltr'>ciem</span> <span class='ocrx_word' id='word_1_92' title='bbox 269 1697 504 1782; x_wconf 84' lang='lat' dir='ltr'>illegitimitatis</span> <span class='ocrx_word' id='word_1_93' title='bbox 533 1699 696 1772; x_wconf 86' lang='lat' dir='ltr'>natalium,</span> <span class='ocrx_word' id='word_1_94' title='bbox 721 1717 763 1762; x_wconf 92' lang='lat' dir='ltr'>an</span> <span class='ocrx_word' id='word_1_95' title='bbox 788 1717 903 1783; x_wconf 89' lang='lat' dir='ltr'>nempe</span> <span class='ocrx_word' id='word_1_96' title='bbox 935 1703 1046 1762; x_wconf 89' lang='lat' dir='ltr'>orator</span> <span class='ocrx_word' id='word_1_97' title='bbox 1069 1701 1110 1762; x_wconf 91' lang='lat' dir='ltr'>sit</span> <span class='ocrx_word' id='word_1_98' title='bbox 1133 1696 1217 1763; x_wconf 87' lang='lat' dir='ltr'>lilius</span> <span class='ocrx_word' id='word_1_99' title='bbox 1249 1704 1342 1763; x_wconf 90' lang='lat' dir='ltr'>natu-</span> 
     </span>
     <span class='ocr_line' id='line_1_13' title="bbox 160 1823 1343 1890; baseline 0.002 -4"><span class='ocrx_word' id='word_1_100' title='bbox 160 1823 241 1886; x_wconf 84' lang='lat' dir='ltr'>ralis</span> <span class='ocrx_word' id='word_1_101' title='bbox 263 1829 319 1888; x_wconf 88' lang='lat' dir='ltr'>aut</span> <span class='ocrx_word' id='word_1_102' title='bbox 341 1823 542 1888; x_wconf 85' lang='lat' dir='ltr'>adulterinus</span> <span class='ocrx_word' id='word_1_103' title='bbox 565 1827 621 1889; x_wconf 90' lang='lat' dir='ltr'>aut</span> <span class='ocrx_word' id='word_1_104' title='bbox 644 1825 853 1888; x_wconf 89' lang='lat' dir='ltr'>incestuosus.</span> <span class='ocrx_word' id='word_1_105' title='bbox 872 1823 996 1887; x_wconf 90' lang='lat' dir='ltr'>Verum</span> <span class='ocrx_word' id='word_1_106' title='bbox 1021 1825 1047 1886; x_wconf 91' lang='lat' dir='ltr'>si</span> <span class='ocrx_word' id='word_1_107' title='bbox 1070 1823 1154 1888; x_wconf 86' lang='lat' dir='ltr'>haec</span> <span class='ocrx_word' id='word_1_108' title='bbox 1177 1825 1343 1890; x_wconf 84' lang='lat' dir='ltr'>omittatur</span> 
     </span>
     <span class='ocr_line' id='line_1_14' title="bbox 161 1943 1342 2030; baseline 0.001 -23"><span class='ocrx_word' id='word_1_109' title='bbox 161 1945 339 2029; x_wconf 82' lang='lat' dir='ltr'>expressio,</span> <span class='ocrx_word' id='word_1_110' title='bbox 365 1944 558 2028; x_wconf 84' lang='lat' dir='ltr'>dispensatio</span> <span class='ocrx_word' id='word_1_111' title='bbox 588 1943 661 2010; x_wconf 91' lang='lat' dir='ltr'>inde</span> <span class='ocrx_word' id='word_1_112' title='bbox 691 1964 846 2010; x_wconf 88' lang='lat' dir='ltr'>concessa</span> <span class='ocrx_word' id='word_1_113' title='bbox 869 1945 974 2019; x_wconf 82' lang='lat' dir='ltr'>valet3</span> <span class='ocrx_word' id='word_1_114' title='bbox 998 1943 1102 2030; x_wconf 86' lang='lat' dir='ltr'>stylus</span> <span class='ocrx_word' id='word_1_115' title='bbox 1126 1946 1209 2008; x_wconf 90' lang='lat' dir='ltr'>enim</span> <span class='ocrx_word' id='word_1_116' title='bbox 1231 1946 1342 2008; x_wconf 90' lang='lat' dir='ltr'>curiae</span> 
     </span>
     <span class='ocr_line' id='line_1_15' title="bbox 160 2069 1340 2155; baseline 0.002 -23"><span class='ocrx_word' id='word_1_117' title='bbox 160 2075 219 2150; x_wconf 86' lang='lat' dir='ltr'>est,</span> <span class='ocrx_word' id='word_1_118' title='bbox 237 2070 409 2134; x_wconf 88' lang='lat' dir='ltr'>nonnullas</span> <span class='ocrx_word' id='word_1_119' title='bbox 432 2071 574 2136; x_wconf 88' lang='lat' dir='ltr'>adiicere</span> <span class='ocrx_word' id='word_1_120' title='bbox 590 2070 751 2135; x_wconf 86' lang='lat' dir='ltr'>clausulas</span> <span class='ocrx_word' id='word_1_121' title='bbox 767 2089 849 2154; x_wconf 88' lang='lat' dir='ltr'>quae</span> <span class='ocrx_word' id='word_1_122' title='bbox 872 2071 950 2134; x_wconf 90' lang='lat' dir='ltr'>satis</span> <span class='ocrx_word' id='word_1_123' title='bbox 974 2069 1191 2135; x_wconf 80' lang='lat' dir='ltr'>determinant</span> <span class='ocrx_word' id='word_1_124' title='bbox 1214 2069 1340 2155; x_wconf 88' lang='lat' dir='ltr'>dispen-</span> 
     </span>
     <span class='ocr_line' id='line_1_16' title="bbox 159 2192 1341 2280; baseline -0.001 -24"><span class='ocrx_word' id='word_1_125' title='bbox 159 2193 294 2257; x_wconf 86' lang='lat' dir='ltr'>sationis</span> <span class='ocrx_word' id='word_1_126' title='bbox 308 2194 374 2258; x_wconf 86' lang='lat' dir='ltr'>vim</span> <span class='ocrx_word' id='word_1_127' title='bbox 398 2213 457 2278; x_wconf 92' lang='lat' dir='ltr'>pro</span> <span class='ocrx_word' id='word_1_128' title='bbox 474 2192 600 2258; x_wconf 88' lang='lat' dir='ltr'>casibus</span> <span class='ocrx_word' id='word_1_129' title='bbox 623 2193 844 2280; x_wconf 87' lang='lat' dir='ltr'>gravioribus;</span> <span class='ocrx_word' id='word_1_130' title='bbox 869 2211 1014 2276; x_wconf 89' lang='lat' dir='ltr'>quaeque</span> <span class='ocrx_word' id='word_1_131' title='bbox 1030 2197 1211 2257; x_wconf 87' lang='lat' dir='ltr'>occurrunt</span> <span class='ocrx_word' id='word_1_132' title='bbox 1226 2192 1341 2256; x_wconf 88' lang='lat' dir='ltr'>validi·</span> 
     </span>
     <span class='ocr_line' id='line_1_17' title="bbox 161 2313 1342 2402; baseline -0.003 -18"><span class='ocrx_word' id='word_1_133' title='bbox 161 2319 219 2384; x_wconf 83' lang='lat' dir='ltr'>tati</span> <span class='ocrx_word' id='word_1_134' title='bbox 243 2325 334 2384; x_wconf 87' lang='lat' dir='ltr'>actus</span> <span class='ocrx_word' id='word_1_135' title='bbox 357 2317 484 2401; x_wconf 87' lang='lat' dir='ltr'>quaudo</span> <span class='ocrx_word' id='word_1_136' title='bbox 500 2317 588 2383; x_wconf 84' lang='lat' dir='ltr'>lacta</span> <span class='ocrx_word' id='word_1_137' title='bbox 604 2337 668 2382; x_wconf 91' lang='lat' dir='ltr'>nou</span> <span class='ocrx_word' id='word_1_138' title='bbox 692 2319 733 2382; x_wconf 89' lang='lat' dir='ltr'>sit</span> <span class='ocrx_word' id='word_1_139' title='bbox 755 2319 874 2383; x_wconf 90' lang='lat' dir='ltr'>mentio</span> <span class='ocrx_word' id='word_1_140' title='bbox 891 2317 1010 2402; x_wconf 91' lang='lat' dir='ltr'>speciei</span> <span class='ocrx_word' id='word_1_141' title='bbox 1028 2313 1157 2381; x_wconf 87' lang='lat' dir='ltr'>intimae</span> <span class='ocrx_word' id='word_1_142' title='bbox 1173 2317 1342 2402; x_wconf 88' lang='lat' dir='ltr'>illegitimi-</span> 
     </span>
     <span class='ocr_line' id='line_1_18' title="bbox 159 2437 1339 2525; baseline 0 -21"><span class='ocrx_word' id='word_1_143' title='bbox 159 2444 245 2508; x_wconf 85' lang='lat' dir='ltr'>tatis.</span> <span class='ocrx_word' id='word_1_144' title='bbox 264 2441 312 2506; x_wconf 72' lang='lat' dir='ltr'>Gt,</span> <span class='ocrx_word' id='word_1_145' title='bbox 330 2441 500 2508; x_wconf 82' lang='lat' dir='ltr'>Corradus.</span> <span class='ocrx_word' id='word_1_146' title='bbox 518 2441 648 2507; x_wconf 78' lang='lat' dir='ltr'>Promis</span> <span class='ocrx_word' id='word_1_147' title='bbox 664 2441 822 2524; x_wconf 74' lang='lat' dir='ltr'>dispens,</span> <span class='ocrx_word' id='word_1_148' title='bbox 840 2437 912 2524; x_wconf 83' lang='grc' dir='ltr'>(ΙΙΙ,</span> <span class='ocrx_word' id='word_1_149' title='bbox 928 2441 969 2525; x_wconf 79' lang='lat' dir='ltr'>l),</span> <span class='ocrx_word' id='word_1_150' title='bbox 988 2445 1020 2508; x_wconf 88' lang='lat' dir='ltr'>et</span> <span class='ocrx_word' id='word_1_151' title='bbox 1032 2441 1161 2512; x_wconf 76' lang='lat' dir='ltr'>Suaren</span> <span class='ocrx_word' id='word_1_152' title='bbox 1178 2441 1216 2504; x_wconf 89' lang='lat' dir='ltr'>L.</span> <span class='ocrx_word' id='word_1_153' title='bbox 1235 2441 1268 2514; x_wconf 90' lang='lat'>5,</span> <span class='ocrx_word' id='word_1_154' title='bbox 1286 2441 1339 2504; x_wconf 88' lang='lat'>10.</span> 
     </span>
    </p>

    <p class='ocr_par' dir='ltr' id='par_1_3' title="bbox 158 2563 1339 3150">
     <span class='ocr_line' id='line_1_19' title="bbox 249 2563 1339 2651; baseline -0.002 -21"><span class='ocrx_word' id='word_1_155' title='bbox 249 2567 325 2632; x_wconf 79' lang='lat'>245.</span> <span class='ocrx_word' id='word_1_156' title='bbox 351 2567 528 2651; x_wconf 84' lang='lat' dir='ltr'>Episcopus</span> <span class='ocrx_word' id='word_1_157' title='bbox 553 2587 595 2630; x_wconf 82' lang='lat' dir='ltr'>ex</span> <span class='ocrx_word' id='word_1_158' title='bbox 618 2586 688 2650; x_wconf 87' lang='lat' dir='ltr'>cap.</span> <span class='ocrx_word' id='word_1_159' title='bbox 706 2566 755 2632; x_wconf 84' lang='lat' dir='ltr'>De</span> <span class='ocrx_word' id='word_1_160' title='bbox 770 2565 848 2650; x_wconf 78' lang='lat' dir='ltr'>filiis</span> <span class='ocrx_word' id='word_1_161' title='bbox 867 2565 980 2648; x_wconf 77' lang='lat' dir='ltr'>presb.</span> <span class='ocrx_word' id='word_1_162' title='bbox 997 2565 1034 2630; x_wconf 91' lang='lat' dir='ltr'>in</span> <span class='ocrx_word' id='word_1_163' title='bbox 1051 2565 1074 2629; x_wconf 88' lang='lat'><strong><em>6</em></strong></span> <span class='ocrx_word' id='word_1_164' title='bbox 1089 2569 1194 2650; x_wconf 86' lang='lat' dir='ltr'>potest</span> <span class='ocrx_word' id='word_1_165' title='bbox 1216 2563 1339 2649; x_wconf 86' lang='lat' dir='ltr'>dispen-</span> 
     </span>
     <span class='ocr_line' id='line_1_20' title="bbox 158 2689 1339 2775; baseline -0.003 -21"><span class='ocrx_word' id='word_1_166' title='bbox 158 2709 234 2754; x_wconf 87' lang='lat' dir='ltr'>sare</span> <span class='ocrx_word' id='word_1_167' title='bbox 258 2691 304 2756; x_wconf 81' lang='lat' dir='ltr'>od</span> <span class='ocrx_word' id='word_1_168' title='bbox 327 2691 464 2756; x_wconf 82' lang='lat' dir='ltr'>ordines</span> <span class='ocrx_word' id='word_1_169' title='bbox 487 2690 637 2756; x_wconf 81' lang='lat' dir='ltr'>minores</span> <span class='ocrx_word' id='word_1_170' title='bbox 660 2695 692 2755; x_wconf 88' lang='lat' dir='ltr'>et</span> <span class='ocrx_word' id='word_1_171' title='bbox 714 2691 761 2754; x_wconf 86' lang='lat' dir='ltr'>od</span> <span class='ocrx_word' id='word_1_172' title='bbox 785 2689 982 2775; x_wconf 78' lang='lat' dir='ltr'>beneficium</span> <span class='ocrx_word' id='word_1_173' title='bbox 1006 2689 1061 2755; x_wconf 85' lang='lat' dir='ltr'>eni</span> <span class='ocrx_word' id='word_1_174' title='bbox 1084 2709 1169 2754; x_wconf 81' lang='lat' dir='ltr'>curo</span> <span class='ocrx_word' id='word_1_175' title='bbox 1184 2709 1255 2755; x_wconf 84' lang='lat' dir='ltr'>non</span> <span class='ocrx_word' id='word_1_176' title='bbox 1277 2689 1339 2752; x_wconf 80' lang='lat' dir='ltr'>inr-</span> 
     </span>
     <span class='ocr_line' id='line_1_21' title="bbox 158 2812 1338 2899; baseline -0.003 -20"><span class='ocrx_word' id='word_1_177' title='bbox 158 2814 264 2879; x_wconf 86' lang='lat' dir='ltr'>minet</span> <span class='ocrx_word' id='word_1_178' title='bbox 287 2815 496 2880; x_wconf 66' lang='lat' dir='ltr'>animarem.</span> <span class='ocrx_word' id='word_1_179' title='bbox 522 2815 699 2899; x_wconf 84' lang='lat' dir='ltr'>Gregorius</span> <span class='ocrx_word' id='word_1_180' title='bbox 724 2815 782 2888; x_wconf 88' lang='lat' dir='ltr'>IX,</span> <span class='ocrx_word' id='word_1_181' title='bbox 808 2816 840 2879; x_wconf 92' lang='lat' dir='ltr'>in</span> <span class='ocrx_word' id='word_1_182' title='bbox 865 2833 939 2896; x_wconf 85' lang='lat' dir='ltr'>cap.</span> <span class='ocrx_word' id='word_1_183' title='bbox 964 2814 1023 2878; x_wconf 88' lang='lat' dir='ltr'>nit.</span> <span class='ocrx_word' id='word_1_184' title='bbox 1048 2812 1098 2878; x_wconf 88' lang='lat' dir='ltr'>De</span> <span class='ocrx_word' id='word_1_185' title='bbox 1120 2813 1199 2896; x_wconf 80' lang='lat' dir='ltr'>filiis</span> <span class='ocrx_word' id='word_1_186' title='bbox 1225 2813 1338 2896; x_wconf 82' lang='lat' dir='ltr'>presb.</span> 
     </span>
     <span class='ocr_line' id='line_1_22' title="bbox 158 2935 1339 3024; baseline -0.002 -21"><span class='ocrx_word' id='word_1_187' title='bbox 158 2941 282 3023; x_wconf 84' lang='lat' dir='ltr'>excipit</span> <span class='ocrx_word' id='word_1_188' title='bbox 297 2959 317 3002; x_wconf 94' lang='lat' dir='ltr'>a</span> <span class='ocrx_word' id='word_1_189' title='bbox 332 2943 489 3024; x_wconf 87' lang='lat' dir='ltr'>potestate</span> <span class='ocrx_word' id='word_1_190' title='bbox 506 2940 653 3024; x_wconf 84' lang='lat' dir='ltr'>Episcopi</span> <span class='ocrx_word' id='word_1_191' title='bbox 672 2959 735 3004; x_wconf 90' lang='lat' dir='ltr'>nou</span> <span class='ocrx_word' id='word_1_192' title='bbox 752 2938 854 3004; x_wconf 89' lang='lat' dir='ltr'>solum</span> <span class='ocrx_word' id='word_1_193' title='bbox 872 2935 1027 3003; x_wconf 88' lang='lat' dir='ltr'>beneficia</span> <span class='ocrx_word' id='word_1_194' title='bbox 1042 2944 1156 3002; x_wconf 89' lang='lat' dir='ltr'>curata</span> <span class='ocrx_word' id='word_1_195' title='bbox 1172 2937 1227 3002; x_wconf 88' lang='lat' dir='ltr'>sed</span> <span class='ocrx_word' id='word_1_196' title='bbox 1244 2939 1339 3002; x_wconf 87' lang='lat' dir='ltr'>etiam</span> 
     </span>
     <span class='ocr_line' id='line_1_23' title="bbox 159 3063 652 3150; baseline 0.002 -21"><span class='ocrx_word' id='word_1_197' title='bbox 159 3064 342 3150; x_wconf 69' lang='lat' dir='ltr'>dignitates</span> <span class='ocrx_word' id='word_1_198' title='bbox 365 3069 398 3128; x_wconf 89' lang='lat' dir='ltr'>et</span> <span class='ocrx_word' id='word_1_199' title='bbox 416 3068 631 3146; x_wconf 75' lang='lat' dir='ltr'>personatus.</span> <span class='ocrx_word' id='word_1_200' title='bbox 650 3063 652 3068; x_wconf 80' lang='grc'><strong>’</strong></span> 
     </span>
    </p>

    <p class='ocr_par' dir='ltr' id='par_1_4' title="bbox 157 3183 1339 4268">
     <span class='ocr_line' id='line_1_24' title="bbox 250 3183 1339 3272; baseline -0.004 -20"><span class='ocrx_word' id='word_1_201' title='bbox 250 3187 425 3263; x_wconf 84' lang='lat' dir='ltr'>Quaeritur</span> <span class='ocrx_word' id='word_1_202' title='bbox 448 3209 489 3252; x_wconf 91' lang='lat' dir='ltr'>an</span> <span class='ocrx_word' id='word_1_203' title='bbox 505 3188 603 3272; x_wconf 85' lang='lat' dir='ltr'>possit</span> <span class='ocrx_word' id='word_1_204' title='bbox 625 3188 801 3272; x_wconf 83' lang='lat' dir='ltr'>Episcopus</span> <span class='ocrx_word' id='word_1_205' title='bbox 817 3186 1003 3271; x_wconf 88' lang='lat' dir='ltr'>dispensare</span> <span class='ocrx_word' id='word_1_206' title='bbox 1019 3205 1078 3270; x_wconf 93' lang='lat' dir='ltr'>pro</span> <span class='ocrx_word' id='word_1_207' title='bbox 1097 3183 1339 3249; x_wconf 83' lang='lat' dir='ltr'>canonicatibus</span> 
     </span>
     <span class='ocr_line' id='line_1_25' title="bbox 158 3308 1339 3395; baseline -0.007 -15"><span class='ocrx_word' id='word_1_208' title='bbox 158 3315 328 3380; x_wconf 88' lang='lat' dir='ltr'>Ecclesiae</span> <span class='ocrx_word' id='word_1_209' title='bbox 352 3313 558 3385; x_wconf 82' lang='lat' dir='ltr'>cathedralis,</span> <span class='ocrx_word' id='word_1_210' title='bbox 584 3310 710 3395; x_wconf 88' lang='lat' dir='ltr'>quando</span> <span class='ocrx_word' id='word_1_211' title='bbox 735 3331 796 3376; x_wconf 88' lang='lat' dir='ltr'>nec</span> <span class='ocrx_word' id='word_1_212' title='bbox 819 3308 976 3376; x_wconf 89' lang='lat' dir='ltr'>beneficia</span> <span class='ocrx_word' id='word_1_213' title='bbox 1008 3315 1121 3376; x_wconf 86' lang='lat' dir='ltr'>curata</span> <span class='ocrx_word' id='word_1_214' title='bbox 1151 3327 1212 3374; x_wconf 91' lang='lat' dir='ltr'>nec</span> <span class='ocrx_word' id='word_1_215' title='bbox 1240 3309 1339 3395; x_wconf 89' lang='lat' dir='ltr'>digni-</span> 
     </span>
     <span class='ocr_line' id='line_1_26' title="bbox 157 3432 1339 3520; baseline -0.007 -16"><span class='ocrx_word' id='word_1_216' title='bbox 157 3445 243 3504; x_wconf 89' lang='lat' dir='ltr'>tates</span> <span class='ocrx_word' id='word_1_217' title='bbox 266 3443 341 3504; x_wconf 88' lang='lat' dir='ltr'>sunt</span> <span class='ocrx_word' id='word_1_218' title='bbox 364 3457 425 3501; x_wconf 90' lang='lat' dir='ltr'>nec</span> <span class='ocrx_word' id='word_1_219' title='bbox 450 3442 639 3520; x_wconf 88' lang='lat' dir='ltr'>personatus</span> <span class='ocrx_word' id='word_1_220' title='bbox 662 3455 767 3519; x_wconf 92' lang='lat' dir='ltr'>neque</span> <span class='ocrx_word' id='word_1_221' title='bbox 783 3435 943 3500; x_wconf 81' lang='lat' dir='ltr'>adnexum</span> <span class='ocrx_word' id='word_1_222' title='bbox 959 3433 1100 3498; x_wconf 90' lang='lat' dir='ltr'>habeant</span> <span class='ocrx_word' id='word_1_223' title='bbox 1116 3432 1262 3497; x_wconf 90' lang='lat' dir='ltr'>ordinem</span> <span class='ocrx_word' id='word_1_224' title='bbox 1287 3451 1339 3496; x_wconf 87' lang='lat' dir='ltr'>sa·</span> 
     </span>
     <span class='ocr_line' id='line_1_27' title="bbox 160 3555 1338 3640; baseline -0.008 -11"><span class='ocrx_word' id='word_1_225' title='bbox 160 3583 262 3629; x_wconf 91' lang='lat' dir='ltr'>crum.</span> <span class='ocrx_word' id='word_1_226' title='bbox 289 3564 367 3628; x_wconf 89' lang='lat' dir='ltr'>Nam</span> <span class='ocrx_word' id='word_1_227' title='bbox 393 3561 481 3626; x_wconf 85' lang='lat' dir='ltr'>Trid.</span> <span class='ocrx_word' id='word_1_228' title='bbox 504 3561 681 3627; x_wconf 87' lang='lat' dir='ltr'>Concilium</span> <span class='ocrx_word' id='word_1_229' title='bbox 712 3561 746 3624; x_wconf 90' lang='lat' dir='ltr'>in</span> <span class='ocrx_word' id='word_1_230' title='bbox 775 3579 855 3625; x_wconf 83' lang='lat' dir='ltr'>sess.</span> <span class='ocrx_word' id='word_1_231' title='bbox 878 3557 937 3629; x_wconf 78' lang='grc'>24,</span> <span class='ocrx_word' id='word_1_232' title='bbox 962 3577 1037 3640; x_wconf 82' lang='lat' dir='ltr'>cop.</span> <span class='ocrx_word' id='word_1_233' title='bbox 1063 3559 1095 3630; x_wconf 82' lang='lat'>7,</span> <span class='ocrx_word' id='word_1_234' title='bbox 1119 3557 1170 3622; x_wconf 89' lang='lat' dir='ltr'>De</span> <span class='ocrx_word' id='word_1_235' title='bbox 1192 3557 1257 3639; x_wconf 79' lang='lat' dir='ltr'>ref.</span> <span class='ocrx_word' id='word_1_236' title='bbox 1282 3555 1338 3620; x_wconf 91' lang='lat' dir='ltr'>de-</span> 
     </span>
     <span class='ocr_line' id='line_1_28' title="bbox 158 3682 1339 3768; baseline -0.007 -14"><span class='ocrx_word' id='word_1_237' title='bbox 158 3691 264 3754; x_wconf 80' lang='lat' dir='ltr'>crevit</span> <span class='ocrx_word' id='word_1_238' title='bbox 287 3691 323 3755; x_wconf 89' lang='lat' dir='ltr'>ut</span> <span class='ocrx_word' id='word_1_239' title='bbox 345 3687 547 3752; x_wconf 85' lang='lat' dir='ltr'>canonicatui</span> <span class='ocrx_word' id='word_1_240' title='bbox 572 3685 738 3751; x_wconf 89' lang='lat' dir='ltr'>Ecclesiae</span> <span class='ocrx_word' id='word_1_241' title='bbox 762 3683 958 3750; x_wconf 85' lang='lat' dir='ltr'>cathedralis</span> <span class='ocrx_word' id='word_1_242' title='bbox 988 3684 1103 3768; x_wconf 88' lang='lat' dir='ltr'>aliquis</span> <span class='ocrx_word' id='word_1_243' title='bbox 1134 3682 1213 3747; x_wconf 92' lang='lat' dir='ltr'>ordo</span> <span class='ocrx_word' id='word_1_244' title='bbox 1245 3701 1339 3747; x_wconf 89' lang='lat' dir='ltr'>sacer</span> 
     </span>
     <span class='ocr_line' id='line_1_29' title="bbox 158 3802 1337 3890; baseline -0.005 -16"><span class='ocrx_word' id='word_1_245' title='bbox 158 3810 398 3875; x_wconf 86' lang='lat' dir='ltr'>adnecteretur.</span> <span class='ocrx_word' id='word_1_246' title='bbox 424 3807 506 3882; x_wconf 86' lang='lat' dir='ltr'>Quid</span> <span class='ocrx_word' id='word_1_247' title='bbox 530 3809 609 3873; x_wconf 91' lang='lat' dir='ltr'>iuris</span> <span class='ocrx_word' id='word_1_248' title='bbox 632 3807 659 3872; x_wconf 86' lang='lat' dir='ltr'>si</span> <span class='ocrx_word' id='word_1_249' title='bbox 683 3808 715 3871; x_wconf 93' lang='lat' dir='ltr'>in</span> <span class='ocrx_word' id='word_1_250' title='bbox 739 3807 846 3890; x_wconf 86' lang='lat' dir='ltr'>aliqua</span> <span class='ocrx_word' id='word_1_251' title='bbox 874 3804 1053 3870; x_wconf 88' lang='lat' dir='ltr'>cathedrali</span> <span class='ocrx_word' id='word_1_252' title='bbox 1078 3805 1141 3868; x_wconf 92' lang='lat' dir='ltr'>hoc</span> <span class='ocrx_word' id='word_1_253' title='bbox 1172 3802 1337 3868; x_wconf 89' lang='lat' dir='ltr'>decretum</span> 
     </span>
     <span class='ocr_line' id='line_1_30' title="bbox 159 3927 1337 4012; baseline -0.008 -12"><span class='ocrx_word' id='word_1_254' title='bbox 159 3935 346 4000; x_wconf 83' lang='lat' dir='ltr'>executioni</span> <span class='ocrx_word' id='word_1_255' title='bbox 371 3932 594 3997; x_wconf 90' lang='lat' dir='ltr'>demandatum</span> <span class='ocrx_word' id='word_1_256' title='bbox 611 3951 676 3997; x_wconf 90' lang='lat' dir='ltr'>non</span> <span class='ocrx_word' id='word_1_257' title='bbox 692 3929 754 3996; x_wconf 81' lang='lat' dir='ltr'>siti</span> <span class='ocrx_word' id='word_1_258' title='bbox 779 3930 930 3995; x_wconf 85' lang='lat' dir='ltr'>Nonnulli</span> <span class='ocrx_word' id='word_1_259' title='bbox 954 3932 1130 4008; x_wconf 89' lang='lat' dir='ltr'>autumant,</span> <span class='ocrx_word' id='word_1_260' title='bbox 1155 3946 1249 4012; x_wconf 90' lang='lat' dir='ltr'>posse</span> <span class='ocrx_word' id='word_1_261' title='bbox 1265 3927 1337 4012; x_wconf 89' lang='lat' dir='ltr'>Epi-</span> 
     </span>
     <span class='ocr_line' id='line_1_31' title="bbox 157 4050 1335 4143; baseline -0.009 -20"><span class='ocrx_word' id='word_1_262' title='bbox 157 4078 290 4143; x_wconf 88' lang='lat' dir='ltr'>scopum</span> <span class='ocrx_word' id='word_1_263' title='bbox 321 4063 398 4121; x_wconf 92' lang='lat' dir='ltr'>tuuc</span> <span class='ocrx_word' id='word_1_264' title='bbox 429 4056 616 4142; x_wconf 85' lang='lat' dir='ltr'>dispensare</span> <span class='ocrx_word' id='word_1_265' title='bbox 647 4056 692 4120; x_wconf 90' lang='lat' dir='ltr'>uti</span> <span class='ocrx_word' id='word_1_266' title='bbox 724 4053 828 4119; x_wconf 79' lang='lat' dir='ltr'>refert</span> <span class='ocrx_word' id='word_1_267' title='bbox 859 4058 891 4120; x_wconf 87' lang='lat' dir='ltr'>ei</span> <span class='ocrx_word' id='word_1_268' title='bbox 917 4054 1067 4137; x_wconf 88' lang='lat' dir='ltr'>opinatur</span> <span class='ocrx_word' id='word_1_269' title='bbox 1090 4050 1256 4135; x_wconf 85' lang='lat' dir='ltr'>Gasparri,</span> <span class='ocrx_word' id='word_1_270' title='bbox 1282 4067 1335 4132; x_wconf 84' lang='lat' dir='ltr'>op.</span> 
     </span>
     <span class='ocr_line' id='line_1_32' title="bbox 157 4175 1335 4268; baseline -0.009 -20"><span class='ocrx_word' id='word_1_271' title='bbox 157 4181 212 4248; x_wconf 81' lang='lat' dir='ltr'>eit.</span> <span class='ocrx_word' id='word_1_272' title='bbox 236 4179 319 4254; x_wconf 84' lang='grc'><strong><em>244,</em></strong></span> <span class='ocrx_word' id='word_1_273' title='bbox 343 4189 411 4246; x_wconf 88' lang='lat' dir='ltr'>not.</span> <span class='ocrx_word' id='word_1_274' title='bbox 436 4179 469 4260; x_wconf 87' lang='grc'>4,</span> <span class='ocrx_word' id='word_1_275' title='bbox 493 4179 620 4247; x_wconf 78' lang='lat' dir='ltr'>atsere</span> <span class='ocrx_word' id='word_1_276' title='bbox 644 4179 857 4268; x_wconf 82' lang='lat' dir='ltr'>communiter</span> <span class='ocrx_word' id='word_1_277' title='bbox 881 4182 1002 4262; x_wconf 89' lang='lat' dir='ltr'>negant</span> <span class='ocrx_word' id='word_1_278' title='bbox 1025 4177 1181 4240; x_wconf 88' lang='lat' dir='ltr'>Doctores</span> <span class='ocrx_word' id='word_1_279' title='bbox 1204 4175 1279 4258; x_wconf 90' lang='lat' dir='ltr'>quia</span> <span class='ocrx_word' id='word_1_280' title='bbox 1303 4176 1335 4237; x_wconf 90' lang='lat' dir='ltr'>in</span> 
     </span>
    </p>
   </div>
   <div class='ocr_carea' id='block_1_3' title="bbox 157 4298 1334 4392">
    <p class='ocr_par' dir='ltr' id='par_1_5' title="bbox 157 4298 1334 4392">
     <span class='ocr_line' id='line_1_33' title="bbox 157 4298 1334 4392; baseline -0.008 -21"><span class='ocrx_word' id='word_1_281' title='bbox 157 4325 282 4392; x_wconf 87' lang='lat' dir='ltr'>genere</span> <span class='ocrx_word' id='word_1_282' title='bbox 296 4307 426 4370; x_wconf 90' lang='lat' dir='ltr'>nomine</span> <span class='ocrx_word' id='word_1_283' title='bbox 442 4302 590 4370; x_wconf 89' lang='lat' dir='ltr'>beneficii</span> <span class='ocrx_word' id='word_1_284' title='bbox 614 4323 678 4367; x_wconf 89' lang='lat' dir='ltr'>non</span> <span class='ocrx_word' id='word_1_285' title='bbox 695 4303 799 4369; x_wconf 86' lang='lat' dir='ltr'>curati</span> <span class='ocrx_word' id='word_1_286' title='bbox 814 4322 872 4367; x_wconf 89' lang='lat' dir='ltr'>seu</span> <span class='ocrx_word' id='word_1_287' title='bbox 888 4301 1043 4387; x_wconf 90' lang='lat' dir='ltr'>simplicis</span> <span class='ocrx_word' id='word_1_288' title='bbox 1058 4321 1124 4364; x_wconf 92' lang='lat' dir='ltr'>non</span> <span class='ocrx_word' id='word_1_289' title='bbox 1140 4301 1274 4364; x_wconf 85' lang='lat' dir='ltr'>veniunt</span> <span class='ocrx_word' id='word_1_290' title='bbox 1290 4298 1334 4364; x_wconf 92' lang='lat' dir='ltr'>di-</span> 
     </span>
    </p>
   </div>
   <div class='ocr_carea' id='block_1_4' title="bbox 158 4422 1334 4621">
    <p class='ocr_par' dir='ltr' id='par_1_6' title="bbox 158 4422 1334 4621">
     <span class='ocr_line' id='line_1_34' title="bbox 158 4422 1334 4515; baseline -0.006 -22"><span class='ocrx_word' id='word_1_291' title='bbox 158 4430 309 4515; x_wconf 87' lang='lat' dir='ltr'>gnitates,</span> <span class='ocrx_word' id='word_1_292' title='bbox 323 4433 523 4512; x_wconf 87' lang='lat' dir='ltr'>personatus,</span> <span class='ocrx_word' id='word_1_293' title='bbox 537 4434 570 4494; x_wconf 92' lang='lat' dir='ltr'>et</span> <span class='ocrx_word' id='word_1_294' title='bbox 585 4429 794 4494; x_wconf 78' lang='lat' dir='ltr'>canonicatus</span> <span class='ocrx_word' id='word_1_295' title='bbox 806 4426 976 4492; x_wconf 89' lang='lat' dir='ltr'>Ecclesiae</span> <span class='ocrx_word' id='word_1_296' title='bbox 992 4424 1088 4500; x_wconf 65' lang='lat' dir='ltr'>cath„</span> <span class='ocrx_word' id='word_1_297' title='bbox 1101 4443 1171 4509; x_wconf 85' lang='lat' dir='ltr'>arg.</span> <span class='ocrx_word' id='word_1_298' title='bbox 1185 4441 1260 4506; x_wconf 84' lang='lat' dir='ltr'>cap.</span> <span class='ocrx_word' id='word_1_299' title='bbox 1273 4422 1334 4497; x_wconf 77' lang='lat'>22,</span> 
     </span>
     <span class='ocr_line' id='line_1_35' title="bbox 269 4546 1228 4621; baseline -0.007 -16"><span class='ocrx_word' id='word_1_300' title='bbox 269 4552 330 4605; x_wconf 85' lang='lat' dir='ltr'>Sne.</span> <span class='ocrx_word' id='word_1_301' title='bbox 350 4551 427 4621; x_wconf 76' lang='lat' dir='ltr'>Lege</span> <span class='ocrx_word' id='word_1_302' title='bbox 1192 4546 1228 4598; x_wconf 79' lang='lat'>22</span> 
     </span>
    </p>
   </div>
   <div class='ocr_carea' id='block_1_5' title="bbox 0 0 1658 5102">
    <p class='ocr_par' dir='ltr' id='par_1_7' title="bbox 0 0 1658 5102">
     <span class='ocr_line' id='line_1_36' title="bbox 0 0 1658 5102; baseline 0 2"><span class='ocrx_word' id='word_1_303' title='bbox 0 0 1658 5102; x_wconf 95' lang='lat' dir='ltr'> </span> 
     </span>
    </p>
   </div>
  </div>
 </body>
</html>
