3306 5102
314 339 381 404 308
833 359 916 405 rens
940 359 962 403 ι.

314 481 378 546 imo
402 480 602 566 dispensatus
629 480 670 545 ad
698 481 846 554 ordines,
870 483 894 546 si
921 483 1062 546 minores
1093 479 1233 546 nondum
1260 478 1358 545 habet
1382 480 1490 562 nequit

314 605 498 688 promoveri
529 603 570 676 ad
600 606 749 676 maiores,
774 604 855 671 bene
885 624 964 669 vero
995 605 1020 668 si
1052 604 1194 668 minores
1224 603 1337 678 habet;
1365 603 1491 687 dispen-

313 730 401 792 satus
424 726 464 791 ad
488 727 750 794 subdiaconatum
774 747 838 792 non
862 731 980 813 poterit
995 729 1132 793 ulterius
1148 725 1342 801 ascendere3
1367 725 1492 811 dispen-

313 853 401 912 satus
424 846 464 912 ad
487 866 589 914 usum
612 853 847 931 susceptorum
871 847 1033 914 ordinum
1057 848 1167 931 nequit
1198 866 1316 910 novum
1345 845 1491 910 ordinem

313 970 495 1055 suscipere;
519 968 720 1056 dispensatus
743 971 784 1038 ad
808 969 1005 1056 beneficium
1028 969 1249 1037 obtinendem
1272 971 1383 1055 nequit
1405 969 1493 1034 ordi-

314 1115 387 1162 nem
412 1098 559 1182 recipere
583 1099 674 1162 cuius
695 1102 786 1163 actus
810 1117 830 1161 a
854 1095 1009 1162 beneficio
1024 1117 1089 1163 non
1114 1099 1302 1182 requiritur,
1319 1098 1415 1162 sicuti
1434 1115 1493 1160 nec

314 1222 549 1307 praelaturam;
566 1223 766 1310 dispensatus
782 1223 830 1288 ad
845 1223 1001 1290 ordinem
1017 1224 1127 1307 nequit
1142 1220 1333 1288 beneficium
1345 1221 1493 1287 obtinere
1524 1305 1528 1314 ⁸

313 1350 420 1410 ectum
443 1347 529 1412 illius
552 1346 675 1412 ordinis
697 1366 762 1412 non
786 1347 965 1430 requirens,
983 1347 1175 1431 praesertim
1194 1344 1386 1410 beneficium
1410 1344 1493 1428 quod

314 1469 546 1554 praelationem
576 1469 628 1534 vel
661 1467 912 1536 iurisdictionem
944 1469 1042 1534 habet
1069 1469 1239 1535 adnexam.
1268 1471 1296 1535 ll
1326 1469 1492 1534 contrario

313 1595 517 1682 dispensatus
541 1595 588 1660 ad
611 1594 807 1680 berwficiom
822 1599 928 1680 potest
943 1595 1089 1660 ordinem
1108 1596 1254 1679 recipere
1277 1601 1310 1660 et
1334 1613 1494 1660 exercere

313 1723 405 1789 cuius
427 1727 534 1787 ectum
557 1718 746 1787 beneficium
764 1722 918 1804 requirit;
943 1719 1142 1805 dispensatus
1164 1719 1204 1786 ad
1228 1721 1385 1787 ordinem
1407 1721 1493 1787 reci-

309 1848 477 1933 piendum
501 1851 606 1932 potest
630 1846 774 1913 eumdem
792 1847 938 1914 ordinem
954 1867 1124 1929 exercere,
1141 1847 1287 1914 obtinere
1303 1845 1493 1912 beneficium

314 1969 397 2054 quod
422 1971 558 2054 requirit
587 1973 694 2034 actum
725 1969 812 2033 illius
841 1968 964 2034 ordinis
987 1974 1019 2034 et
1042 1970 1190 2054 recipere
1219 1971 1315 2036 etiam
1347 1969 1493 2035 ordinem

313 2081 502 2160 inferiorem
525 2096 633 2179 quiin
657 2094 711 2159 illo
735 2095 938 2169 continetur;
962 2095 1056 2158 sicuti
1088 2093 1289 2180 dispensatus
1319 2097 1367 2162 ed
1392 2115 1494 2162 usum

315 2221 446 2288 ordinis
469 2221 646 2306 superioris
669 2225 775 2305 potest
799 2225 832 2284 et
855 2221 1029 2287 interiores
1051 2219 1182 2286 ordines
1205 2241 1365 2286 exercere
1387 2243 1418 2284 ».
1444 2221 1492 2286 cf.

315 2344 446 2425 Suarea,
470 2344 561 2420 XLI,
586 2344 619 2412 3.
644 2343 669 2411 3
692 2347 745 2428 qui
768 2345 850 2411 haec
873 2344 971 2410 tradit
995 2351 1027 2410 et
1050 2344 1177 2430 probet.

405 2469 605 2553 Dispensatio
629 2487 785 2534 concessa
807 2489 867 2553 pro
891 2469 963 2534 foro
986 2470 1115 2534 interno
1141 2489 1204 2533 non
1227 2469 1315 2534 valet
1337 2489 1397 2554 pro
1422 2469 1493 2533 soro

315 2597 467 2666 exterum
491 2591 546 2658 sed
564 2592 740 2677 Episcopus
756 2596 860 2676 potest
876 2594 1024 2678 recipere
1040 2594 1277 2658 attestationem
1301 2593 1341 2658 de
1365 2592 1492 2678 dispen-

314 2722 384 2782 sata
406 2717 647 2802 irregularitate
671 2719 704 2781 in
730 2717 800 2782 toro
823 2718 956 2785 intereo
989 2737 1122 2802 eamque
1153 2717 1276 2784 habere
1300 2721 1344 2783 uti
1368 2719 1493 2803 dispen-

315 2846 417 2907 satam
439 2843 473 2906 in
495 2841 567 2906 foro
590 2848 743 2914 colerae,
768 2843 875 2927 prouti
899 2842 1131 2928 explicavimus
1154 2862 1187 2908 a.
1212 2842 1290 2907 107.

403 2965 480 3032 209.
496 2967 630 3032 Demum
646 2965 915 3051 dispensationem
929 2965 1012 3050 quod
1029 2972 1162 3052 spectat,
1175 2969 1293 3050 inquiri
1310 2965 1405 3034 debet
1420 2987 1494 3050 quo·

314 3089 407 3154 modo
424 3089 650 3174 intelligendus
667 3091 708 3156 sit
723 3095 832 3155 textus
850 3090 1000 3173 capitam
1017 3088 1041 3154 4
1056 3095 1087 3156 et
1102 3093 1161 3157 nli.
1181 3090 1265 3155 «De
1284 3097 1383 3173 temp.
1401 3091 1490 3158 ordi-

314 3214 493 3280 nationum
510 3233 527 3278 »
545 3214 579 3278 X
600 3211 638 3296 (l,
667 3213 719 3299 ll)
743 3219 776 3279 et
797 3213 849 3278 17.
879 3211 966 3279 «De
989 3212 1234 3282 cemoeterio.
1259 3220 1291 3280 el
1313 3215 1395 3280 meet.
1415 3235 1432 3278 ›
1451 3215 1491 3288 X,

314 3335 388 3420 (ΙΙΙ,
406 3335 439 3421 2)
464 3335 548 3402 unde
573 3337 682 3420 plures
699 3337 856 3401 Doctores
880 3333 1092 3401 efformarunt
1114 3337 1261 3422 regulam
1279 3359 1298 3398 ‹
1313 3339 1411 3402 nulla
1427 3337 1491 3403 cri-

314 3459 408 3526 mina
431 3463 571 3534 occulto,
589 3465 728 3544 correpto
752 3460 926 3528 leemioidii
949 3461 1101 3536 nemine,
1120 3461 1412 3547 irregularitatem
1430 3481 1493 3546 po·

313 3603 390 3650 rere
425 3589 526 3670 etque
560 3582 727 3667 impedire
761 3604 786 3650 3.
819 3584 951 3650 ordinis
985 3584 1277 3668 coreptionem»
1310 3586 1356 3650 uti
1388 3586 1494 3652 refert

314 3709 469 3793 Laymen‚
493 3708 548 3774 lib.
573 3709 600 3790 1,
625 3713 720 3774 tract.
747 3708 780 3780 V,
805 3727 880 3791 cap.
906 3709 950 3792 4,·
973 3708 1057 3793 quod
1088 3715 1196 3774 tamen
1228 3711 1421 3795 principium
1445 3721 1493 3778 est

313 3835 493 3899 averitate
516 3834 655 3899 alienum
679 3835 754 3918 quie
777 3855 797 3898 a
820 3832 937 3900 delicto
953 3836 1090 3907 occulto,
1115 3838 1148 3900 in
1172 3857 1304 3920 genere,
1320 3837 1492 3903 dummodo

313 3963 450 4025 externo
466 3965 499 4024 et
514 3966 742 4032 consummato,
761 3961 984 4044 irregularitas
1001 3963 1181 4036 enascitur;
1208 3965 1313 4046 prouti
1329 3965 1492 4028 evincitur

314 4103 356 4148 ex
368 4083 456 4148 Trid.
469 4102 547 4150 sess.
560 4083 618 4166 24,
632 4104 705 4167 cap.
720 4085 743 4150 6
758 4084 808 4150 De
823 4084 887 4167 ref.
902 4085 1027 4151 Verum
1044 4087 1143 4151 citata
1158 4087 1342 4171 fragmenta
1357 4107 1392 4152 se
1410 4080 1491 4152 rele-

313 4211 390 4271 runt
405 4206 445 4271 ad
461 4205 598 4272 crimina
613 4207 740 4274 occulta
756 4227 838 4291 quae
854 4228 919 4273 uon
936 4209 1059 4275 faciunt
1073 4211 1289 4294 irregularem
1309 4212 1364 4276 sed
1381 4216 1489 4276 muron

312 4331 408 4422 plane
430 4330 595 4416 indignum
623 4351 648 4396 s.
673 4331 898 4406 ordinationis3
923 4337 955 4396 et
986 4353 1045 4417 pro
1075 4333 1244 4418 disciplina
1274 4339 1351 4400 tunc
1375 4337 1489 4420 viginti

314 4455 487 4524 Pontifices
511 4463 664 4540 statuunt,
688 4457 869 4523 huiusmodi
892 4458 1019 4526 occulte
1046 4459 1194 4546 indignos
1217 4480 1273 4526 seu
1297 4463 1487 4528 criminosos
