3296 5108
551 339 593 389 na
617 341 771 388 nnurcrrs
796 341 837 387 ur
861 339 979 386 connis
1285 319 1347 384 441

174 462 308 528 Classici
332 462 367 529 hi
390 469 547 528 vocantur
578 465 631 547 qui
661 461 823 530 habentur
852 462 950 528 veluti
981 462 1140 545 cntempla
1173 463 1295 546 proprii
1319 466 1352 527 et

173 586 384 673 elegantioris
410 589 578 653 sermonis.

265 710 328 777 Sed
352 717 498 796 putamus
522 713 619 776 etiam
641 712 808 777 versiones
824 687 940 777 horum
955 717 1123 776 auctorum
1143 730 1276 776 manere
1292 709 1350 776 sub

175 837 430 921 praescriptione
454 836 555 902 huius
577 840 641 901 art.
660 837 777 922 quippe
796 837 922 902 classici
946 835 1051 902 solent
1071 837 1181 900 vocari
1201 837 1299 901 etiam
1323 837 1351 900 si

175 962 209 1023 in
224 960 320 1026 aliam
344 961 487 1047 linguam
510 961 658 1028 translati
676 961 808 1026 suerint.
830 961 877 1028 Gi.
897 960 1135 1026 Vermeerschs
1158 961 1178 1024 l.
1196 979 1223 1026 c.
1236 979 1273 1044 p.
1291 959 1348 1024 80.

259 1085 417 1159 Quaestio
434 1092 481 1151 est
504 1105 545 1150 an
570 1087 601 1149 iu
626 1085 818 1151 limitatione
835 1119 852 1132 ·
866 1084 986 1168 pneris
1008 1085 1060 1150 vel
1083 1081 1351 1150 adolescentibus

171 1209 241 1273 nisi
269 1210 385 1276 solerti
411 1227 505 1276 cura·
523 1209 709 1296 capurpali
733 1209 878 1276 habendi
912 1214 972 1274 aut
1001 1207 1227 1294 praelependi
1257 1207 1349 1291 (uon)

170 1336 274 1396 munt
297 1365 315 1378 -
340 1331 656 1416 comprehendantur
679 1333 775 1397 etiam
799 1331 931 1395 iuvenes
951 1333 1005 1414 qui
1028 1331 1061 1396 iu
1076 1334 1182 1394 aetate
1197 1327 1241 1394 20
1257 1337 1290 1394 et
1306 1328 1349 1393 24

169 1470 332 1518 annorum
360 1454 598 1520 Universitates
621 1453 800 1520 studiorum
823 1453 999 1519 celebrant.
1026 1454 1175 1518 lamrero
1196 1455 1269 1537 quia
1284 1453 1349 1518 lin·

172 1559 239 1662 gua
261 1578 360 1642 latina
375 1597 467 1661 puer
482 1579 578 1644 etiam
593 1559 649 1644 ille
663 1578 782 1644 dicitur
797 1579 851 1662 qui
867 1579 899 1642 in
916 1579 1048 1644 iuvenili
1063 1584 1171 1643 aetate
1187 1585 1348 1650 versatur,

170 1708 207 1767 et
229 1705 304 1788 quia
327 1723 385 1789 pro
406 1705 445 1768 iis
460 1703 698 1786 praesumptio
716 1703 867 1786 periculi
882 1703 987 1767 minor
1010 1722 1075 1766 nou
1099 1707 1157 1782 est,
1174 1706 1208 1766 at
1223 1703 1348 1787 potissi·

173 1845 260 1919 mum
276 1835 410 1913 propter
424 1827 611 1914 generalem
626 1827 798 1893 dictionem
816 1863 833 1876 -
846 1826 966 1910 pueris
981 1827 1033 1893 acl
1049 1825 1314 1892 adolescentibus
1330 1860 1345 1872 -

172 1953 419 2039 amplectentem
453 1973 507 2019 eos
530 1973 641 2020 omnes
672 1955 726 2038 qui
756 1953 891 2022 virilem,
916 1958 1054 2018 aetatem
1078 1959 1111 2018 et
1134 1950 1348 2018 conditionem

170 2075 279 2161 adepti
296 2095 360 2141 uon
376 2081 449 2141 sunt
465 2076 519 2158 (cl.
533 2077 679 2151 (leniant,
696 2076 717 2141 l.
735 2076 785 2163 1.),
802 2076 918 2160 opinor
931 2075 993 2140 hos
1009 2081 1099 2140 certe
1111 2076 1174 2140 hac
1185 2075 1247 2162 legi
1265 2094 1348 2140 com·

171 2201 345 2288 prehendi3
362 2223 422 2268 nec
445 2201 538 2267 video
554 2221 655 2288 grave
671 2200 811 2280 dubium,
831 2199 914 2284 quod
930 2199 1058 2264 videtur
1076 2202 1250 2266 aestimare
1267 2197 1348 2263 Ver·

171 2325 321 2390 meersoh
345 2327 365 2392 l.
383 2346 412 2392 c.
428 2325 571 2408 quamvis
595 2329 628 2390 et
650 2326 718 2408 ipse
737 2325 770 2387 in
787 2328 931 2389 nostram
954 2325 1147 2388 sententiam
1163 2320 1347 2388 descendat.

307 2611 329 2691 ἓ
352 2611 383 2676 5.
408 2610 458 2674 De
480 2607 684 2693 quibusdam.
705 2608 861 2692 specialis
884 2607 1079 2694 arpurnanti
1101 2606 1205 2672 libris.

476 2733 527 2773 Huc
542 2730 633 2776 referat.
648 2737 720 2786 caput
733 2732 762 2784 V,
776 2731 812 2773 tit.
827 2731 847 2784 1,
862 2733 894 2773 ita
908 2731 1050 2784 inscriptum.

168 2908 387 2966 summarium.
400 2938 435 2950 -
447 2908 508 2963 361.
529 2909 660 2965 Refertur
679 2913 730 2962 art.
746 2907 787 2964 11.
801 2935 834 2948 -
848 2907 909 2962 362.
923 2908 1128 2962 Commentatio
1141 2909 1169 2961 iu
1185 2914 1241 2961 tres
1253 2911 1347 2976 partes

260 3016 360 3086 quibus
384 3019 494 3069 constat
518 3013 662 3069 articulus.
682 3043 714 3054 -
733 3012 793 3068 363.
821 3013 990 3069 Referuntur
1014 3013 1127 3068 articuli
1154 3011 1186 3067 12
1205 3017 1234 3067 et
1255 3011 1346 3067 1³.-

259 3119 320 3174 364.
331 3119 544 3174 Commentatio.
553 3147 590 3160 -
599 3117 659 3172 365.
669 3118 800 3172 Refertur
810 3124 863 3172 art.
874 3118 913 3172 14.
922 3146 956 3159 -
964 3116 1025 3172 366.
1033 3119 1130 3172 Brevis
1139 3117 1346 3171 commentatio.

260 3315 336 3381 361.
361 3319 445 3382 Anr.
465 3317 517 3380 ll.
537 3337 555 3376 a
573 3315 793 3380 Damnantur
811 3313 888 3380 libri
903 3313 940 3378 in
956 3313 1077 3398 quibus
1093 3312 1166 3380 Deo
1183 3318 1242 3378 ant
1259 3313 1345 3378 Bea-

171 3445 224 3506 tue
247 3439 380 3526 Virpini
401 3439 538 3506 Mariae
556 3441 607 3505 ael
625 3439 759 3506 Sanctis
784 3443 844 3504 ant
868 3438 1052 3505 catholicae
1071 3436 1240 3504 Ecclesiae
1263 3437 1346 3502 cins-

170 3585 236 3650 pue
258 3567 364 3633 cultui
385 3568 436 3633 ael
460 3567 684 3632 sacramentis
710 3571 771 3631 aut
795 3565 1009 3648 Apostolicac
1033 3564 1113 3630 Sedi
1144 3563 1344 3630 detrahitur.

171 3691 291 3757 Eidem
313 3691 562 3775 reprobationis
583 3690 709 3757 iudicia
733 3690 907 3757 subiacent
923 3707 964 3754 ca
979 3707 1086 3771 opera
1103 3689 1139 3753 in
1155 3687 1276 3772 quibus
1292 3688 1345 3752 in-

170 3818 367 3900 spirationis
384 3817 512 3884 Sacrae
528 3817 729 3899 Scripturae
745 3821 923 3898 conceptas
935 3815 1143 3897 peruertitur
1159 3821 1219 3880 ant
1233 3821 1346 3880 calen-

170 3943 220 4008 sio
236 3943 339 4008 nimis
359 3947 563 4009 coarctatur.
579 3940 809 4007 Proliibcntnr
825 3959 958 4026 qnoque
974 3939 1052 4006 libri
1067 3941 1127 4025 qui
1142 3941 1222 4006 data
1239 3961 1345 4024 opera

171 4067 441 4134 Ecclesiasticam
456 4064 698 4132 Hieraraliiam
715 4070 775 4130 ant
788 4071 915 4131 statum
935 4065 1125 4131 clericalem
1140 4067 1191 4131 rel
1206 4067 1343 4151 relipio·

168 4208 246 4256 sum
263 4183 405 4273 probris
428 4189 580 4274 afficiunt
602 4212 632 4252 r.

257 4311 334 4378 362.
359 4313 397 4378 In
421 4313 566 4379 articulis
588 4318 684 4378 antea
707 4312 879 4397 explicatis
903 4313 985 4376 ratio
1009 4311 1118 4378 habita
1141 4318 1191 4377 est
1213 4313 1293 4397 fidei
1313 4318 1345 4377 et

169 4458 305 4506 morum
329 4436 561 4506 catholicorum
585 4440 751 4504 hominum
766 4438 806 4503 ad
826 4437 953 4503 eosdem
977 4436 1137 4502 tutandos.
1162 4436 1244 4511 Quia
1267 4435 1342 4503 fide·
