3296 5108
283 299 351 367 390
804 320 889 370 rsus
912 321 935 368 1.

284 461 402 528 nempe
426 440 534 507 veleb
552 460 664 508 uxore.
683 441 730 509 Cf.
748 443 904 529 Gasparri
920 445 940 509 l.
958 463 985 519 c,
1001 464 1034 510 a.
1053 443 1135 510 388.
1154 444 1323 520 Quaerunt
1338 445 1402 511 DD.
1418 467 1463 514 au

285 567 518 654 irregularitati
542 569 583 634 sit
604 568 695 633 locus
718 569 745 632 si
768 573 844 634 mat.
862 573 911 634 est
933 569 1057 634 nullum
1080 589 1146 636 non
1162 589 1205 636 ex
1220 571 1465 654 impedimento

284 693 468 780 ligaminis.
483 731 500 744 -
514 694 736 761 Deest'textus
750 713 925 779 expressus
940 699 973 760 et
988 695 1053 760 DD.
1070 715 1136 762 non
1153 697 1365 771 conveniunt;
1382 715 1466 783 ergo

284 814 512 899 irregularitas
535 819 584 880 est
606 813 721 880 dubia.

417 937 452 1025 3)
475 937 610 1004 Domum
633 939 757 1024 species
780 939 1030 1024 irregularitatis
1052 938 1329 1022 interpretatione
1351 943 1409 1020 est,
1434 940 1464 1004 si

283 1065 336 1130 vir
366 1063 407 1129 ad
437 1083 527 1130 suam
559 1083 696 1130 uxorem
727 1063 869 1146 accedat,
893 1069 1060 1151 postquam
1091 1064 1174 1130 haec
1203 1065 1237 1128 in
1266 1061 1463 1128 adulterium

284 1189 376 1274 lapsa
399 1190 448 1255 sit.
475 1187 664 1255 Huiusmodi
687 1191 925 1276 irregularitas,
950 1191 1066 1276 quippe
1085 1208 1131 1256 ecc
1145 1187 1279 1271 defectu
1302 1193 1363 1263 est,
1388 1207 1462 1254 con·

283 1290 426 1378 trahitur
450 1332 470 1377 a
491 1315 563 1378 viro
586 1332 712 1398 quoque
728 1315 846 1399 patrati
864 1313 1015 1378 adulterii
1039 1313 1151 1384 inscio,
1172 1317 1228 1377 aut
1247 1312 1274 1376 si
1297 1310 1414 1376 mulier
1429 1315 1462 1376 ri

283 1441 396 1501 coacta
419 1435 458 1500 ab
482 1436 545 1501 alio
569 1437 699 1521 cognita
720 1436 791 1503 fuit.
810 1437 950 1512 -Quum
973 1455 1053 1502 vero
1077 1438 1172 1502 etiam
1193 1437 1245 1500 vir
1267 1436 1462 1502 adulterium

285 1563 436 1646 patravit,
454 1581 532 1630 cum
555 1562 703 1630 debitum
719 1563 865 1630 reddere
889 1569 1051 1644 teneatur,
1070 1562 1110 1628 ob
1130 1567 1368 1649 compensatam
1384 1564 1466 1629 iniu-

284 1685 375 1758 riam,
399 1685 626 1771 irregularitas
649 1691 764 1759 cessat,
791 1687 835 1751 uti
859 1692 1026 1771 exponunt
1048 1657 1216 1781 SmalzsL
1234 1686 1265 1752 lt.
1289 1690 1311 1752 t.
1327 1706 1361 1750 aa.
1379 1687 1413 1768 7,
1430 1691 1462 1752 et

284 1813 331 1877 De
354 1813 490 1899 Angelis
514 1813 542 1887 Ι,
568 1812 599 1876 b.
624 1817 644 1876 t.
669 1833 702 1876 a.
727 1812 762 1878 2.
781 1815 862 1878 -At
884 1833 927 1878 ex
942 1833 969 1879 c.
987 1833 1014 1879 r.
1031 1813 1067 1878 11
1090 1819 1120 1879 et
1143 1813 1195 1884 12.
1220 1813 1297 1878 dist.
1312 1811 1370 1884 34,
1390 1813 1464 1877 -iia

282 1933 361 2016 foro
385 1938 527 2002 eutoso
550 1933 718 2002 videretur
745 1932 895 2000 sufficere
925 1936 1038 1999 uxoris
1069 1933 1262 2000 adulterium
1291 1933 1462 2001 evidenter

283 2055 452 2143 probatum
483 2057 523 2123 ad
554 2057 782 2124 declarandam
814 2060 977 2124 incussam
1009 2079 1052 2124 ex
1083 2063 1177 2144 parte
1207 2059 1270 2124 uiri
1300 2059 1462 2144 irregula-

286 2185 431 2258 ritatem;
456 2185 501 2248 ait
526 2183 613 2248 enim
644 2201 716 2248 can.
740 2185 776 2248 11
800 2184 851 2250 cit.
879 2203 897 2246 s
923 2183 953 2250 Si
980 2185 1071 2249 cuius
1102 2202 1238 2249 uxorem
1268 2181 1461 2252 adulterium

283 2309 497 2375 commississe
532 2327 604 2373 cum
636 2315 719 2374 esset
734 2382 736 2385 .
750 2309 857 2375 laicus
881 2309 1050 2374 evidenter
1078 2308 1177 2375 fuerit
1207 2308 1462 2394 comprobatum,

284 2431 337 2496 liic
371 2430 412 2495 ad
446 2432 661 2497 ministerium
692 2431 947 2498 ecclesiasticum
976 2430 1100 2497 admitti
1134 2451 1199 2496 non
1233 2438 1339 2518 potest
1361 2453 1393 2496 ».
1417 2431 1463 2496 Aa

283 2553 367 2620 haec
383 2560 433 2620 est
455 2555 593 2640 simplex
616 2556 834 2641 praesumptio
850 2556 946 2630 iuris;
971 2573 1045 2619 nam
1070 2557 1096 2620 si
1119 2556 1153 2620 in
1176 2555 1319 2641 probatis
1344 2555 1462 2620 existat

284 2681 390 2745 virum
415 2699 487 2745 cum
512 2699 615 2746 uxore
639 2701 731 2746 usum
755 2700 820 2745 non
843 2680 943 2745 fuisse
965 2679 1130 2765 coniugali
1153 2681 1359 2760 commercio,
1383 2698 1462 2746 sane

282 2812 390 2873 cessat
407 2806 651 2892 irregularitas;
668 2813 701 2870 at
721 2804 867 2890 probata,
884 2825 944 2890 per
959 2806 1136 2890 simplicem
1153 2824 1280 2891 quoque
1296 2823 1462 2890 praesum·

284 2932 435 3014 ptionem‚
456 2931 704 3028 conversatione
728 2929 900 3016 coniugali,
926 2927 1072 3013 equidem
1096 2929 1211 3015 copula
1234 2930 1461 3015 praesumitur.

416 3057 452 3135 4)
475 3057 556 3122 Item
572 3056 847 3141 irregularitatem
865 3075 908 3120 ex
924 3053 1062 3140 bigamia
1078 3055 1337 3138 iartopretotiva
1351 3055 1460 3120 incur·

283 3179 327 3244 rit
349 3179 489 3244 clericus
512 3181 565 3262 qui
589 3179 723 3260 nullum,
750 3179 791 3244 ob
820 3181 974 3244 maiorem
1001 3179 1158 3259 ordinem,
1187 3147 1325 3244 attentat
1351 3180 1463 3244 matri-

281 3305 423 3368 monium
447 3324 524 3370 cum
548 3304 661 3370 sidua.
678 3303 833 3370 Decernit
855 3305 939 3369 enim
965 3304 1174 3368 Innocentius
1190 3303 1241 3370 Ill
1256 3305 1290 3369 in
1314 3303 1366 3370 cil.
1385 3322 1459 3388 cap.

280 3429 340 3492 ult.
366 3427 397 3492 lt.
415 3433 436 3493 t.
454 3428 496 3494 de
512 3428 574 3494 boc
590 3429 710 3496 clerico
730 3451 748 3490 s
765 3435 884 3496 eontra
907 3428 1100 3494 doctrinam
1123 3427 1356 3510 Apostolicam
1381 3432 1462 3493 tum-

281 3571 388 3637 quam
411 3554 636 3620 somniariis
659 3553 783 3620 uiduae
807 3553 1101 3636 dispensaremus
1124 3553 1209 3626 licet,
1225 3572 1297 3620 aaa
1315 3559 1463 3637 propter

281 3677 488 3743 sacramenti
517 3676 696 3759 defectum,
720 3678 780 3744 sed
805 3682 950 3760 propter
973 3678 1132 3761 affectam
1163 3677 1360 3745 intentionis
1383 3696 1461 3745 cum

281 3818 384 3884 opere
396 3799 608 3868 subsecuto».
620 3803 662 3868 Et
673 3803 755 3868 haec
768 3809 816 3867 est
828 3805 961 3889 propria
972 3802 1206 3888 irregularitas.
1216 3822 1299 3886 quae
1311 3801 1464 3888 prohibet

281 3924 321 3990 ab
345 3925 512 3992 ordinibus
534 3927 757 4010 suscipiendis
780 3933 813 3992 et
835 3947 855 3992 a
877 3927 1097 3994 ministrandis
1120 3928 1292 4011 susceptis.

371 4053 423 4118 Ex
447 4052 574 4118 casibus
597 4059 704 4118 autem
722 4053 879 4138 legitimis
895 4051 1054 4139 bigamiae
1079 4053 1359 4137 interpretatioae
1373 4057 1463 4138 patet

280 4178 384 4252 hauc,
415 4179 548 4263 fictione
582 4179 685 4259 iuris,
718 4179 811 4244 inniti
837 4180 1101 4244 inmatrimonio
1137 4179 1287 4261 carnuti,
1312 4179 1397 4265 quod
1426 4181 1456 4242 vi

281 4300 422 4366 eiusdem
442 4301 585 4387 fictionis
608 4301 791 4387 duplicatur
813 4309 870 4368 aut
892 4301 1132 4387 multiplicatur,
1157 4303 1252 4368 sicuti
1276 4303 1460 4370 considerat

282 4425 314 4493 S.
339 4427 569 4494 Bonaventura
592 4429 624 4493 in
650 4427 697 4493 lV
723 4425 812 4494 Seat.
837 4427 920 4494 Dist.
946 4427 1005 4504 25,
1027 4447 1058 4494 α.
1083 4428 1118 4504 2,
1143 4449 1176 4514 q.
1200 4427 1234 4495 3.
