3290 5100
301 247 368 314 496
826 267 909 314 rans
935 266 957 312 1.

301 391 376 457 stati
401 390 500 455 cirili.
524 390 594 454 Non
617 391 722 454 minus
745 389 926 456 Ecclesiam
950 388 1084 455 laedunt
1106 389 1161 474 qui
1183 389 1337 455 auferunt
1356 387 1492 454 clericis

302 512 507 600 privilegium
532 501 605 592 furi,
629 518 663 579 et
685 515 719 578 in
745 533 867 600 genere
893 514 1060 580 Ecclesiae
1084 512 1268 580 detrectant
1293 516 1490 598 potestatem

300 637 482 724 legiferam,
509 637 701 712 iudicialem.
726 640 1029 713 administraturam,
1055 639 1269 704 executivam.

394 761 469 826 432.
494 761 598 836 Quum
630 763 779 828 Ecclesia
809 782 899 827 suam
931 762 1071 828 divinam
1103 763 1287 828 missionem
1317 761 1491 847 explicare

303 881 417 948 debeat
440 884 526 948 inter
549 883 705 959 homines,
730 884 822 949 bonis
849 885 972 972 indiget
999 883 1229 970 temporalibus
1252 881 1366 968 quibus
1393 884 1489 947 satis-

302 1006 381 1073 facit
403 1012 437 1074 et
459 1030 589 1074 suorum
613 1011 858 1076 necessitatibus
881 1009 1145 1076 administrcrum
1168 1028 1230 1074 nec
1244 1027 1310 1074 non
1333 1007 1492 1092 impensis

302 1133 433 1198 omnino
457 1136 649 1201 necessariis
673 1137 705 1200 in
729 1135 869 1201 fovendo
893 1135 982 1202 cultu
1005 1135 1124 1200 divino.

393 1255 483 1332 Quae
499 1257 584 1322 bona
607 1258 687 1324 adeo
711 1259 910 1346 respondent
932 1259 1147 1325 incolumitati
1163 1263 1195 1324 et
1209 1257 1357 1344 dignitati
1373 1256 1490 1322 Eccle

303 1379 369 1444 siae
392 1385 428 1444 ut
445 1381 554 1446 divina
569 1382 772 1468 providentia
793 1383 880 1448 civili
903 1384 1086 1468 principatu
1109 1382 1304 1448 instruxerit
1319 1381 1489 1448 Summum

304 1503 492 1572 Pontificem
505 1527 567 1592 quo
583 1510 697 1576 melius
713 1511 766 1575 hic
782 1531 801 1574 a
817 1510 1042 1594 qualicumque
1058 1509 1147 1574 civili
1158 1513 1317 1595 potestate
1332 1509 1487 1582 inmunis,

302 1630 438 1714 imperio
451 1631 578 1696 divinae
592 1631 766 1719 religionis,
781 1633 906 1699 valeret
918 1651 1037 1718 regere
1052 1632 1186 1718 populos
1201 1632 1288 1697 inter
1303 1651 1338 1697 se
1354 1631 1490 1695 natione

303 1741 445 1819 moribus
474 1761 569 1839 atque
593 1757 720 1842 privato
744 1763 777 1824 et
799 1757 926 1843 publico
949 1759 1021 1822 iure
1045 1764 1111 1824 tam
1133 1757 1289 1822 diversos,
1308 1791 1326 1804 -
1344 1755 1487 1830 Quamo-

303 1878 394 1944 brem
426 1883 616 1966 quicumque
648 1884 710 1948 ista
739 1882 824 1949 bona
855 1903 1014 1970 usurpare
1037 1881 1144 1956 audet,
1169 1883 1296 1948 crimen
1322 1885 1431 1966 patrat
1455 1887 1490 1946 et

303 2008 415 2092 poenis
440 2017 488 2073 est
511 2007 772 2094 compescendus.

393 2133 468 2198 433.
486 2134 630 2218 Denique
646 2135 758 2219 poenis
783 2135 892 2219 utique
915 2133 1121 2221 gravioribus
1146 2169 1164 2182 -
1180 2131 1409 2220 pravioribus,
1434 2133 1488 2195 in·

303 2274 408 2340 quam,
434 2276 513 2342 prae
536 2257 608 2323 aliis
632 2258 813 2324 constitutis
838 2259 871 2322 in
889 2257 1073 2345 pravilegio
1097 2257 1239 2325 canonis
1256 2292 1274 2306 -
1298 2254 1489 2322 deterrendi

303 2384 398 2445 erant
413 2381 560 2448 homines
582 2402 625 2447 ne
648 2382 807 2448 violentas
824 2401 936 2447 manus
952 2381 1116 2447 inferrent
1131 2383 1164 2446 in
1181 2381 1299 2446 Sacros
1315 2378 1490 2446 Antistites

303 2503 471 2570 Ecclesiae
489 2507 541 2590 qui
565 2507 633 2571 eius
649 2507 796 2592 corporis
819 2512 895 2574 sunt
910 2504 1154 2571 honorabiliora
1177 2503 1323 2570 membra
1338 2509 1372 2570 et
1386 2504 1490 2568 maxi·

303 2648 388 2692 mam
415 2631 639 2697 auctoritatem
663 2636 695 2696 et
720 2631 938 2697 reverentiam
966 2629 1025 2696 sibi
1053 2631 1229 2697 conciliare
1255 2627 1376 2695 debent
1401 2628 1490 2714 apud

303 2754 457 2839 populum
482 2757 703 2822 christianum.
