3290 5100
313 264 380 332 546
770 281 977 332 carucarum
1003 281 1040 332 11.

312 405 433 473 dentem,
457 421 512 460 non
533 405 684 471 sustineri3
709 404 827 476 ideoque
851 404 1067 475 Coeperatorem
1093 403 1145 474 ipsi
1171 403 1267 460 datum
1291 405 1495 471 avocandum

312 512 470 567 Perochum
487 529 554 568 vero
576 513 766 583 appellantem
792 517 907 584 propter
930 511 1085 583 culpabiles
1110 511 1299 582 negligentias
1324 511 1352 566 in
1377 529 1496 568 munem

313 617 466 688 parochiali
485 635 546 674 csse
570 635 667 674 severe
692 619 906 689 coarguendum.
928 619 1089 684 Praeterea,
1108 618 1203 672 iudicii
1231 634 1367 686 expensas
1390 622 1422 674 et
1446 618 1498 672 sti·

312 724 442 794 pendium
460 723 519 778 dati
539 722 726 790 Condiutoris,
744 741 761 777 a
779 722 906 778 Perocho
924 723 1039 779 terenda
1057 739 1129 778 ease.

383 829 513 884 Vicissim
531 830 566 883 ab
587 828 639 884 hac
657 829 798 905 sapientia
818 827 985 899 episcopalia
1010 826 1094 882 Curia
1118 827 1153 881 ad
1177 827 1368 898 Apostolicam
1392 825 1494 882 Sedena

310 937 471 1008 appellavit.
491 937 634 992 Pandente
653 944 748 992 autem
768 933 966 1008 appellatione,
978 951 1041 990 cum
1060 934 1174 988 dissidia
1197 935 1271 990 inter
1290 933 1446 990 Perochum
1459 933 1494 988 N.

310 1050 340 1101 et
358 1043 541 1114 parochianos
560 1044 658 1113 augeri
679 1044 708 1097 in
727 1043 787 1098 dies
806 1059 860 1098 nou
883 1042 944 1097 siue
965 1041 1106 1112 spirituali
1133 1039 1232 1094 horum
1257 1041 1358 1096 damno
1385 1039 1495 1096 intelli·

310 1154 390 1219 geret
409 1149 570 1220 Episcopus,
588 1165 640 1220 ope
660 1148 777 1204 alterius
795 1148 961 1212 sententiae,
981 1147 1138 1202 Perochum
1160 1147 1251 1218 ipsum
1273 1147 1308 1202 ed
1327 1150 1493 1217 permuten-

310 1257 375 1311 dum
385 1257 460 1312 intra
473 1257 613 1312 trimestre
625 1256 786 1326 parochiale
799 1273 879 1310 enum
892 1253 1057 1310 beneficium
1067 1273 1131 1310 cum
1142 1254 1200 1309 alio
1209 1255 1361 1322 damnavit,
1374 1271 1495 1325 eumque

309 1365 423 1420 interim
441 1366 476 1418 ab
495 1365 570 1418 omni
591 1364 725 1420 exercitio
745 1363 946 1418 iurisdictionis
965 1368 994 1418 et
1012 1363 1126 1430 ordinis,
1141 1367 1259 1434 excepta
1272 1361 1360 1416 hlissa
1373 1362 1494 1432 privata,

310 1471 461 1540 suspendit.
480 1469 577 1540 ltaque
596 1475 695 1524 contra
714 1469 787 1524 hanc
805 1471 974 1526 sententiam
993 1470 1096 1525 iterum
1117 1469 1274 1539 appellarit
1291 1467 1436 1522 Parochus
1457 1467 1491 1521 ad

309 1575 554 1644 metropolitanam
573 1573 680 1642 Sedem,
699 1590 770 1646 quae
791 1580 885 1630 minen
902 1576 938 1630 oh
959 1574 1136 1644 pendentiam
1155 1573 1215 1628 litis
1234 1590 1319 1644 penas
1344 1573 1492 1642 Apostoli-

310 1699 372 1736 cam
384 1681 492 1750 Sedem,
503 1699 582 1736 suam
595 1682 841 1752 incompetentiam
854 1681 1015 1736 declaravit.
1030 1681 1136 1736 Exinde
1149 1679 1291 1736 Parochus
1303 1680 1338 1734 ad
1351 1679 1378 1733 S.
1391 1679 1492 1735 Smem

310 1803 389 1842 suam
407 1787 492 1841 etiarn
511 1785 728 1856 appellationem
754 1785 876 1840 deduxit
896 1787 973 1850 Quae
990 1789 1085 1842 autem
1112 1785 1243 1857 utrinque
1269 1784 1411 1855 disputata
1435 1785 1494 1840 sint

310 1891 339 1946 in
357 1892 485 1964 sequenti
503 1891 705 1962 disceptatione
725 1907 774 1962 per
792 1907 901 1945 summa
919 1889 1014 1960 capita
1032 1890 1165 1960 reperies.

666 2141 900 2197 DlSGEPTATlO
920 2141 1135 2198 SYNOPTICA.

382 2320 517 2382 Ericusa
536 2335 651 2374 sarona
673 2335 794 2374 raaocnr
814 2335 945 2374 innuosa
963 2335 1046 2376 suns.
1065 2347 1102 2360 -
1121 2318 1205 2374 Curia
1224 2317 1442 2388 metropolitana
1462 2319 1495 2374 ia

308 2426 422 2481 ferenda
434 2427 575 2482 sententia
592 2425 696 2480 iudicio
715 2424 815 2482 Curiae
834 2425 1001 2496 episcopalis
1020 2426 1144 2494 adversa,
1163 2425 1356 2497 perpenderat.
1371 2425 1491 2496 inquisi-

308 2533 414 2592 tionem
432 2533 591 2588 institutam
610 2550 693 2604 super
712 2531 831 2588 Parochi
857 2533 1084 2588 accusationibus
1106 2533 1282 2589 deiicientem
1307 2536 1337 2587 et
1362 2549 1493 2586 manem

308 2639 402 2696 luisse.
427 2639 628 2710 investigatum
652 2639 728 2695 enim
752 2655 808 2694 nou
835 2641 929 2694 fuerat
952 2656 1036 2711 quam
1051 2641 1097 2694 voh
1122 2657 1252 2706 causam,
1277 2655 1368 2711 quove
1395 2639 1491 2693 animo

308 2749 485 2800 accusatores
503 2742 629 2800 Perocho
658 2748 837 2816 oppeterent:
856 2763 893 2800 an
916 2745 1025 2800 scilicet
1050 2745 1190 2815 personali
1207 2745 1271 2802 odio
1295 2755 1325 2802 et
1349 2745 1492 2800 vindictae

308 2853 401 2908 forsan
420 2851 548 2922 cupidine
565 2853 684 2922 abrepti,
703 2851 748 2908 vel
767 2853 860 2922 potius
881 2851 1019 2908 desiderio
1042 2853 1206 2906 occurrendi
1231 2851 1360 2922 publicae
1383 2867 1488 2922 paroe-

308 2957 369 3014 ciae
388 2957 479 3024 malis,
497 2974 568 3030 quae
587 2956 712 3012 Parccho
731 2957 950 3028 imputabantur.
962 2957 1003 3011 Eo
1022 2956 1068 3012 vel
1085 2957 1177 3026 magis
1194 2957 1267 3028 quod
1285 2973 1349 3012 cum
1362 2957 1489 3012 adenem

308 3064 389 3120 annis
408 3063 549 3119 Perochus
567 3063 600 3119 N.
620 3081 681 3119 eam
703 3069 816 3134 regeret
841 3065 1009 3135 paroeciam,
1028 3064 1237 3120 accusationum
1255 3064 1350 3134 capita
1367 3064 1402 3118 ad
1422 3063 1492 3119 nlti-

308 3185 369 3223 mos
387 3185 474 3222 anum
492 3185 548 3224 non
567 3169 767 3228 referebantur,
787 3169 829 3223 ita
849 3173 879 3222 ut
897 3168 1041 3239 expiscata
1061 3173 1090 3224 et
1108 3169 1267 3240 conquisita
1284 3184 1319 3224 ea
1336 3169 1413 3222 iacta
1430 3184 1493 3224 ense

308 3275 478 3338 viderentur,
496 3291 568 3348 quae
587 3275 667 3346 lapsu
686 3276 820 3346 temperis
838 3275 991 3330 obliterata
1009 3277 1169 3332 manebant
1184 3275 1275 3338 Quare
1293 3275 1366 3330 ratio
1385 3275 1489 3346 agandi

310 3381 427 3442 Parochi
451 3382 481 3436 in
506 3381 602 3452 primis
625 3382 659 3438 ad
685 3382 819 3436 trutinam
843 3383 969 3437 revocari
999 3382 1151 3450 debuisset,
1175 3386 1205 3438 et
1230 3383 1254 3436 si
1279 3381 1363 3452 culpa
1385 3397 1493 3438 uacuos

308 3493 437 3560 ropertus
455 3489 514 3559 ipse
532 3505 588 3544 non
607 3493 687 3558 esset,
706 3488 784 3544 locus
802 3491 888 3544 tiebat
907 3489 1151 3558 admonitionibus,
1166 3493 1197 3544 ut
1208 3489 1244 3544 ad
1261 3505 1358 3544 sanam
1375 3490 1489 3560 frugem

309 3595 420 3651 rediret.

379 3700 505 3768 Accedit,
523 3717 578 3756 non
597 3702 691 3756 omnia
709 3701 918 3758 accusationum
937 3701 1030 3772 capite
1042 3701 1171 3757 Parccho
1183 3703 1389 3758 communicata
1404 3702 1493 3760 fuisse

309 3810 341 3862 ut
358 3823 419 3862 sess
437 3807 585 3864 defendere
604 3813 706 3879 posset:

378 3914 493 3984 lnsuper
511 3913 608 3969 eadem
626 3914 843 3985 metropolitana
862 3913 947 3970 Curia
960 3913 1086 3984 singulas
1099 3915 1294 3970 accusationes
1306 3915 1490 3985 perpendens,

308 4017 476 4072 observabat
493 4019 605 4088 probari
624 4018 744 4089 quidem,
764 4017 919 4090 Perochum
937 4017 1053 4074 nimiam
1071 4017 1222 4090 aliquando
1234 4017 1395 4076 adhibuisse
1413 4035 1493 4076 sere·

308 4122 422 4180 ritatem
440 4125 469 4179 in
487 4124 687 4192 adolescentes,
712 4130 741 4180 et
765 4124 939 4198 quandoque,
958 4125 1179 4196 praecipitanter
1200 4125 1231 4180 in
1248 4123 1302 4180 hac
1319 4141 1351 4180 re
1369 4141 1400 4181 se
1426 4143 1493 4197 ges·

308 4231 390 4295 sisse3
408 4234 438 4285 at
456 4231 567 4288 eosdem
586 4232 693 4286 iuratos
711 4235 798 4288 testes
816 4232 984 4302 deposuisse,
1004 4247 1067 4286 non·
1078 4233 1182 4286 cuncta
1199 4248 1262 4288 ease
1281 4233 1397 4288 venuti
1423 4248 1493 4288 conn

310 4353 391 4394 sona:
410 4337 605 4396 distractiones
630 4344 722 4396 autem
749 4339 849 4396 minori
873 4341 959 4396 etiam
984 4339 1077 4410 pretio
1101 4337 1244 4396 habendas
1268 4356 1339 4408 esse,
1358 4357 1432 4413 quae
1456 4340 1492 4396 ad
