3202 5104
260 259 327 324 256
778 288 864 332 rhus
890 287 910 332 1.

257 423 388 488 poenos
403 410 577 493 nepotiana
592 411 719 476 minias
731 431 813 495 quae
826 413 883 477 etsi
898 415 959 478 sint
974 415 995 478 l.
1007 421 1088 482 serat.
1107 419 1180 498 ipso
1197 417 1272 482 inre
1287 423 1347 482 nat
1363 420 1439 500 ipso

259 532 350 614 facto
375 534 597 609 incurrendae,
623 537 830 601 nihilomiuus
853 540 1058 622 expostulant
1082 543 1272 607 sententiam
1294 545 1441 608 criminis

261 659 526 726 declaratoriam
549 667 720 746 antequam
744 665 814 748 quis
837 669 987 729 teneatur
1010 666 1141 730 subesse
1170 667 1273 732 eidem
1298 689 1439 752 poenae;

262 785 307 848 uti
324 785 557 868 explicavimus
570 807 600 850 n.
615 788 652 851 71
669 808 725 871 sq..
744 794 879 873 excepto
896 808 972 854 casu
989 791 1133 855 criminis
1148 796 1213 854 tam
1231 791 1358 877 publici,
1372 797 1439 856 tam

262 911 377 974 notorii
401 910 483 994 quod
507 912 595 976 nulla
618 914 717 998 possit
739 915 1008 998 tergiversatione
1032 915 1143 981 celari.
1169 916 1216 982 cf.
1243 917 1332 982 Lucii
1358 917 1440 981 Fer-

264 1121 411 1172 porsneam
436 1107 494 1161 sivo
523 1114 682 1176 perpetuam
713 1127 761 1179 per
789 1111 899 1164 modum
930 1112 1119 1166 translationis
1148 1117 1197 1165 aut
1226 1113 1442 1182 permutationis

262 1215 426 1284 approbavit
451 1215 477 1268 S.
498 1215 583 1286 Coug.
603 1215 684 1270 Cone.
705 1219 732 1270 in
760 1219 938 1284 Placentina,
958 1222 1003 1274 die
1024 1221 1044 1272 6
1065 1221 1191 1275 Deccmb.
1212 1221 1309 1287 17273
1329 1221 1356 1272 in
1385 1221 1440 1272 Fa-

262 1323 386 1376 briauen.
400 1339 448 1376 seu
461 1323 643 1388 Camerinan,
657 1327 702 1378 dic
718 1326 738 1378 6
753 1326 878 1380 Decemlu
893 1327 1031 1392 17843511
1047 1328 1235 1397 Limburgeu,
1247 1330 1293 1382 die
1307 1329 1351 1380 '27
1365 1328 1442 1381 lateii

174 1505 177 1512 1
265 1431 324 1484 185
329 1431 363 1498 7,·
376 1431 404 1483 in
415 1430 572 1496 Coloniam,
587 1435 632 1487 dia
643 1435 665 1484 5
677 1432 745 1486 Iulii
757 1433 839 1486 1856
847 1453 855 1500 5
865 1435 892 1487 iu
905 1433 1081 1503 Herbipolen.
1097 1437 1143 1490 dte
1152 1437 1194 1488 22
1206 1437 1331 1490 Decerne.
1344 1437 1441 1498 1860,Ι

265 1538 290 1590 in
306 1538 479 1607 Bergomen,
499 1542 544 1592 die
564 1540 605 1590 29
625 1541 696 1608 Arrp.
718 1539 958 1606 1865‚etute25
979 1541 1033 1596 Inl.
1058 1543 1136 1595 1896
1155 1544 1184 1596 in
1203 1542 1343 1611 Spalateu.
1364 1551 1393 1597 et
1413 1544 1441 1596 in

264 1644 334 1697 aliis.
350 1644 406 1697 Has
424 1645 518 1699 videre
538 1651 580 1699 est
598 1648 626 1698 in
654 1647 797 1700 Thesauro
821 1647 1032 1702 Resolutionnm
1054 1649 1080 1702 S.
1104 1651 1187 1718 Conp.
1209 1651 1297 1714 (bace
1318 1650 1442 1718 potiores

264 1753 350 1806 habes
363 1770 472 1825 quoque
485 1753 557 1824 apud
572 1758 642 1806 heta
656 1753 682 1806 S.
697 1754 783 1817 Sedis
796 1772 832 1808 sc.
850 1757 876 1808 V.
892 1755 912 1822 1,
925 1773 951 1825 p.
967 1755 1035 1810 516.
1051 1757 1078 1808 V.
1095 1757 1133 1821 11,
1152 1758 1224 1821 283,
1246 1757 1303 1820 Xl,
1319 1775 1350 1827 p.
1371 1759 1442 1820 150,

266 1861 339 1926 XX,
358 1862 424 1914 126.
438 1891 450 1901 -
466 1861 534 1916 Vide
550 1863 746 1932 Appendicem.
761 1891 774 1902 -
790 1864 818 1916 ln
846 1864 871 1914 V.
894 1863 944 1927 IV,
963 1883 1026 1932 pop
1046 1864 1101 1928 20,
1123 1863 1209 1917 habes
1222 1865 1442 1918 controversiam

265 1968 353 2024 relate
367 1969 401 2020 ad
420 1968 651 2024 amoribilitatem
671 1969 852 2038 parochorum
867 1987 900 2024 es
915 1970 975 2025 iure
989 1971 1122 2040 peculiari
1137 1972 1165 2024 iu
1179 1970 1278 2024 Galliis
1292 1971 1415 2039 vigente.
1429 2001 1443 2011 ·

265 2077 293 2130 In
308 2077 386 2148 foliis
399 2093 545 2129 causarum
558 2075 644 2129 habes
663 2077 719 2130 late
739 2077 864 2130 evolutas
879 2079 1000 2132 rationes
1020 2083 1078 2130 tum
1092 2080 1127 2131 ab
1141 2079 1309 2133 auctoritate
1326 2085 1385 2132 tum
1407 2081 1442 2132 ab

264 2183 437 2252 argumentis
456 2183 579 2237 iuridicis
597 2183 735 2238 deductas.
751 2183 850 2244 -Quia
868 2186 1016 2238 remotioni
1035 2189 1227 2240 oeconomicus
1246 2185 1396 2255 aliquando
1411 2188 1444 2238 lit

265 2292 342 2344 locus
354 2292 480 2362 quamvis
495 2291 629 2360 parochus
648 2291 793 2346 dumtaxat
812 2309 848 2346 err
867 2293 929 2346 odio
948 2293 1041 2346 naatue
1059 2294 1150 2362 plebis
1171 2292 1240 2346 utile
1254 2292 1442 2346 ministerium

266 2399 292 2451 in
312 2416 362 2452 sua
381 2399 506 2452 Ecclesia
524 2399 643 2468 amplius
662 2416 791 2454 exercere
813 2415 866 2453 ison
885 2400 992 2464 valeat,
1012 2400 1117 2454 adverti
1138 2401 1222 2454 debet
1240 2401 1267 2452 in
1288 2401 1342 2454 isto
1367 2417 1443 2466 casu,

264 2511 447 2560 remotionem
466 2512 670 2562 oeconomicam
690 2495 790 2577 poeuis
804 2509 954 2563 nullimode
974 2509 1172 2562 accensendam
1186 2511 1260 2574 esse}
1281 2514 1308 2562 et
1327 2508 1442 2577 planum

266 2619 315 2668 est.
336 2614 388 2668 Sed
407 2615 460 2670 iste
479 2632 559 2668 casus
578 2621 620 2669 est
640 2633 783 2684 perrarus,
802 2618 975 2686 frequentius
1000 2617 1073 2670 enim
1099 2616 1216 2681 accidit,
1237 2615 1387 2684 parocbum
1408 2633 1442 2670 ex

265 2739 314 2774 sua
335 2719 516 2789 negligentia,
529 2723 654 2774 socordia
674 2726 722 2774 stit
739 2721 931 2790 imprudentia,
946 2721 988 2774 vel
1009 2721 1093 2775 etiam
1114 2739 1148 2774 ex
1167 2720 1314 2774 inhonesta
1331 2720 1442 2774 vivendi

267 2828 374 2880 ratione
393 2827 445 2880 sibi
465 2827 557 2879 odium
584 2827 745 2882 conciliasse
771 2845 839 2881 suae
861 2827 956 2896 plebis.
977 2827 1053 2880 Tunc
1073 2829 1189 2881 remotio
1209 2829 1385 2882 oeconomica
1407 2829 1443 2879 ab

268 2933 402 3004 Episcopo
420 2935 532 2988 iubetur
552 2935 580 2988 in
601 2949 716 3002 poenam
737 2939 765 2988 et
785 2935 889 2987 invitus
908 2944 1017 3004 quoque
1039 2933 1173 3003 parochus
1195 2933 1305 3003 cogitur
1324 2933 1359 2988 ad
1379 2950 1442 3002 per·

267 3027 429 3094 mutandum¹
448 3043 619 3095 beneficium.
633 3043 816 3103 Quamobrem
836 3043 858 3095 si
877 3044 981 3112 absque
1000 3041 1058 3094 ulla
1077 3040 1159 3111 culpa
1172 3041 1308 3112 parochus
1326 3047 1444 3112 cogatur

267 3149 353 3202 alium
373 3150 506 3218 suscipire
526 3151 689 3204 beneficium
717 3149 768 3202 hoc
796 3167 861 3204 sane
881 3167 939 3205 esse
959 3167 1013 3204 non
1039 3151 1122 3204 debet
1147 3150 1252 3205 reditus
1272 3166 1321 3204 nec
1347 3147 1443 3202 condi-

267 3258 352 3311 tionis
364 3257 511 3310 inferioris.
524 3285 561 3298 -
576 3258 730 3310 Remotioni
749 3259 939 3311 oeconomicon
958 3257 1147 3311 decernendae
1166 3257 1313 3328 praecedat
1332 3263 1444 3324 oportet

268 3363 405 3418 iudicialis
424 3364 548 3432 cognitio
566 3365 599 3418 de
619 3363 709 3416 eurisis
730 3370 780 3416 aut
799 3363 889 3432 culpis
915 3363 984 3417 unde
1004 3365 1197 3432 expostulatur
1224 3363 1356 3427 remntin,
1376 3363 1444 3418 item

269 3469 432 3538 praecedere
457 3469 558 3523 debent
583 3469 749 3523 monitiones
775 3473 805 3522 ut
831 3469 966 3538 parochus
991 3478 1070 3523 curet
1094 3469 1217 3522 scandali
1243 3475 1272 3524 et
1298 3470 1443 3522 turbarum

268 3591 409 3630 removere
429 3576 617 3642 occasionem,
636 3577 682 3630 sed
703 3593 757 3630 riou
776 3593 809 3631 ea
829 3577 979 3647 requiritur
1004 3577 1168 3646 procedendi
1190 3577 1260 3629 ratio
1285 3581 1385 3630 exacta
1410 3576 1444 3628 ad

270 3698 379 3735 normas
397 3693 532 3736 cationum
552 3700 622 3753 quae
642 3684 798 3738 necessaria
817 3689 859 3738 est
878 3701 960 3754 quum
986 3684 1145 3736 decernitur
1169 3683 1296 3736 beneficii
1324 3683 1445 3751 privatio

268 3788 336 3842 adeo
362 3793 392 3842 ut
419 3787 582 3856 privationis
605 3789 744 3842 sententia
771 3804 824 3840 uon
849 3789 1020 3842 sustineatur
1046 3789 1099 3841 nisi
1125 3788 1230 3862 crimen
1259 3787 1444 3855 privationem

202 3931 204 3936 ·
268 3895 454 3966 expostulans,
468 3895 636 3948 iudicialiter
649 3899 678 3948 et
692 3895 794 3950 invicte
814 3899 961 3964 probatum
980 3895 1079 3960 tuerit3
1099 3896 1139 3948 ita
1159 3895 1300 3963 rescripsit
1317 3895 1342 3946 S.
1358 3893 1445 3962 Cong.

269 4008 385 4061 Consilii
406 4007 433 4059 in
452 4003 635 4069 Camerinan,
648 4007 694 4061 die
707 4005 727 4056 8
740 4007 811 4059 Maii
824 4007 918 4069 178·1,·
932 4006 958 4058 S.
970 4004 1103 4072 Severini,
1117 4007 1163 4059 die
1182 4005 1202 4057 4
1220 4005 1328 4074 Aprilis
1342 4005 1445 4067 1778,-

269 4117 296 4169 in
317 4117 485 4182 cracoviam,
505 4118 550 4171 dic
565 4117 601 4169 16
614 4117 680 4170 Feb.
695 4115 792 4168 1770.
813 4115 853 4168 Cf.
869 4145 884 4154 -
899 4117 970 4168 Acta
983 4114 1008 4166 S.
1024 4113 1109 4179 Sedis,
1129 4113 1152 4180 l,
1168 4132 1197 4184 p.
1217 4113 1360 4166 151-220.
1382 4139 1395 4153 -
1415 4113 1444 4165 ln

270 4223 422 4276 remotione
440 4223 617 4276 oeconomica
637 4239 692 4276 non
714 4222 879 4288 requiritur,
898 4220 1063 4274 beneficium
1088 4219 1207 4274 alterum
1233 4219 1446 4286 collatnmesse

271 4329 439 4399 parochiale,
453 4331 499 4385 sed
513 4331 614 4399 requiri
638 4333 744 4384 tantum
757 4331 829 4384 solet
848 4345 907 4384 esse
921 4329 1026 4383 reditus
1043 4327 1252 4398 aequivalentis.
1272 4325 1311 4379 Cf.
1326 4326 1447 4382 Concor-

270 4439 342 4492 dien.
361 4440 417 4492 dici
436 4441 477 4492 20
499 4439 581 4495 Febr.
602 4438 691 4492 1897.
