3266 5102
815 603 928 669 Garun
953 603 995 666 Il.

611 777 657 832 DE
682 775 937 833 ABSOLUTIONE
963 781 987 832 Α
1014 778 1200 834 CENSURlS.

314 993 531 1050 summarium.
548 1023 584 1035 -
614 992 672 1047 119.
692 993 846 1060 censurae,
865 993 1020 1060 ordinario,
1040 993 1215 1049 absolutione
1239 995 1284 1050 vel
1309 997 1499 1050 conditionata

404 1102 568 1168 solvuntur3
591 1101 639 1156 sed
658 1098 765 1154 absolvi
784 1106 899 1170 possunt
918 1103 1003 1156 etiam
1023 1103 1073 1154 sub
1093 1101 1252 1156 conditione
1276 1104 1441 1157 resolution.
1463 1132 1499 1144 -

405 1207 657 1278 retundantur
682 1207 793 1278 quidam
819 1211 915 1261 tentus
934 1207 969 1260 cl.
989 1207 1082 1262 Sabas.
1103 1208 1224 1262 Berardi.
1243 1237 1279 1250 -
1300 1209 1357 1263 121.
1378 1209 1498 1264 cuinam

403 1317 543 1383 competat
562 1331 578 1367 a
597 1313 720 1368 censuris
738 1313 883 1368 absolvere
901 1315 937 1368 ob
956 1315 1068 1368 homine
1084 1313 1365 1386 latisseuirroyutis.
1380 1315 1499 1376 -Quae-

404 1420 475 1473 ritur
493 1436 529 1473 au
547 1419 687 1474 sententia
705 1421 897 1474 declaratorio
910 1425 938 1474 et
951 1437 987 1474 au
1003 1422 1180 1475 denunciatio
1199 1423 1339 1475 consumti
1359 1421 1432 1476 unde
1452 1421 1499 1476 hic

402 1525 494 1580 eradit
520 1527 659 1592 vitandas,
680 1524 747 1579 illud
777 1530 938 1594 operentur,
959 1527 1049 1598 quoad
1073 1526 1277 1582 absolutionem
1302 1544 1446 1593 censurae,
1465 1533 1499 1583 ut

404 1627 472 1684 haec
491 1635 637 1685 censeatur
655 1631 733 1702 quasi
752 1633 787 1685 ab
806 1633 917 1686 bomine
938 1661 953 1672 -
973 1631 1103 1686 Traditur
1122 1632 1220 1702 regula
1238 1649 1294 1702 qua
1312 1632 1497 1701 dignoscitur,

402 1752 437 1789 an
457 1734 596 1789 absolutio
622 1741 799 1804 praepostere
824 1751 968 1800 concessa,
989 1736 1105 1790 dicenda
1128 1736 1166 1790 sit
1193 1741 1300 1790 tantum
1325 1737 1428 1790 illicito
1452 1737 1497 1792 vel

403 1842 488 1896 etiam
507 1842 640 1895 invalido.
655 1871 688 1882 -
706 1841 762 1894 122.
777 1841 815 1896 De
835 1841 996 1896 absolvendi
1017 1847 1155 1911 potestate
1175 1843 1312 1912 pendente
1325 1843 1430 1898 iudicio
1449 1861 1497 1914 ap·

403 1949 569 2019 pollutionis.
585 1949 623 2004 De
642 1949 694 2002 hac
713 1953 851 2018 potestate
865 1950 893 2002 in
910 1949 1047 2003 iudicibus
1060 1949 1205 2020 delegatis.
1217 1978 1254 1991 -
1270 1950 1327 2004 123.
1346 1951 1385 2005 De
1398 1952 1497 2007 eadem

403 2060 542 2125 potestate
561 2061 640 2111 extra
659 2072 753 2110 casum
772 2055 977 2125 appellationis.
997 2085 1029 2098 -
1050 2056 1109 2110 124.
1130 2056 1168 2110 111
1187 2057 1312 2111 censuris
1331 2058 1406 2113 lotoe
1425 2069 1495 2112 sent.

402 2162 551 2216 reservatis
564 2167 613 2216 aut
626 2177 679 2216 non
695 2163 854 2227 reservatis,
866 2162 1050 2217 absolvendis.
1059 2192 1093 2203 -
1108 2163 1162 2216 125.
1171 2163 1260 2224 Quum
1274 2163 1386 2234 aliquod
1401 2167 1497 2218 obstat

403 2267 630 2336 impedimentum
643 2266 688 2321 vel
701 2278 878 2338 perpetuam,
892 2268 936 2322 vel
955 2269 1119 2322 diuturnum
1137 2268 1180 2322 vel
1201 2271 1295 2333 breue,
1307 2268 1428 2324 adeundi
1448 2287 1496 2322 su-

403 2373 540 2442 periorem
560 2381 651 2428 utrum
671 2379 700 2429 11
718 2374 854 2444 quomodo
867 2379 956 2428 cesset
976 2375 1137 2430 reservatio.
1149 2404 1183 2416 -
1198 2374 1257 2429 126.
1272 2375 1312 2429 Ex
1326 2376 1386 2430 iure
1399 2377 1497 2430 noris·

403 2480 473 2532 simo
491 2479 601 2550 aliquae
621 2479 749 2534 inductae
769 2485 834 2534 sunt
853 2481 1022 2534 mutationes
1040 2481 1112 2553 quod
1132 2481 1166 2534 ad
1185 2498 1266 2535 casus
1287 2483 1380 2551 Papae
1403 2499 1497 2537 reser-

402 2590 489 2640 vatos.
503 2614 537 2627 -
553 2586 611 2638 127.
625 2586 739 2656 Aliquid
760 2585 880 2656 speciale
900 2590 943 2641 est
962 2603 1011 2656 pro
1030 2586 1065 2640 iis
1082 2588 1238 2641 censui-atis
1258 2586 1304 2658 qui
1324 2589 1353 2640 in
1372 2589 1495 2642 articulo

402 2709 453 2748 scu
468 2693 598 2763 periculo
614 2695 712 2746 mortis
723 2697 878 2746 versantur.
891 2722 928 2734 -
942 2692 1000 2746 128.
1015 2693 1059 2746 Au
1078 2685 1258 2749 absolvantur
1276 2711 1410 2748 censurae
1423 2711 1496 2764 qna·

402 2815 463 2851 rum
482 2798 544 2868 quis
556 2796 745 2863 obliviscitur‚·
761 2813 884 2868 quasque
898 2797 1012 2867 proinde
1026 2815 1079 2853 uon
1099 2799 1239 2853 submittit
1255 2799 1426 2852 absolutioni
1445 2815 1495 2854 seu

402 2921 438 2958 an
456 2903 624 2956 concedatur
642 2903 782 2957 absolutio
800 2905 947 2958 indirecto.
968 2932 1002 2945 -
1024 2905 1082 2958 129.
1104 2905 1142 2958 De
1164 2905 1244 2959 modo
1266 2922 1315 2959 seu
1335 2906 1496 2960 1111111111-

401 3008 537 3078 pertiendi
557 3007 769 3062 absolutionem.
787 3038 823 3048 -
845 3009 902 3062 130.
924 3009 962 3063 De
982 3010 1158 3064 cautionibus
1176 3011 1278 3081 quibus
1296 3013 1496 3081 comprobatur

401 3131 526 3168 recessus
544 3115 736 3170 contumaciae
755 3115 784 3168 in
803 3115 978 3169 absolvendo.
994 3145 1028 3157 -
1050 3115 1108 3171 131.
1130 3117 1167 3170 De
1187 3133 1306 3170 censura
1324 3117 1495 3172 absolvenda

400 3221 483 3275 dubie
507 3221 631 3287 incursa,
650 3225 700 3275 aut
724 3221 818 3293 alique
838 3227 955 3292 urgente
982 3223 1016 3278 de
1036 3241 1128 3291 causa,
1146 3229 1226 3279 extra
1245 3224 1379 3292 ordinem,
1398 3225 1495 3284 absol·

400 3327 505 3395 venda,
523 3343 572 3382 seu
591 3326 624 3382 de
642 3328 817 3383 absolutione
836 3331 873 3382 od
894 3330 1042 3384 cautelam.

404 3524 475 3589 119.
500 3523 595 3588 Modo
626 3524 756 3609 aliquid,
780 3527 812 3589 iu
837 3529 953 3612 speeie,
978 3531 1121 3611 praestat
1143 3527 1302 3612 dispicere
1325 3527 1366 3592 de
1398 3527 1493 3594 atreo-

311 3648 432 3714 latione
455 3668 477 3713 a
498 3651 662 3725 censuris;
687 3651 810 3715 seilicet
832 3650 987 3715 nonnulla
1016 3651 1163 3716 recolere
1186 3671 1269 3736 quae
1292 3653 1325 3716 iu
1349 3657 1494 3716 anteces

312 3795 381 3838 sum
404 3773 575 3848 innuimus,
601 3793 701 3858 eaque
724 3775 820 3838 latius
844 3775 1029 3860 explanare.

401 3898 573 3983 Inprimis
597 3905 767 3982 autequam
791 3899 945 3964 absolutio
970 3899 1074 3973 detur,
1095 3898 1285 3965 advertatur
1306 3919 1350 3964 an
1374 3919 1429 3966 res
1452 3903 1494 3966 sit

312 4021 351 4086 de
375 4041 513 4087 censura
528 4022 734 4089 absolvendo
756 4043 797 4086 au
821 4028 926 4109 potius
949 4025 989 4091 de
1012 4044 1116 4111 poena
1132 4024 1375 4108 dispensando.
1393 4025 1494 4112 Siqui-

310 4197 461 4268 exquirunt
478 4197 576 4252 iudicis
595 4214 777 4267 consensum,-
795 4199 835 4253 ita
859 4201 1021 4255 Thesaurus
1041 4201 1059 4254 l.
1079 4219 1102 4255 o.
1118 4201 1179 4268 25;
1198 4200 1248 4256 sed
1270 4199 1324 4257 hoc
1343 4203 1494 4257 1111111111-

310 4307 357 4357 tur
375 4305 575 4372 necessarium
594 4306 660 4376 quia
675 4305 763 4359 dilata
775 4306 860 4361 debiti
875 4307 1069 4376 praestatione,
1083 4309 1203 4363 matoria
1215 4308 1319 4376 delicti,
1332 4309 1424 4380 quoad
1438 4313 1493 4364 ter·

309 4410 415 4465 minum
434 4415 517 4466 antea
536 4412 743 4482 praestitutum,
765 4415 898 4467 artfertur.
