3290 5100
309 274 375 340 476
831 295 916 345 raas
939 296 962 342 1.

308 420 341 482 et
363 436 521 501 quaenam
543 419 671 504 scripta
694 419 770 484 huic
793 417 857 504 legi
874 419 1015 494 subsiut;
1039 418 1151 484 sedin
1175 437 1272 484 unam
1296 423 1329 484 et
1351 419 1488 484 alteram

309 547 435 627 partem
457 541 604 608 incidunt
627 543 784 628 quaedam
808 543 1032 610 dubitationes.
1332 503 1336 512 Ι

400 667 464 732 Nos
487 667 643 734 claritatis
666 669 772 754 gratia
795 669 950 752 primam
973 669 1111 736 4444444444
1140 674 1265 755 partem
1298 670 1492 734 remittimus

310 793 542 878 expediendam
570 796 602 858 in
633 793 839 879 subsequenti
870 814 1016 860 numero.
1041 795 1138 860 Modo
1167 795 1313 862 breviter
1343 795 1493 860 atteram

310 916 518 1002 explicamus.

401 1043 549 1106 lamroro
569 1042 715 1125 praeuia
739 1063 877 1108 censura
894 1045 1027 1128 respicit
1048 1047 1117 1109 tum
1141 1041 1245 1110 libros
1266 1047 1334 1108 tum
1350 1041 1491 1124 scripta.

311 1166 380 1230 Iam
405 1165 636 1250 explicavimus
653 1166 727 1250 quid
745 1169 854 1232 veniat
877 1169 1006 1232 nomine
1022 1167 1101 1233 libri
1116 1173 1150 1233 et
1167 1168 1294 1250 scripti.
1312 1165 1375 1252 (Cl.
1392 1185 1494 1252 supra

311 1311 342 1355 u.
368 1290 457 1379 344).
481 1291 578 1356 Modo
609 1292 804 1375 quaestionis
835 1297 884 1358 est
914 1312 955 1356 an
983 1291 1046 1358 hac
1068 1294 1142 1378 lege
1173 1292 1494 1378 comprehendantur

313 1416 415 1483 libelli
434 1416 611 1499 periodici,
636 1437 772 1502 quorum
796 1417 914 1503 singuli
937 1417 1083 1484 fasciculi
1107 1417 1310 1483 destinantur
1333 1422 1370 1483 ut
1392 1437 1494 1482 uuum

312 1560 391 1626 opus
422 1538 592 1626 perficiant
616 1561 673 1606 seu
699 1543 924 1607 tractationem
955 1542 1187 1629 theotoqicum,
1212 1542 1427 1609 canonicum.
1451 1543 1496 1608 Et

312 1683 377 1729 non
394 1664 574 1730 dubitamus
590 1685 738 1731 asserere
754 1665 933 1730 huiusmodi
952 1665 1078 1731 libellos
1095 1664 1205 1752 (vulgo
1220 1665 1345 1746 ridicle,
1359 1665 1495 1755 r·eques)

313 1789 376 1854 hac
400 1789 473 1876 lege
497 1790 740 1874 comprehendi,
757 1791 803 1856 uti
820 1792 971 1875 opinatur
995 1790 1034 1856 cl.
1060 1791 1309 1864 Vermeerschs,
1331 1809 1367 1872 p.
1386 1791 1437 1862 91,
1462 1793 1496 1854 et

313 1915 451 1982 Geuicot
474 1915 494 1980 l.
512 1936 539 1980 c.
560 1935 594 1980 44.
620 1915 701 1982 458.

404 2034 574 2100 Librorum
604 2037 785 2102 mulcatum
813 2035 896 2121 quod
927 2038 1061 2120 spectat,
1093 2035 1159 2101 late
1190 2039 1279 2121 patet
1308 2034 1497 2120 prohibitio,

314 2163 389 2245 quia
403 2162 600 2247 subsequens
616 2161 713 2228 dictio
732 2161 886 2228 «aliosve
903 2161 1098 2226 huiusmodi
1112 2161 1291 2248 reliqioaus
1306 2167 1367 2227 aut
1383 2181 1499 2228 mora·

315 2285 362 2350 tes
385 2285 584 2369 disciptinas
605 2285 826 2368 respiciunt»
852 2284 1059 2370 amplectitur
1081 2283 1182 2349 libros
1205 2286 1260 2368 qui
1278 2287 1412 2371 proprie
1430 2305 1499 2350 non

312 2414 465 2484 tractant,
482 2431 578 2476 sensu
602 2411 724 2485 stricto
742 2415 855 2495 utputa
878 2411 1055 2479 historiam
1073 2387 1334 2478 ecclesiasticum
1359 2415 1392 2474 et
1416 2409 1501 2475 alias
1627 2491 1628 2496 Ἰ

314 2533 500 2618 disciplinas
532 2535 564 2598 in
594 2535 732 2601 articulo
764 2553 919 2620 expresse
950 2534 1149 2620 indigimus,
1181 2531 1238 2598 sed
1270 2532 1321 2598 his
1351 2533 1501 2617 pressius

315 2656 483 2733 accedunt,
501 2659 613 2741 quales
632 2681 649 2722 «
667 2663 831 2725 tractatus
854 2659 896 2724 dc
918 2657 1020 2724 rebus
1035 2656 1202 2743 tilurpicis
1225 2662 1258 2722 et
1278 2656 1321 2722 de
1336 2656 1414 2722 iure
1435 2675 1502 2721 na·

316 2781 443 2864 narati3
472 2782 561 2848 ottae
591 2801 768 2850 seruorum
792 2782 875 2865 Dei;
903 2781 982 2848 44444
1005 2781 1065 2866 qui
1094 2801 1139 2848 em
1161 2781 1313 2847 instituto
1338 2779 1504 2862 referunt

314 2905 409 2988 factu
427 2907 631 2992 prodipiora
654 2926 743 2992 quoe
758 2925 788 2971 v.
805 2926 837 2992 p.
862 2907 900 2970 444
924 2905 1040 2992 aliquo
1063 2905 1261 2971 sanctuario
1285 2903 1500 2990 coatinpunt,
1627 2899 1628 2988 3

317 3027 395 3094 libri
418 3030 477 3116 qni
499 3051 545 3097 em
566 3031 717 3098 instituto
741 3029 867 3098 morati
889 3031 941 3096 oct
963 3029 1123 3116 retipioso
1146 3048 1218 3096 44444
1239 3047 1334 3093 mere
1358 3046 1503 3094 oecono-

274 3211 277 3216 .
316 3157 403 3224 mico
426 3156 479 3222 cel
501 3155 636 3238 politico
662 3159 809 3220 tractant
831 3153 1037 3220 descientia
1063 3153 1192 3236 sociati,
1211 3157 1301 3236 putu
1324 3171 1502 3219 commen-

318 3280 421 3346 tando
446 3279 663 3364 Eurycltcom
681 3278 724 3344 de
746 3275 937 3344 conditione
957 3275 1153 3360 opificum»
1178 3276 1223 3340 ita
1245 3275 1502 3348 Vermeerschs‚

315 3427 350 3490 p.
368 3406 418 3472 91
436 3405 484 3470 of.
500 3401 744 3486 Pennacchip.
761 3401 836 3468 225
852 3407 982 3487 seqt
940 3403 1046 3466 Etiam
1065 3421 1275 3466 romanenses
1291 3401 1505 3466 narrationes

318 3531 429 3619 (vulgo
451 3513 635 3614 Romanai)
661 3529 689 3593 si
716 3528 865 3594 morales
891 3532 947 3592 aut
969 3526 1149 3614 retipioaus
1171 3521 1372 3608 disciptinas
1394 3526 1503 3611 respi-

318 3659 415 3737 ciant,
439 3658 501 3720 ista
523 3655 596 3740 lege
620 3659 734 3720 tenent
720 3659 784 3720 tur.

407 3779 583 3852 Articulus‚
608 3798 703 3862 quem
727 3773 822 3840 modo
850 3781 1115 3849 commentamur,
1148 3774 1425 3858 desumptust
1361 3774 1436 3849 fuit,
1459 3771 1504 3838 ad

317 3905 456 3986 literam,
481 3903 660 3970 eDecreto
686 3903 736 3966 Pii
760 3901 809 3966 lX
832 3899 888 3965 die
910 3899 936 3964 2
960 3899 1037 3964 Iun.
1058 3898 1157 3972 1848,
1182 3898 1269 3966 edito
1294 3916 1354 3983 pro
1378 3895 1504 3962 ditione

319 4029 491 4097 Pontificia
507 4029 609 4111 Civili,
626 4029 706 4093 ast
698 4049 731 4092 m
755 4027 811 4092 illo
826 4044 983 4111 expressa
998 4025 1121 4089 mentio
1140 4025 1193 4090 rel
1215 4024 1259 4090 de
1276 4022 1373 4090 444444
1389 4023 1445 4088 vel
1459 4023 1506 4089 de

319 4156 453 4240 scriptis
468 4175 533 4220 non
549 4159 624 4219 cont
611 4151 792 4227 tinebatur;
811 4157 843 4216 et
829 4148 911 4216 tubi
929 4148 1024 4214 hodie
1039 4148 1177 4234 legimus
1192 4148 1320 4231 44444444
1336 4149 1384 4212 ita
1399 4167 1504 4212 enun-

319 4279 425 4346 ciebat
412 4285 467 4345 tur
490 4277 673 4365 prohibitio:
700 4295 777 4342 «uc
798 4274 989 4362 peneratim
1015 4273 1183 4354 (censores
1205 4271 1334 4337 solliciti
1356 4273 1436 4360 sint)
1409 4271 1507 4338 tdc

320 4405 536 4474 omnibusne
559 4403 682 4489 quibus
712 4399 889 4487 retiqionis
912 4401 963 4466 oet
993 4418 1129 4465 morum
1157 4397 1341 4465 honestatis
1367 4396 1507 4481 specia-
