3296 5108
326 291 392 358 426
847 310 931 358 raas
955 311 978 356 1.

324 437 486 506 catholici.
501 439 650 522 proponit
665 437 770 522 legem
787 435 925 516 facilem,
943 441 1055 501 vetere
1072 434 1223 507 emollita,
1241 441 1274 502 et
1289 445 1363 522 apte
1379 455 1506 502 accom-

324 560 483 626 modatam
496 561 702 648 temporibus
716 560 924 646 eamdemque
937 560 1091 647 subrogat
1107 561 1255 626 omnibus
1269 561 1394 648 legibus
1406 569 1508 628 antea

324 687 386 752 hae
409 686 449 752 de
474 707 510 752 re
533 687 635 759 editis,
652 685 772 752 eisdem
788 707 806 751 e
822 687 927 752 medio
943 686 1092 762 sublatis;
1116 687 1172 753 sed
1195 685 1292 752 finem
1316 707 1379 752 non
1404 689 1506 752 attin-

323 819 417 898 geret
432 815 459 878 si
482 815 622 879 intactae
646 819 899 899 perseverarent
921 813 1169 880 consuetudines
1191 815 1415 899 particulares.
1435 814 1509 880 Has

323 955 403 1000 rero
419 937 677 1022 reprobaverant
693 939 842 1024 Episcopi
858 938 1001 1002 universi
1018 932 1230 1022 efflagitantes
1249 958 1337 1005 noco
1355 940 1507 1005 decreta.

325 1059 434 1134 Quare
457 1079 735 1146 supervacaneum
748 1074 820 1126 erat
836 1059 876 1125 de
892 1059 1003 1126 iisdem
1019 1061 1215 1126 mentionem
1230 1061 1359 1135 lacere;
1377 1066 1411 1127 et
1426 1063 1509 1126 satis

325 1183 386 1249 luit
401 1185 596 1269 exprimere,
614 1183 793 1250 catholicos
817 1184 968 1250 homines
993 1183 1092 1250 totius
1109 1182 1201 1250 orbis
1216 1183 1290 1249 inde
1314 1183 1453 1270 obligari
1471 1193 1508 1250 ut

326 1309 476 1394 religiose
488 1315 648 1393 pareant.
666 1311 716 1375 Ita
738 1315 828 1374 tenet
851 1310 946 1373 etiarn
971 1309 1011 1373 cl.
1030 1309 1173 1374 Gennari
1197 1309 1218 1373 t.
1235 1329 1262 1374 o.
1276 1327 1358 1394 pap.
1383 1310 1457 1390 19(
1484 1311 1506 1394 ).

415 1431 476 1497 Sed
500 1433 651 1498 convenit
672 1430 757 1518 apud
780 1451 892 1496 omnes
909 1433 1101 1504 canonistas,
1119 1431 1215 1497 hodie
1235 1434 1398 1497 neminem
1416 1434 1507 1496 iuro·

326 1573 402 1618 care
433 1571 526 1638 posse
558 1555 795 1639 exemptionem
827 1554 1003 1639 aRegulis
1027 1554 1156 1635 indicis,
1181 1573 1275 1638 quam
1307 1553 1509 1619 invocabant

326 1677 501 1743 nonnullae
524 1685 647 1764 gentes,
673 1678 772 1744 veluti
789 1679 887 1764 Angli
910 1677 969 1765 (2).
987 1679 1034 1746 Cf.
1053 1680 1284 1745 Vermeersch.
1310 1681 1329 1744 l.
1348 1699 1375 1746 c.
1389 1699 1426 1762 p.
1444 1678 1506 1746 38.

326 1803 513 1870 Pennacchi
539 1803 723 1870 Commeat.
749 1805 785 1870 ia
809 1805 898 1870 hooc
922 1805 1033 1872 const.
1058 1823 1129 1889 pag.
1154 1804 1209 1870 26.

410 2939 449 3008 (l)
471 2937 587 2993 Proinde
601 2937 682 2993 hodie
695 2939 746 3004 ius,
757 2938 808 2992 hac
822 2940 855 2994 de
869 2955 898 2994 re
911 2941 1019 3009 vigens,
1026 2941 1179 3011 positivum
1192 2940 1353 2994 continetur
1368 2941 1396 2992 in
1407 2939 1505 2994 Const.

322 3063 340 3100 c
356 3046 546 3117 officiorum»
571 3049 600 3100 et
624 3045 943 3100 incensationem
968 3057 994 3100 et
1017 3047 1138 3117 prouida
1158 3061 1182 3098 a.
1208 3045 1309 3099 Bened.
1332 3045 1409 3109 XIV,
1434 3063 1508 3116 quas

323 3153 351 3206 in
371 3149 530 3220 Appendice
549 3151 708 3205 referemus.
729 3149 809 3206 Unde
828 3156 893 3204 suut
912 3151 1017 3205 abolita
1036 3148 1093 3203 alia
1112 3155 1219 3204 statuta
1237 3149 1393 3218 generalia,
1413 3151 1506 3204 veluti

323 3258 450 3328 Repuloe
463 3257 568 3310 laudicia
582 3257 655 3309 iussu
669 3255 695 3309 S.
710 3257 739 3309 C.
753 3256 909 3312 Tridentini
922 3257 1029 3320 editae;
1039 3284 1053 3297 ·
1067 3257 1278 3310 Observationes
1291 3255 1428 3311 Clement.
1441 3257 1505 3311 Vlll

324 3361 358 3415 ed
378 3362 445 3432 Reg.
467 3379 493 3417 ιν
513 3369 543 3417 et
562 3377 604 3426 1x3
623 3367 652 3416 et
671 3363 822 3418 Alexandri
843 3363 891 3417 Vll
912 3363 945 3417 ad
966 3363 1035 3433 Reg.
1053 3381 1083 3428 x;
1104 3362 1254 3417 Instructio
1273 3361 1409 3416 Clement.
1425 3361 1507 3426 Vlll;

322 3477 351 3524 et
370 3469 490 3524 Decreta
515 3469 641 3523 Benedic.
661 3466 726 3521 xlv
747 3467 780 3522 de
806 3468 885 3522 libris
912 3467 1059 3538 prohibitis
1085 3485 1135 3524 uec
1160 3469 1189 3521 in
1214 3466 1307 3522 Indice
1333 3467 1503 3523 nominatim

323 3577 475 3646 expressim
487 3577 595 3630 Manita
608 3576 634 3628 S.
645 3575 674 3628 G.
689 3576 796 3641 Indicis,
810 3576 884 3631 edita
896 3576 941 3630 die
956 3579 978 3628 5
997 3575 1202 3640 nrartii1828,·
1225 3575 1245 3628 7
1264 3576 1388 3629 ianuarii
1402 3575 1504 3630 1836.-

323 3685 487 3738 Mandatum
500 3683 602 3738 Leonis
615 3681 664 3736 ΧΠ
684 3682 808 3737 additum
829 3682 946 3738 Decreta
965 3683 991 3735 S.
1005 3683 1091 3752 Cong.
1106 3681 1150 3737 die
1168 3681 1211 3736 26
1229 3682 1325 3736 aeartii
1340 3681 1424 3734 1825
1431 3701 1440 3748 ,·
1453 3687 1506 3738 act·

323 3791 390 3843 alitio
409 3789 558 3842 novissima
576 3805 612 3844 ex
631 3787 723 3841 Const.
743 3790 839 3858 Apost.
861 3789 922 3842 Sed.
944 3787 986 3841 Pii
1006 3787 1055 3841 IX.

411 3895 452 3962 (2)
471 3893 497 3948 S.
517 3895 602 3964 Cong.
622 3894 722 3948 Indicis
743 3896 790 3949 die
808 3895 850 3947 23
874 3897 945 3949 Maii
965 3895 1045 3948 1898
1069 3895 1283 3964 interrogata(
1302 3896 1401 3948 Utrum
1427 3896 1504 3948 elicto

326 4001 484 4054 Constitraio
503 4003 560 4052 eim
578 3999 722 4069 obligandi
739 4001 838 4054 lateat
850 4001 934 4054 etiam
943 4016 999 4069 pro
1012 4001 1174 4070 regionibus
1188 4001 1339 4056 britannici
1352 4001 1502 4065 idiomatis,

323 4125 391 4177 quas
410 4109 495 4162 tacita
512 4109 718 4178 dispensatione
736 4111 798 4178 frui
816 4111 931 4177 quidam
954 4105 1149 4162 arbitrantur?
1167 4121 1185 4164 t
1203 4106 1359 4176 respondit:
1380 4121 1397 4158 c
1418 4107 1505 4176 Affir-

323 4217 426 4269 matioe
443 4233 468 4268 r.
489 4213 592 4267 Tamen
612 4231 628 4268 a
648 4213 674 4266 S.
693 4213 779 4281 Cong.
807 4212 840 4267 de
866 4211 949 4282 Prop.
974 4213 1003 4266 F.
1029 4211 1136 4280 amplas
1160 4211 1311 4266 facultates
1332 4212 1420 4267 fuisse
1438 4227 1505 4266 con·

324 4335 414 4374 cessas
433 4319 576 4388 Episcopis
594 4318 715 4388 Angliae
735 4317 861 4388 vulgavit
873 4295 1063 4388 ephemerides
1076 4345 1090 4359 ·
1109 4317 1164 4374 Tlta
1182 4318 1279 4372 Tallet
1293 4317 1381 4372 -diei
1393 4315 1431 4370 18
1444 4317 1502 4372 De-

324 4428 408 4480 cemt.
428 4425 511 4494 1891,
530 4427 609 4480 cuius
627 4426 776 4480 articulum
795 4425 883 4481 latine
902 4425 1039 4482 redditum
1058 4426 1145 4481 refert
1165 4423 1355 4481 Vermeersch.
1377 4426 1396 4478 l.
1416 4445 1438 4480 c.
