3302 5100
305 272 370 338 570
690 223 693 232 ⁴
755 289 963 341 mascaron
986 290 1033 338 ιν.

305 413 432 482 prodesse
451 429 529 484 posse
548 413 736 483 discognatur,
755 413 800 468 vel
819 419 961 469 auctorem
975 414 1065 484 ipsum
1079 429 1157 468 suam
1170 430 1284 468 caussam
1296 415 1369 469 tueri
1382 413 1485 470 rolen-

304 525 360 577 tem
378 522 483 586 audiat,
501 521 546 578 vel
559 539 644 576 uuum
661 539 695 577 ex
708 520 914 578 consultoribus
926 521 1062 592 designet,
1075 523 1122 593 qni
1135 539 1173 577 esc
1185 521 1274 593 officio
1285 523 1378 592 operis
1389 528 1487 592 patro·

304 628 406 682 ciuium
425 627 830 704 defensionemquaquscipiat

393 739 410 801 ἓ
432 736 473 792 ll.
492 734 728 797 Quemadmodum
746 751 813 790 vero
832 735 879 789 nbi
899 734 933 790 de
951 735 1178 804 Congregatione
1198 735 1289 790 sancti
1307 734 1397 789 Officii
1416 752 1486 806 age-

301 844 408 909 bamus,
427 843 516 899 eidem
535 858 585 896 nos
603 857 713 912 semper·
730 843 915 898 interfuturos
933 844 1098 912 recepimus,
1111 843 1340 914 quotiescumque
1351 843 1387 898 de
1398 841 1485 907 libro,

304 948 382 1002 cuius
405 949 523 1002 materia
547 947 686 1018 gravioris
710 947 845 1004 momenti
870 948 921 1014 sit,
940 946 1073 1002 iodicium
1096 952 1215 1018 spatum
1234 946 1306 1019 quod
1324 947 1380 1002 erit
1398 948 1482 1002 nobis

302 1054 482 1121 facillimum,
500 1071 585 1126 quum
611 1053 707 1109 eadem
728 1051 917 1124 congregatio
935 1053 1063 1125 quelibet
1080 1055 1152 1110 feria
1170 1054 1270 1126 quinta
1287 1069 1381 1108 coram
1401 1055 1485 1107 nobis

303 1160 455 1227 habeatur,
480 1162 521 1216 sic
545 1169 574 1216 at
597 1161 698 1216 indicis
722 1161 941 1232 Congregationi
967 1162 1155 1231 praesentiam
1177 1166 1301 1216 nostram
1319 1161 1484 1228 impendere

303 1270 395 1338 parati
413 1285 516 1336 sumus,
534 1270 644 1340 quoties
662 1269 703 1324 rei
723 1269 848 1339 gravitas
865 1269 894 1323 id
912 1271 1065 1339 promereri
1086 1269 1235 1325 ridebitur.
1249 1268 1346 1340 Neque
1365 1269 1441 1324 enim
1454 1269 1483 1322 id

303 1389 371 1443 opus
388 1391 448 1430 esee
467 1374 613 1430 dicendum
631 1379 683 1440 est,
701 1391 787 1446 quum
806 1374 850 1429 vel
870 1373 1005 1429 haeretici
1024 1373 1145 1429 hominis
1154 1373 1227 1430 liber
1245 1374 1440 1440 denuncietur,
1453 1375 1484 1426 in

303 1497 357 1552 quo
367 1487 466 1536 auctor
473 1499 581 1539 errores
592 1481 731 1538 catholico
740 1482 864 1552 dogmati
877 1482 1056 1538 adversantes
1068 1481 1197 1537 consulto
1210 1482 1296 1536 tradit
1308 1489 1359 1535 aut
1371 1487 1486 1547 tuetur;

302 1586 347 1642 vel
366 1603 435 1657 opus
452 1589 565 1660 aliquod
584 1589 613 1643 iu
631 1605 747 1644 examen
767 1588 922 1654 adducitur,
939 1604 995 1659 quo
1014 1591 1108 1644 rectae
1127 1603 1234 1642 morum
1257 1587 1374 1657 regulae
1398 1587 1484 1642 labe·

302 1696 453 1762 iactantur,
471 1713 504 1750 ac
523 1697 599 1750 vitiis
617 1701 646 1750 et
664 1695 831 1764 corruptelis
847 1696 973 1750 tomenta
992 1696 1169 1764 praebentur.
1183 1694 1214 1749 ln
1226 1691 1271 1748 his
1282 1695 1356 1749 enirn
1370 1695 1485 1748 casibus

302 1819 337 1857 ne
362 1802 426 1858 illas
450 1803 575 1875 quidem,
594 1820 663 1874 quaa
687 1820 771 1873 supra
795 1803 971 1874 scripsimus,
988 1803 1178 1860 accuratiores
1202 1801 1328 1858 anulos
1346 1801 1485 1858 adhibere

303 1927 415 1968 necesse
433 1913 501 1976 erit3
520 1911 568 1967 sed
587 1910 730 1968 haeretico
747 1911 888 1981 dogmate,
906 1911 951 1966 rel
971 1927 1057 1980 praro
1076 1912 1161 1966 moris
1184 1911 1369 1965 incitamento
1393 1910 1483 1966 semel

303 2023 453 2089 comperto,
475 2018 687 2089 proscriptionis
703 2017 846 2074 decretum
865 2017 943 2073 illico
961 2017 1141 2073 sanciendum
1159 2017 1230 2083 erit,
1248 2017 1328 2071 iuxta
1346 2017 1487 2086 primam,

302 2124 451 2180 secundam
468 2130 498 2182 ot
511 2125 658 2194 septimam
671 2125 772 2180 Indicis
785 2124 908 2194 Regulos
921 2125 1091 2179 sacrosancti
1105 2123 1262 2178 Tridentini
1274 2123 1388 2177 concilii
1401 2125 1482 2178 iussu

302 2229 392 2286 editas
410 2235 494 2302 atque
512 2230 651 2300 vulgatas.

391 2339 409 2402 ὅ
431 2336 471 2390 12
493 2335 562 2390 Cum
582 2337 611 2392 in
631 2335 811 2406 praelaudata
835 2336 1060 2406 Congregatione
1078 2337 1168 2390 sancti
1187 2335 1277 2390 Officii
1295 2335 1484 2391 severissimis

302 2441 411 2512 legibue
435 2447 546 2498 cautum
572 2445 624 2508 sit,
643 2460 678 2499 ne
701 2443 734 2499 de
754 2446 836 2500 rebus
854 2443 977 2499 eiusdem
996 2443 1231 2514 congregationis
1249 2443 1396 2515 quisquam
1417 2460 1483 2498 cum

301 2547 359 2604 alio
377 2555 457 2604 extra
475 2549 554 2604 illam
573 2550 717 2622 loquatur·;
736 2566 786 2606 nos
805 2549 878 2604 hanc
896 2550 1021 2604 eamdem
1039 2551 1145 2606 silentii
1165 2549 1257 2620 legem
1272 2566 1290 2603 a
1302 2549 1486 2616 relatoribus,

301 2655 507 2711 consultoribus
519 2661 548 2712 et
561 2656 754 2712 cardinalibus
765 2657 999 2727 Congregationis
1011 2656 1113 2712 Indicis
1124 2655 1257 2726 religiose
1270 2655 1482 2711 custodiendam

301 2763 493 2831 praecipimus
507 2761 585 2816 Illius
596 2767 691 2816 tamen
704 2763 857 2817 secretario
867 2768 1035 2833 potestatem
1044 2763 1173 2828 iacimus,
1183 2768 1215 2818 ut
1224 2761 1485 2818 animadversiones

301 2868 330 2924 in
349 2868 437 2924 libros
454 2884 589 2924 censurae
606 2868 755 2934 subiectos,
773 2883 869 2922 eorum
888 2869 1059 2933 auctoribus,
1078 2868 1124 2923 vel
1142 2868 1207 2924 aliis
1231 2868 1345 2923 illorum
1366 2871 1484 2924 nomine

301 2977 451 3046 agentibus
468 2981 498 3031 ct
517 2975 731 3045 postulantibus,
749 2977 799 3029 sub
819 2974 916 3030 eadem
935 2975 1039 3032 decreti
1061 2975 1125 3045 lege
1149 2975 1356 3030 communicare
1381 2981 1484 3046 quest3

302 3083 456 3152 suppressis
474 3097 583 3152 semper
600 3081 807 3137 denunciatoris
825 3082 1002 3154 censorisque
1020 3083 1186 3138 nominibus

390 3193 408 3256 ς
420 3187 461 3244 13.
472 3189 668 3244 Examinandis
677 3189 904 3261 corrigendisque
913 3189 993 3244 libris
1003 3195 1209 3260 peropportuna
1217 3195 1292 3254 sunt,
1302 3205 1374 3261 quaa
1383 3189 1482 3245 decem

303 3295 419 3366 Regulis
437 3296 536 3351 Indicis
553 3313 571 3350 a
584 3297 709 3366 patribus
727 3295 907 3352 Tridentinae
925 3296 1024 3368 synodi
1043 3297 1178 3352 confectis
1196 3301 1281 3368 atque
1293 3296 1377 3352 editis
1388 3299 1483 3352 conti·

302 3408 412 3458 nentur.
430 3404 461 3458 ln
480 3403 664 3458 instructione
681 3409 776 3459 autem
794 3403 885 3458 felicis
902 3403 1103 3459 recordationis
1121 3403 1274 3460 Clementis
1292 3403 1386 3473 Papae
1404 3404 1482 3474 Vlll,

301 3507 405 3562 eisdem
422 3507 538 3578 Regulis
556 3507 680 3572 adiecta,
704 3507 754 3561 Tit.
773 3508 809 3562 de
828 3511 1002 3561 correctione
1021 3508 1161 3561 librorum
1179 3512 1198 3573 5
1216 3507 1259 3574 V.,
1278 3507 1426 3578 Episcopis
1453 3516 1485 3564 et

301 3614 513 3686 inquisitoribus
538 3629 606 3668 cura
623 3614 816 3678 committitur,
836 3619 867 3667 ut
885 3613 919 3668 ad
937 3613 1071 3668 librorum
1091 3613 1258 3670 edendorum
1276 3630 1395 3670 examen
1413 3631 1483 3687 spe·

302 3733 391 3778 matus
405 3727 518 3794 pietatis
537 3733 564 3777 ct
581 3723 725 3777 doctrinae
743 3723 819 3774 uiros
837 3723 994 3786 adhibeant,
1011 3724 1048 3776 ds
1066 3739 1187 3793 quorum
1204 3722 1262 3791 fide
1276 3733 1302 3776 ct
1319 3724 1484 3792 intepritnte

301 3832 354 3884 sibi
376 3829 512 3899 polliceri
537 3837 653 3898 queant,
671 3827 743 3881 nibil
771 3843 817 3881 eoa
839 3829 950 3896 proriae
974 3827 1106 3895 daturos,
1128 3828 1202 3881 nibil
1226 3830 1305 3891 odio,
1329 3832 1379 3880 sed
1402 3829 1483 3880 omni

301 3939 423 3992 humano
446 3937 547 4007 affectu
567 3935 737 4005 posthabito,
758 3933 810 3987 Dei
832 3935 977 3987 dumtaxat
996 3933 1121 4002 plor-iam
1142 3943 1316 4004 spectaturos
1338 3943 1364 3987 et
1381 3933 1481 4002 fidelis

299 4042 400 4113 populi
418 4041 574 4096 utilitatem.
595 4039 645 4093 llis
663 4055 745 4110 porro
763 4038 916 4093 virtutibus
934 4038 1076 4109 animique
1101 4038 1229 4104 dotibus,
1247 4040 1270 4092 si
1288 4053 1345 4093 non
1370 4037 1482 4103 maiori,

302 4155 332 4205 at
356 4150 416 4218 pari
439 4153 515 4204 certe
540 4149 573 4203 de
597 4164 688 4214 causa,
714 4151 856 4216 praestare
880 4151 991 4215 oportet
1011 4144 1096 4200 buius
1115 4151 1227 4202 nostrae
1246 4145 1483 4216 Congregationis

302 4258 438 4312 reviseres
456 4260 485 4312 et
504 4254 683 4310 consultores.
702 4253 826 4324 Cumque
846 4268 893 4307 eos
912 4269 1018 4318 omues,
1036 4254 1085 4324 qui
1103 4269 1177 4308 nunc
1190 4251 1345 4307 huiusmodi
1360 4269 1481 4309 munera

301 4364 443 4428 obtinent,
470 4363 541 4418 tales
565 4377 624 4416 esse
648 4376 702 4415 non
728 4361 902 4429 ignoremus3
920 4359 1073 4430 optandum
1097 4359 1319 4430 sperandumque
1344 4365 1395 4426 est,
1423 4376 1482 4414 uon
