3312 5112
607 301 652 350 on
675 301 829 350 cantoris
853 303 896 350 sr
919 301 1039 351 rossus
1367 289 1409 354 13

229 447 424 512 poenarum,
460 447 516 492 eos
546 446 672 512 quoque
703 447 933 502 recensemus,
968 433 1152 494 asserentes
1185 447 1304 512 poenas
1335 448 1407 496 esse

227 552 389 639 legitimas
419 552 459 618 ob
488 553 658 618 solutores
690 551 892 617 corurudem
925 554 1081 636 effectum
1112 573 1250 637 namque
1280 573 1405 639 poenae

226 677 424 744 deterrendo
439 683 507 745 tum
523 678 556 741 in
572 677 822 742 comminatione
833 681 900 740 tum
916 677 949 742 in
966 677 1168 758 executione,
1188 679 1299 742 futura
1314 697 1404 762 prae·

224 808 345 866 carent
368 804 515 882 crimina,
539 807 611 888 post
626 803 750 866 crimen
766 822 846 867 vero
862 807 1025 886 patratum
1049 791 1236 869 restaurant
1255 802 1402 868 ordinem

223 927 438 992 materialiter
460 928 581 992 laesum
597 931 631 992 et
645 926 755 991 sedulo
772 947 891 992 curare
914 927 1086 994 intendunt
1108 929 1271 992 criminosi
1296 945 1400 993 emen·

221 1056 394 1121 dationem.
421 1090 439 1104 -
466 1056 614 1119 lamvero
637 1055 672 1118 hi
694 1059 727 1119 et
750 1056 872 1119 caeteri
896 1073 1007 1120 omues
1033 1073 1209 1138 poenarum
1241 1057 1399 1122 salutares

218 1175 355 1243 effectus
378 1177 440 1242 dici
463 1195 528 1240 non
552 1181 685 1261 possunt
703 1175 946 1248 fundamentum
971 1193 1158 1260 poenarum,
1183 1179 1257 1261 quia
1280 1179 1395 1244 subau-

218 1298 312 1364 diunt
327 1297 504 1382 legitimum
521 1315 698 1382 poenarum
715 1317 817 1377 usum,
834 1297 878 1360 uti
896 1297 1081 1382 legitimam,
1098 1317 1238 1362 causam.
1258 1333 1275 1347 -
1294 1299 1395 1364 Prae·

216 1429 309 1485 terea
332 1423 439 1485 omnia
461 1425 637 1507 systemata
660 1419 805 1486 utilitatis
829 1421 861 1484 iu
886 1421 947 1486 hoc
971 1423 1145 1506 praecipue
1168 1429 1291 1496 errant,
1318 1427 1394 1507 quia

218 1544 375 1610 directius
392 1551 540 1630 spectant
562 1545 602 1610 ad
626 1545 751 1613 bonum
766 1565 838 1640 ¹non
863 1545 910 1610 ad
932 1546 1012 1611 iura
1035 1545 1170 1620 civium;
1184 1551 1216 1610 et
1236 1546 1393 1614 indirecto

216 1673 339 1733 tantum
360 1668 440 1732 iuro
463 1665 633 1732 attendunt
658 1669 888 1732 universitatis.
913 1670 957 1732 At
979 1668 1069 1732 llaec
1106 1669 1178 1731 iura
1209 1667 1392 1735 innituntur

213 1791 338 1856 iuribus
358 1791 569 1877 singulorum,
591 1809 693 1874 quare
709 1790 952 1854 tundamentum
969 1809 1146 1874 poenarum
1162 1809 1226 1854 non
1243 1797 1291 1855 est
1307 1793 1390 1856 ratio

209 1916 377 1990 utilitatis,
403 1918 459 1984 sed
481 1919 574 1983 tuitio
597 1937 655 1984 seu
679 1917 822 1981 defensio
845 1917 985 1982 tumulo.

309 2043 360 2106 12.
385 2042 600 2117 Quamobrem
615 2042 796 2127 philosophi
813 2043 865 2124 qui
883 2061 925 2106 ex
941 2041 1062 2108 ordine
1084 2043 1220 2108 socialis
1241 2042 1388 2112 iustitiae

205 2167 400 2250 principium
424 2167 594 2234 desumunt
615 2165 788 2232 functionis
811 2166 975 2249 punitivee
998 2165 1135 2246 socialis,
1153 2167 1248 2232 ultius
1264 2173 1297 2232 et
1313 2169 1385 2234 soli-

204 2293 277 2358 dius
292 2299 415 2378 ponunt
429 2293 672 2358 fundamentum
688 2289 832 2356 aedilicio
849 2293 1027 2376 magisterii
1043 2293 1195 2377 poenalis.
1222 2293 1381 2378 Siquidem

205 2423 297 2482 actus
320 2418 489 2490 humanus,
507 2419 561 2502 qui
577 2436 687 2482 coram
708 2417 773 2480 Deo
798 2436 840 2480 ex
863 2416 975 2481 intima
999 2417 1181 2482 moralitate
1205 2417 1307 2484 bonus
1332 2427 1382 2485 est

203 2547 259 2609 aut
282 2543 401 2618 malus;
426 2543 587 2614 exterius,
613 2560 723 2605 coram
758 2541 929 2619 societate,
958 2539 1059 2604 bonus
1091 2545 1139 2604 est
1169 2547 1224 2605 aut
1243 2543 1379 2614 melus,
1426 2514 1433 2524 Ι

202 2663 381 2730 laudandus
396 2669 453 2729 aut
475 2662 664 2748 puniendus,
689 2661 799 2726 habita
823 2664 949 2726 rationo
973 2661 1095 2726 ordinis
1118 2663 1254 2727 socialis.
1281 2699 1299 2712 ·
1324 2666 1379 2730 ln-

199 2807 297 2871 quam
312 2806 358 2853 eor
369 2786 505 2852 ratione
520 2785 652 2852 ordinis
669 2784 813 2858 socialis,
832 2803 906 2846 nam
920 2783 1163 2848 fundamentum
1175 2785 1377 2866 premiorum

197 2915 339 2979 iustitiae
373 2915 538 2998 punitivae
561 2913 722 2978 humanae
746 2931 810 2976 non
835 2916 885 2976 est
907 2911 1036 2976 iustitio
1059 2909 1214 2976 absoluta
1237 2932 1295 2977 seu
1318 2933 1375 2978 ae·

195 3047 307 3114 rema,
331 3041 438 3125 prouti
465 3043 672 3103 autumarunt
698 3036 854 3108 nonnulli,
882 3035 938 3102 sed
962 3037 1028 3121 ipse
1045 3036 1130 3102 ordo
1154 3037 1300 3104 institiae
1326 3059 1375 3106 so-

192 3164 303 3245 cialis,
335 3165 388 3247 qui
411 3164 552 3228 vicissim
577 3162 722 3227 consistit
746 3163 778 3224 in
801 3160 915 3225 ordine
939 3161 1063 3229 morali,
1095 3182 1114 3224 a
1142 3161 1208 3226 Deo
1231 3160 1330 3230 veluti
1353 3185 1372 3227 a

191 3310 252 3355 suo
276 3293 410 3354 auctore
434 3288 559 3354 demum
585 3287 770 3373 repetendo.

283 3411 436 3494 Explosis
460 3411 550 3476 salsis
573 3410 746 3481 doctrinis,
771 3409 833 3474 lioc
857 3413 1000 3493 systema
1026 3408 1215 3474 solidissime
1239 3415 1271 3474 et
1294 3429 1369 3496 per·

185 3537 301 3620 spicue
316 3535 483 3620 explicare
499 3533 634 3600 intendit
647 3532 851 3618 Pellegrinus
868 3533 960 3598 Rossi
978 3535 1030 3616 qui
1047 3539 1155 3598 tamen
1173 3536 1368 3619 inponendo

185 3677 369 3743 poenarum
394 3657 602 3722 fundamento
625 3677 752 3720 omnem
775 3658 945 3722 veritatem
970 3662 1136 3721 assecutus
1160 3664 1289 3723 nonest
1309 3656 1364 3745 (l).

183 3780 333 3846 Ulterius
348 3781 413 3844 hoc
427 3785 570 3865 systema
593 3779 738 3864 perfecit,
755 3777 795 3844 ad
816 3779 942 3843 ultimas
966 3778 1128 3844 deducens
1144 3781 1366 3848 conclusiones

273 3989 314 4056 (l)
337 3988 511 4058 Pellegrinus
541 3987 620 4042 Rossi
646 3989 732 4042 edidit
759 3987 857 4058 lingua
882 3988 989 4043 Gallica
1014 4007 1094 4042 sunm
1120 4007 1187 4059 opus
1217 3991 1362 4046 Tractatus

177 4097 214 4150 clo
232 4097 299 4149 iura
315 4094 440 4164 poenali,
454 4111 478 4148 a.
496 4093 570 4147 1828.
581 4121 596 4134 -
615 4092 741 4158 Cei-rara,
751 4111 839 4162 nuper
850 4093 1004 4159 defunctus,
1017 4093 1167 4164 discipulus
1181 4095 1359 4166 Carmignani

176 4203 366 4272 (tros-1847)
386 4202 616 4271 praestantissimi
642 4200 830 4254 iurisconsulti
850 4202 879 4256 iu
897 4217 928 4256 re
947 4201 1072 4272 poenali,
1092 4202 1249 4272 praeclaras
1274 4203 1360 4258 edidit

173 4311 424 4374 elucubrationem
445 4309 473 4362 in
493 4309 588 4379 primis
616 4309 803 4379 Proprummo
825 4309 873 4362 dcl
899 4325 977 4364 corso
997 4312 1026 4364 cli
1050 4312 1150 4366 Diritto
1171 4311 1317 4365 criminale
1344 4339 1357 4352 ·

172 4423 252 4476 Part.
273 4419 345 4476 Gen.
365 4421 384 4472 2
403 4419 456 4473 rol.
477 4419 551 4474 Part.
572 4417 687 4488 special.
705 4419 723 4471 7
742 4417 796 4472 vol.
815 4418 886 4471 in-8.
907 4418 1007 4483 Lucoa,
1029 4419 1157 4474 1861-70.
