3290 5100
312 262 378 329 482
835 281 919 330 rsus
943 281 966 328 i.

309 408 461 474 adiuncta
474 413 507 473 ut
519 407 736 473 tantummodo
746 406 941 473 Ordinarius
948 406 1000 472 vel
1012 407 1075 472 loci
1086 407 1308 492 impressionis
1317 405 1367 470 vet
1380 409 1458 468 auct
1469 423 1503 467 o

311 533 357 596 ris
367 532 540 596 aestimare
551 531 650 615 possit
661 549 774 596 causas
786 531 945 616 legitimas
957 530 1191 616 suppressionis
1203 530 1356 602 nominis;
1368 532 1403 592 et
1419 533 1504 592 tunc

310 659 372 722 iste
387 655 592 738 Ordinarius,
609 676 646 720 re
661 675 822 742 perpensa
837 660 869 721 et
884 655 1072 728 deliberata,
1090 653 1210 742 pandat
1226 675 1321 720 suum
1336 653 1493 720 iudicium

310 741 469 866 tipiscopo
492 780 555 844 ioci
579 779 631 844 iii
654 779 737 845 iiior
761 779 877 856 editum
901 785 934 844 a
956 780 1011 846 hic
1034 778 1131 845 subii
1153 778 1339 844 rationabili
1362 778 1496 842 delibe-

309 905 426 969 rationi
449 904 584 970 alterius
600 903 768 970 Ordinerii
781 941 796 952 -
811 907 848 970 In
863 905 936 970 iure
953 909 1065 969 vetere
1080 925 1101 968 a
1116 903 1204 968 Trid.
1223 903 1334 974 cona,
1353 901 1443 968 Sese.
1462 899 1499 975 4,

309 1031 360 1097 De
371 1031 448 1096 edil.
462 1036 493 1096 el
504 1051 570 1096 usu
583 1029 643 1096 SS.
655 1029 838 1097 Librorum
851 1031 888 1094 in
898 1030 972 1114 dnn
987 1036 1020 1096 et
1030 1049 1050 1094 a
1062 1029 1162 1096 Clem.
1173 1030 1257 1096 viii
1271 1029 1322 1094 De
1333 1029 1499 1110 imprcrs.
1628 1023 1629 1046 *

309 1155 363 1222 lib.
388 1157 410 1238 ἓ
436 1156 463 1238 l,
489 1155 722 1240 exquirebantur
749 1159 893 1222 auctoris
922 1174 1047 1221 nomen
1070 1152 1257 1240 significari.
1283 1155 1337 1219 Ius
1360 1173 1497 1220 nauum
1628 1133 1629 1164 ¹

310 1281 452 1365 exquirit
465 1300 590 1347 nomen
605 1300 731 1366 quoque
749 1281 896 1347 Editorir
904 1300 918 1378 2'
934 1281 1051 1366 quippe
1066 1279 1130 1352 hic.
1147 1278 1314 1344 hodiernis
1331 1277 1499 1350 moribus,
1628 1275 1629 1282 '

309 1406 395 1490 gerit
417 1406 516 1472 veluti
540 1407 703 1490 integrum
725 1407 891 1490 negotium
910 1405 1164 1489 publicationis.
1215 1439 1221 1456 ·

400 1530 474 1595 ιιι.
500 1531 584 1596 ιιι.
610 1533 670 1596 44:
696 1550 714 1594 ‹
739 1496 906 1596 noverim
927 1530 1136 1616 typoprapni·
1158 1533 1190 1595 a
1212 1529 1359 1596 entiores
1382 1527 1498 1594 iia-0-

307 1675 388 1722 rum
403 1675 510 1721 nouas
525 1655 675 1721 eiusdem
691 1655 805 1738 operis
826 1654 1009 1739 approbati
1025 1654 1197 1736 editiones,
1213 1673 1340 1721 navam
1358 1672 1499 1736 appro-

310 1779 480 1846 bationem
509 1781 668 1867 eniperc5
692 1780 781 1847 hane
810 1781 953 1864 insuper
983 1781 1092 1848 tractui
1122 1780 1286 1867 oripinali
1314 1779 1495 1861 tributam,

310 1901 382 1970 eico
404 1903 441 1967 in
464 1903 561 1970 aliud
582 1903 712 1969 idioma
734 1903 883 1969 versioni
904 1923 975 1970 non
997 1903 1188 1990 sufflapari
1204 1925 1234 1966 i.
1301 1975 1308 1980 ,

398 2030 482 2095 Aur.
509 2030 569 2094 45:
597 2029 734 2096 «Libri
767 2029 810 2096 ab
832 2029 1028 2113 Apostolica
1059 2029 1147 2096 Sede
1176 2029 1335 2095 damnati
1363 2028 1493 2114 ubipee
1628 2039 1629 2042 ’

308 2150 460 2236 centium
482 2149 647 2234 prohibiti
677 2156 888 2234 censeantur,
920 2156 953 2217 et
981 2151 1018 2216 in
1042 2152 1280 2236 quodcumque
1314 2155 1499 2216 vertantur

309 2277 487 2343 idioma».

399 2404 473 2468 414.
499 2404 537 2467 In
561 2402 744 2468 articulum
758 2400 805 2466 44
819 2405 943 2466 tanturn
967 2421 1132 2485 quaerere
1149 2405 1305 2486 praestat
1322 2421 1366 2465 an
1382 2399 1495 2466 vasio

309 2524 423 2590 debeat
445 2524 616 2609 praeferre
639 2543 757 2588 nomen
779 2528 846 2589 turn
870 2525 1048 2590 auctorist
1050 2545 1101 2589 um
1127 2523 1333 2588 traducianis
1351 2523 1394 2588 Et
1414 2543 1496 2588 sane

309 2651 392 2716 haec
423 2654 471 2715 est
500 2651 635 2716 intentio
666 2649 757 2735 legis,
786 2649 1003 2724 nihilominus,
1029 2649 1133 2734 quoad
1163 2649 1320 2716 substant
1298 2655 1387 2730 t,iam
1413 2649 1494 2714 huic

309 2779 359 2840 sat
347 2774 465 2840 tisfacit
487 2777 540 2859 qui
564 2773 631 2840 edit
621 2779 673 2840 tae
695 2774 843 2841 versioni
870 2775 1040 2859 praeponit
1069 2779 1126 2839 tan
1128 2777 1196 2840 tuin
1220 2792 1337 2839 nomeu
1369 2773 1496 2838 tradu-

310 2900 420 2967 ctaris.
439 2899 486 2964 Cf.
503 2900 751 2974 Vernieerschs
765 2899 1153 2984 p.98.-Porraoersio
1172 2899 1345 2983 aliqnando
1362 2905 1498 2965 nonest

303 3021 422 3094 ridelis,
446 3023 500 3088 vel
522 3026 571 3087 est
586 3027 681 3088 aucta
704 3021 960 3089 adnotationibus
983 3023 1036 3088 vet
1052 3022 1134 3089 liber
1158 3029 1254 3088 nocet
1283 3021 1367 3107 apud
1392 3043 1495 3088 unum

309 3146 471 3232 populum,
489 3145 563 3211 dum
579 3145 662 3233 apud
678 3146 776 3211 alium
792 3151 926 3212 nonest
949 3145 1182 3233 reprobandus
1210 3146 1259 3213 cf.
1276 3146 1316 3212 cl.
1335 3147 1496 3221 Gennari

305 3289 389 3356 pap.
415 3272 465 3337 91.

399 3395 524 3462 Sedt
484 3417 510 3460 is
512 3401 564 3460 tae
588 3345 820 3480 prohibitiones
843 3401 981 3482 tangunt
1013 3396 1113 3461 libros
1144 3395 1303 3461 obnoxios
1337 3397 1498 3481 praeviae

310 3539 478 3593 censurae,
499 3541 564 3584 non
587 3520 668 3585 alios
690 3525 788 3606 agent
791 3540 825 3585 es
776 3521 889 3585 lde
913 3521 1057 3586 scientiis
1081 3541 1162 3606 pure
1186 3525 1242 3585 nat
1229 3519 1390 3586 turatibus
1414 3541 1498 3606 quos

309 3645 414 3708 viria
438 3642 528 3708 clero
551 3643 711 3708 saeculari
735 3643 833 3709 edere
856 3663 920 3708 non
944 3642 1071 3726 debent,
1096 3643 1291 3708 inconsultis
1315 3645 1383 3710 suis
1400 3643 1498 3710 Ordi-

308 3767 411 3831 niriis.
437 3767 484 3833 of.
510 3768 696 3832 Pennacchi
729 3769 749 3833 l.
778 3787 805 3834 ο.
833 3766 955 3832 2111.-
937 3768 1180 3854 -Praescript'
1173 3789 1202 3832 ιο
1233 3768 1328 3833 huius
1359 3767 1495 3832 articuli

308 3893 484 3959 nullimode
507 3893 646 3959 habebat
633 3900 686 3959 tur
709 3896 742 3958 iu
765 3895 836 3959 iure
860 3899 914 3959 vet
915 3913 982 3976 ere,
1005 3895 1122 3980 quippe
1150 3893 1327 3978 respondet
1361 3893 1497 3957 omuino

309 4019 401 4083 novis
424 4039 537 4084 rerum
560 4018 730 4084 adiunctis.

399 4141 573 4209 Articulus
588 4143 636 4209 45
652 4141 741 4208 nulle
757 4141 879 4228 indiget
894 4142 1122 4227 explanatione
1137 4144 1213 4228 quia
1230 4142 1394 4229 explorati
1411 4143 1497 4210 iuris

310 4270 369 4347 est,
346 4265 424 4332 t.S
442 4265 532 4332 Sedis
555 4285 616 4331 auc
618 4268 780 4333 toritatem
803 4285 905 4350 aeque
928 4268 1041 4332 valere
1065 4286 1126 4354 pro
1149 4267 1303 4332 universa
1322 4265 1492 4341 Ecclesia;

309 4390 545 4476 Episcoporum
568 4395 675 4456 autem
698 4389 830 4456 decreta
853 4390 999 4456 cohiberi
1021 4391 1109 4459 intra
1130 4387 1212 4456 fines
1234 4411 1367 4456 suarum
1398 4389 1495 4456 dioe-
