3266 5102
504 325 548 372 nn
572 325 726 374 nemoris
749 325 792 372 ar
816 326 936 372 renuis
1252 307 1316 373 133

128 449 334 514 transactum
356 447 456 514 veluti
474 447 673 533 blasphemia
695 447 749 512 vel
773 446 978 521 adulterium,
1003 449 1150 512 censuris
1166 467 1230 512 non
1247 447 1315 533 ple·

128 573 265 636 ctuntur
288 569 332 635 ab
357 570 492 636 bomine
515 589 611 654 quum
635 569 825 654 deliuquens
840 571 874 634 in
891 571 929 634 iis
953 569 1120 654 patrandis
1144 589 1315 635 censuram

128 699 344 760 contemnere
367 715 431 759 nen
454 697 596 780 potuerit
618 695 734 781 quippe
766 693 907 759 nondum
937 694 1046 759 latam.
1074 693 1206 762 Crimen
1235 715 1316 759 vero

128 818 336 884 continuum
369 820 469 885 veluti
500 819 732 886 concubinatus
763 819 817 885 vel
847 819 970 885 furtum
1002 821 1050 885 rei
1078 821 1316 887 ecclesiasticae

129 942 250 1009 subiici
274 948 380 1028 petest
409 946 556 1010 censuris
587 944 630 1010 ab
662 945 798 1011 bomine
820 964 903 1029 quae
926 947 1139 1012 incurruntur
1161 950 1274 1031 utputa
1297 965 1318 1010 a

130 1066 376 1142 concubinarie,
401 1088 421 1131 a
443 1067 518 1132 fure
541 1069 602 1134 nisi
626 1069 710 1136 intra
729 1073 853 1134 certum
868 1075 1004 1154 tempus,
1028 1071 1221 1155 respective,
1246 1088 1318 1134 ces-

133 1197 208 1259 sent
230 1213 252 1257 a
274 1192 360 1258 male
391 1191 511 1266 habitu,
543 1193 595 1258 vel
620 1213 639 1258 a
663 1193 848 1259 detentione
872 1195 920 1258 rei
951 1194 1087 1259 alienae.
1112 1193 1161 1262 Cf.
1186 1194 1316 1274 suarez,

133 1319 155 1382 l.
182 1317 236 1382 cit.
261 1337 295 1380 n.
320 1317 351 1382 6.
790 1295 793 1300 ’

225 1441 261 1524 5)
286 1441 375 1506 Talis
403 1443 546 1528 cognitio
577 1461 752 1516 censurae,
777 1441 818 1508 ad
841 1443 1081 1509 constituendos
1112 1449 1319 1509 contumaces

134 1567 301 1632 inducitur
325 1587 384 1652 par
408 1569 610 1636 canonicam
633 1568 854 1635 monitionem
878 1589 1048 1650 censurae,
1069 1589 1151 1654 quae
1175 1571 1318 1646 monitio,

135 1695 228 1779 quasi
243 1694 282 1759 in
296 1695 351 1759 ius
367 1695 482 1761 citatio
499 1701 550 1759 est
566 1694 653 1760 edita
666 1695 719 1760 vel
736 1695 919 1760 eiuraret
935 1694 978 1760 eb
1003 1695 1146 1771 tremine,
1163 1695 1319 1780 siquidem

136 1819 305 1885 decretum
329 1837 488 1883 censurae
511 1818 729 1884 incurrendae
753 1818 968 1884 denunciatur
990 1819 1042 1884 vel
1067 1840 1109 1884 ex
1123 1819 1198 1902 ipse
1222 1819 1320 1885 miei·

135 1944 239 2011 sterio
262 1944 355 2029 legis,
379 1943 432 2007 vel
456 1962 476 2006 a
497 1943 618 2011 iudice.

228 2069 264 2153 6)
287 2069 424 2152 Inquam
450 2087 507 2134 «o
530 2068 606 2133 iure
628 2069 680 2134 eet
704 2068 747 2134 ab
771 2069 906 2136 bomine
922 2089 958 2152 »5
974 2089 1048 2134 nam
1064 2089 1087 2135 e
1102 2069 1178 2135 iure
1200 2089 1258 2134 seu
1278 2089 1321 2134 ex

137 2193 244 2258 officio
267 2193 351 2278 legis
373 2190 476 2257 fidelis
491 2198 643 2258 monetur
663 2191 790 2276 quando
814 2194 1019 2260 constituitur
1043 2198 1075 2258 et
1097 2194 1322 2279 promulgatur

137 2319 247 2402 aliqua
269 2317 326 2382 lex
354 2317 412 2382 sub
436 2336 539 2401 poena
561 2319 650 2382 totae
672 2317 856 2383 sententiae
880 2319 913 2381 in
938 2323 1214 2403 transgressores;
1238 2323 1319 2383 tunc

140 2444 199 2508 leur
220 2443 416 2525 interpellet
436 2461 502 2524 pro
527 2441 674 2515 bomine,
698 2443 790 2506 iuxta
811 2441 973 2526 adagium.
999 2477 1016 2490 -
1043 2441 1171 2507 Duobus
1195 2442 1321 2508 casibus

140 2565 281 2630 habetur
298 2567 429 2629 monitio
442 2563 485 2630 ab
502 2565 638 2630 bomine
650 2585 765 2649 nempe
781 2584 803 2630 o
819 2564 940 2639 iudice,
953 2585 998 2628 sc.
1011 2563 1047 2652 α)
1060 2564 1186 2648 quande
1202 2563 1320 2648 aliquid

139 2691 342 2774 praecipitur
364 2689 417 2755 vel
440 2687 513 2752 fieri
537 2687 729 2773 prehibetur
759 2687 818 2752 sub
849 2708 953 2773 poena
976 2708 1135 2753 censurae
1157 2689 1323 2770 farertdoc

138 2813 334 2884 carentiae,
360 2833 454 2896 quam
486 2812 593 2886 iudex,
617 2818 789 2896 antequam
814 2831 886 2877 eam
910 2819 1099 2896 exequatur,
1132 2815 1323 2878 revocatio

140 2943 283 3002 mentem
307 2936 392 3000 iilius
409 2936 548 3020 quivult
570 2955 590 3000 a
613 2935 827 3019 delinquendo
852 2935 1023 3012 deterreri,
1048 2937 1101 3002 vel
1125 2937 1324 3002 removeria

139 3060 259 3126 delicto
283 3061 453 3141 continuo,
470 3061 606 3126 salutari
630 3080 753 3145 poenae
772 3065 912 3126 terrore.
930 3061 1021 3125 Tunc
1044 3061 1142 3125 iudex
1165 3081 1229 3124 non
1254 3059 1324 3146 ipse

140 3187 207 3254 edit
228 3187 345 3272 legem,
362 3185 418 3251 sed
434 3185 584 3270 applicat,
598 3205 812 3270 praemonens
829 3191 1106 3272 transgressorem
1126 3191 1162 3252 ut
1177 3207 1197 3251 a
1210 3191 1323 3251 contu-

141 3313 247 3377 macia
259 3311 427 3386 abstineat
444 3311 478 3392 b)
491 3310 617 3395 quando
630 3330 769 3375 censura
783 3310 941 3394 senseat.
956 3315 1005 3376 est
1017 3310 1060 3376 eb
1074 3311 1216 3384 bomine,
1235 3331 1325 3376 seua

140 3433 257 3500 iudice
271 3434 325 3517 qui
341 3453 398 3497 sua
414 3435 607 3500 auctoritate
623 3433 743 3517 aliquid
759 3432 831 3499 fleri
846 3433 934 3502 iubet
952 3439 1009 3500 aut
1031 3431 1102 3498 fieri
1125 3439 1223 3509 vetat,
1242 3454 1326 3500 com·

143 3559 265 3622 minata
288 3576 429 3621 censura
451 3557 642 3642 infligenda
665 3558 698 3621 in
715 3563 975 3626 contemnentem
1006 3557 1186 3624 huiusmodi
1210 3557 1325 3623 decre-

142 3689 222 3748 tum.
248 3681 464 3756 Quamobrem
488 3681 586 3747 iudex
609 3689 718 3748 monet
740 3703 782 3747 ne
809 3683 925 3768 punire
948 3687 1094 3767 cogatur,
1114 3688 1179 3747 tum
1204 3683 1237 3745 in
1262 3701 1326 3745 uno

141 3813 212 3872 tum
235 3809 271 3871 in
294 3808 398 3872 attere
422 3827 509 3873 casu.

233 3931 268 4019 7)
293 3932 419 3998 Varum
443 3935 508 3998 DD.
532 3934 698 4016 inquirunt
720 3953 762 3998 an
786 3935 819 3997 iu
843 3934 989 3999 censuris
1014 3933 1033 3998 l.
1060 3953 1086 3999 s.
1111 3931 1249 3999 sufficiat
1271 3931 1329 3996 illa

142 4053 309 4140 generalis
339 4055 418 4120 iuris
445 4054 586 4122 monitio
614 4074 697 4139 quae
727 4055 760 4118 in
792 4056 862 4139 ipsa
891 4055 965 4141 iege
994 4057 1177 4120 continetur
1208 4051 1328 4139 aliquid

142 4179 293 4246 edicente
316 4177 375 4243 sub
399 4197 504 4263 poena
526 4197 684 4243 censurae
708 4178 782 4262 ipse
804 4177 896 4262 secto
916 4177 1144 4244 incurrendae.
1165 4177 1327 4262 Siquidem

141 4300 186 4366 ad
201 4301 433 4367 incurrendam
450 4321 624 4367 censuram
648 4320 711 4365 non
736 4299 854 4368 sufficit
868 4321 1066 4388 cognoscere
1086 4301 1191 4387 legem
1207 4300 1327 4385 aliquid

143 4425 326 4501 iubentem,
351 4425 408 4494 sed
430 4446 564 4492 necesse
588 4431 637 4493 est
664 4427 749 4491 scire
780 4445 936 4512 expresse
967 4446 1125 4492 censurae
1154 4427 1327 4491 commina-
