3296 5108
304 287 369 350 408
827 307 911 354 rans
935 309 956 354 1.

303 423 478 489 saecularis
505 425 587 489 haec
615 423 730 490 edatur
756 427 944 511 protestatio
967 432 1005 491 ut
1027 427 1114 493 citra
1137 429 1257 493 mortis
1275 428 1481 509 periculum,

304 547 395 613 circa
425 567 513 620 mm,
537 549 736 614 sententiam
769 548 890 634 (iudex)
914 549 1132 632 indueram
1153 569 1224 634 arg.
1252 569 1327 632 cap.
1355 550 1405 614 27
1433 551 1485 616 Dc

302 671 394 738 verb.
406 672 538 760 apulsa
560 671 615 738 sed
633 673 696 738 hac
721 674 816 739 etiam
841 674 1079 758 praetermissa.
1096 673 1208 738 clerici
1225 694 1289 738 aon
1306 672 1384 738 liunt
1402 677 1483 738 irre

303 797 433 882 gulares
449 801 523 882 quia
538 798 688 863 iudioium
704 800 870 882 sanguinis
881 801 1045 881 promime
1060 805 1091 865 ct
1106 799 1286 884 efficaciter
1301 801 1482 866 institutum

303 925 350 989 ad
367 923 542 1007 publicam
561 925 756 996 uindictam,
773 945 830 990 seu
853 927 886 989 in
902 925 1056 998 themate,
1072 924 1112 990 ad
1124 945 1275 1008 poenam
1290 927 1481 1011 sanguines,

303 1070 367 1114 non
391 1051 450 1136 ipsi
482 1055 619 1135 egerunt
650 1050 705 1116 sed
736 1053 802 1136 agit
827 1055 859 1115 et
882 1052 993 1137 explet
1023 1050 1120 1115 iudex
1150 1052 1262 1116 laicus.
1287 1051 1334 1116 cf.
1359 1051 1481 1117 Suarez

303 1175 440 1244 XLVII.
467 1176 495 1246 l,
525 1174 574 1238 12.

393 1301 670 1385 Irregularitatem
705 1306 877 1384 praeterea
912 1298 1024 1388 effugit
1055 1303 1230 1388 legislator
1259 1305 1312 1387 qni
1343 1321 1481 1387 poenam

302 1425 467 1508 sanguinis
490 1425 599 1490 statuit
622 1427 738 1510 quippe
763 1425 796 1488 in
819 1426 972 1510 singutas
995 1446 1089 1491 casus
1120 1427 1321 1491 executionis
1355 1431 1482 1490 remote

302 1554 334 1612 et
356 1567 423 1614 non
446 1548 628 1614 formaliter
650 1552 824 1614 concurrit.
852 1551 986 1634 Efficam
1013 1551 1108 1616 enim¹
1125 1551 1284 1634 [arnualis
1315 1571 1372 1615 seu
1398 1571 1482 1633 pro-

300 1671 417 1738 mimus
432 1692 617 1738 concursus
640 1675 672 1738 in
697 1673 995 1740 condemnationem
1013 1678 1092 1740 etin
1109 1677 1335 1740 executionem
1356 1695 1482 1760 poenae

300 1796 466 1880 sanguinis
489 1801 537 1860 est
560 1797 744 1860 necessaria
776 1795 916 1862 conditio
940 1797 979 1860 ad
1004 1795 1232 1862 incurrendam
1258 1796 1482 1881 irregularita-

300 1928 366 1985 tem
382 1920 437 2004 (1).
463 1920 590 1985 Exinde
621 1941 685 1984 non
716 1917 797 1986 fiunt
823 1921 1023 2006 irregulares
1048 1920 1169 1986 iudices
1193 1923 1245 2004 qui
1271 1923 1303 1984 in
1328 1939 1482 2004 supremo

301 2042 404 2126 gradu
427 2043 635 2108 hierarchica
658 2063 722 2108 non
746 2043 889 2108 iudicant
913 2043 955 2108 dc
976 2043 1085 2126 sacto.
1110 2041 1165 2108 sed
1198 2045 1387 2108 examinant
1409 2061 1483 2126 pro·

300 2185 410 2231 cessus
433 2165 666 2231 ordinationem
692 2173 723 2230 et
747 2168 966 2249 quaestionem
983 2166 1079 2247 iuris,
1096 2167 1204 2250 prouti
1220 2163 1317 2230 fiebat
1332 2167 1364 2229 in
1382 2165 1484 2229 Curia

301 2293 447 2355 Romana
463 2293 496 2357 iu
512 2313 662 2376 supremo
679 2291 846 2357 Tribunali
863 2291 1071 2378 signaturam
1095 2293 1249 2358 Iustitiae
1269 2289 1323 2375 (cf.
1342 2291 1417 2355 Vol.
1435 2291 1481 2358 11.

301 2435 334 2479 n.
351 2413 407 2501 34)
432 2421 464 2480 et
487 2415 582 2480 hodie
604 2435 704 2499 penes
728 2435 795 2487 nos,
817 2418 849 2479 in
871 2414 1097 2481 Tribunalibus
1121 2415 1294 2500 supremis,
1312 2414 1484 2498 appellatis

300 2541 344 2604 Di
368 2540 573 2607 cassazt‘ane.

390 2667 470 2730 Item
505 2664 721 2729 confessarius
756 2665 809 2748 qui
845 2663 1107 2748 persuasibilibus
1141 2662 1268 2727 divinae
1304 2663 1483 2746 sapientiae

301 2787 409 2853 verbis
432 2795 541 2854 monet
571 2809 663 2853 reum
695 2793 729 2854 ut
760 2796 872 2872 sponte
900 2788 1076 2872 patibulum
1108 2785 1304 2852 conscendat
1327 2793 1360 2850 et
1383 2791 1482 2870 caput

301 2913 406 2977 securi
431 2912 597 2979 submittat
621 2933 684 2978 non
710 2911 744 2977 fit
768 2918 858 2978 certe
882 2913 1083 2997 irregularis.

389 3036 441 3099 Ex
465 3035 528 3099 alio
551 3037 656 3120 capite
679 3056 743 3100 non
769 3033 847 3100 liunt
879 3035 1079 3122 irregulares
1110 3033 1155 3099 illi
1184 3053 1296 3100 omnes
1327 3037 1380 3116 qui
1415 3053 1478 3097 non

300 3167 419 3243 sponte
441 3180 505 3225 sua
528 3159 584 3224 sed
608 3162 640 3224 vi
664 3161 711 3225 sui
737 3157 831 3224 officii
855 3180 926 3226 nan
948 3165 1067 3242 spuma
1090 3161 1229 3246 suscepti
1261 3164 1479 3244 cooperantur

301 3289 333 3350 in
353 3284 666 3359 condemnationem
685 3290 764 3350 tunc
784 3287 869 3350 onim
887 3285 994 3350 nullus
1017 3285 1108 3350 adest
1128 3285 1273 3351 delectus
1287 3285 1439 3350 lenitatis.
1459 3318 1477 3331 -

389 3563 1478 3635 (DQmmmoepfflmmqmfflmmdssmmmbcmwmmmm·

300 3691 364 3726 nam
383 3691 466 3743 penes
485 3690 535 3728 nos
554 3673 717 3728 iudiciorum
737 3671 923 3726 criminalium
946 3671 1149 3725 ordinationem
1171 3670 1243 3724 unde
1261 3671 1346 3725 insert
1366 3669 1475 3740 quinam

301 3783 335 3834 ab
352 3780 560 3849 irregularitate
573 3780 629 3833 sint
642 3780 792 3842 immunes3
806 3777 865 3831 scil.
879 3779 919 3831 ait
938 3778 989 3831 sub
1002 3795 1029 3830 n.
1043 3777 1104 3841 454,
1117 3779 1148 3832 6:
1161 3793 1178 3828 t<
1189 3778 1229 3830 Ob
1244 3777 1370 3832 eamdem
1392 3776 1475 3830 ratio·

300 3905 363 3942 nem
376 3888 447 3944 idem
461 3887 578 3942 dicimus
590 3888 623 3942 de
637 3889 800 3942 Ρνοσιινειιν
818 3888 853 3940 dc
866 3888 909 3940 1er
927 3888 1050 3940 instance
1063 3887 1110 3956 qui
1131 3885 1249 3956 requirit
1268 3885 1475 3956 inquisitionem

300 4015 316 4050 a
336 3997 427 4052 ludica
447 3997 652 4060 instructionis‚·
666 4002 695 4050 et
713 3995 747 4051 de
768 3996 826 4064 ipso
846 3995 942 4048 Iudice
960 3995 1150 4047 instructionis
1168 3995 1216 4064 qui
1235 3995 1257 4047 si
1279 4011 1342 4048 reus
1362 3997 1475 4062 apparet

300 4101 484 4170 probabiliter
502 4101 656 4171 culpabilis,
675 4103 764 4170 ipsum
785 4101 903 4156 remittit
922 4103 939 4153 ἁ
958 4099 986 4152 la
1008 4099 1145 4154 Cliambre
1163 4101 1200 4154 de
1219 4102 1289 4154 misc
1308 4115 1342 4152 en
1361 4113 1474 4152 acama-

299 4211 357 4262 tion
375 4213 404 4264 at
422 4209 456 4263 de
469 4209 586 4278 ipsamet
604 4208 741 4263 chambre
756 4209 874 4261 demite
887 4223 921 4260 en
933 4207 1091 4260 accusation
1104 4221 1175 4276 quaa
1189 4210 1282 4259 umen
1297 4220 1375 4259 reum
1388 4204 1474 4258 defert

299 4309 1471 4380 duffimfflmmnmmdm&mdmmmmmffiwmmmwmm

302 4427 330 4475 et
349 4423 410 4476 ideo
428 4438 524 4476 omnes
542 4422 590 4476 alii
611 4425 716 4477 remote
735 4425 903 4474 concurrunt
916 4435 940 4475 n.
