3202 5104
492 317 536 362 ur
559 315 714 365 armeris
738 317 780 364 ar
803 317 923 366 roonis
1234 297 1297 363 189

116 437 212 502 lanii
237 439 343 504 1891:
361 457 379 502 c
395 438 446 504 Ad
469 442 495 506 Ι.
520 439 732 524 Affirmalive
749 477 767 490 -
785 440 826 507 ad
842 443 885 507 ll.
904 441 1069 528 Neyalive
1084 441 1131 507 ad
1142 441 1298 524 primam

110 566 262 643 partem,
294 560 502 648 affimativa
524 565 571 630 ael
593 563 780 633 secandam
804 585 839 640 »;
863 564 1005 631 Dubium
1038 565 1123 630 euim
1156 565 1228 628 llum
1254 565 1300 629 ita

115 691 189 752 erat
212 707 414 774 expressum.
440 709 459 752 α
490 690 609 756 Ulmm
632 691 670 757 in
692 710 855 774 responso
879 691 919 756 ad
943 692 986 757 ll.
1010 727 1027 740 ·
1050 692 1212 758 clausula:
1237 711 1300 759 sue

115 828 230 876 ronna
253 829 371 877 ranan
399 829 665 879 nmncruanrmr
694 813 732 878 in
763 814 902 879 easdem
933 831 1097 880 cessuros
1122 819 1183 880 etc.
1215 812 1300 896 rese·

114 939 220 1002 ratur
253 935 467 1002 solummodo
498 936 545 1001 ad
579 935 827 1003 absolucionem
864 956 886 1002 o
916 937 1068 1004 censuris
1102 942 1132 1002 et
1167 935 1302 1004 canois

115 1077 273 1126 sanciam
296 1079 387 1126 nouo
407 1059 448 1124 R.
465 1059 505 1124 P.
522 1061 712 1134 reservatis,
738 1080 785 1126 an
809 1059 912 1126 eliam
935 1061 982 1126 ad
1008 1059 1253 1128 absolutionem
1276 1079 1299 1126 a

115 1180 273 1251 censuris
302 1189 335 1250 et
364 1183 498 1250 canam
532 1184 731 1267 simpliciter
760 1184 801 1250 P.
830 1184 1067 1252 reserantis».

209 1309 320 1383 Quare
344 1311 375 1374 vi
398 1309 523 1375 decreti
554 1308 616 1374 diei
641 1309 792 1377 231ιιηΙ
817 1309 907 1378 1886
938 1311 1067 1375 omnino
1099 1312 1299 1375 immutatum

116 1443 168 1502 est
191 1437 242 1501 ius
265 1440 358 1500 vetus
383 1440 553 1518 perpetuo
585 1435 744 1520 impeditis
778 1455 844 1500 non
874 1437 1041 1522 imponens
1072 1434 1299 1521 obligationem

116 1559 261 1626 adeundi
284 1561 316 1626 S.
341 1558 473 1634 Sedem;
505 1577 578 1624 cum
607 1558 703 1626 hodie
733 1579 775 1624 ex
806 1562 903 1624 citato
927 1558 1059 1626 decreto
1089 1561 1183 1625 etiam
1212 1577 1299 1642 per-

111 1691 220 1769 petno
245 1685 388 1770 impediti
411 1703 588 1749 recurrere
611 1683 750 1750 debeant
772 1685 860 1750 infra
884 1704 1027 1750 mensem
1044 1704 1103 1771 per
1118 1705 1154 1750 se
1170 1689 1226 1750 aut
1241 1703 1301 1768 per

115 1811 247 1876 littems
271 1807 311 1873 ad
334 1809 365 1876 S.
391 1809 516 1874 Sedem.
574 1808 577 1816 ’

212 1933 348 1997 Demum
373 1932 468 1997 hodie
491 1935 524 1998 vi
544 1932 666 1998 decreti
687 1933 755 1999 diei
771 1932 821 1999 30
836 1932 957 1998 Martii
972 1933 1064 1998 1892
1083 1931 1123 1996 ad
1141 1933 1207 2006 lum,
1226 1929 1301 1996 editi

116 2079 140 2124 a
162 2060 196 2125 S.
215 2055 289 2132 Off„
310 2061 446 2124 accessit
468 2059 550 2124 alius
573 2057 685 2124 modus
707 2057 926 2126 satisfaciendi
949 2057 1137 2143 obligationi
1160 2054 1300 2122 adeundi

117 2183 329 2270 Superiorem
352 2187 595 2258 reservantem
627 2202 742 2267 nempe
765 2186 878 2268 petere
908 2201 1025 2246 novam
1056 2180 1299 2252 absolutionem,

117 2308 236 2374 saltem
272 2307 360 2372 inira
393 2327 546 2380 mensem,
577 2306 619 2372 ab
656 2305 796 2372 habente
830 2305 1018 2370 facultatem
1042 2305 1230 2371 absolvendi
1260 2304 1302 2370 ab

117 2430 304 2496 huiusmodi
328 2431 475 2496 censuris
497 2431 685 2496 reservatis.

212 2560 257 2622 At
279 2554 351 2620 fieri
369 2561 472 2642 potest
489 2561 522 2620 ut
538 2575 657 2621 revera
680 2556 802 2621 nullum
827 2561 944 2642 urgeat
959 2555 1218 2640 impedimentum
1241 2574 1302 2620 nec

119 2681 222 2748 brem
238 2699 278 2744 ac
293 2679 428 2764 proinde
444 2676 568 2744 differri
584 2685 693 2764 posset
708 2677 865 2744 absolutio
878 2678 1006 2764 absque
1017 2679 1172 2762 periculo
1185 2679 1303 2764 praeis

117 2804 279 2871 scandali
309 2809 370 2870 ant
400 2802 567 2886 infamiae
574 2823 588 2886 ‚·
620 2802 676 2868 sed
706 2803 800 2868 valde
832 2802 948 2868 durum
979 2805 1020 2866 sit
1050 2801 1301 2888 permanerem

119 2934 258 3014 peccato
282 2947 341 3013 per
364 2931 489 3012 tempus
505 2946 567 3010 quo
588 2926 727 2992 habetur
743 2947 895 2992 recursus
915 2927 955 2992 ad
972 2927 1003 2992 S.
1021 2925 1092 2992 Sed.
1110 2929 1142 2989 et
1157 2943 1303 3010 congrua

120 3053 308 3138 responsio;
326 3071 428 3136 quare
444 3071 485 3117 ex
501 3051 633 3117 decreto
650 3051 680 3118 S.
700 3053 817 3138 Gongr.
837 3053 906 3135 lnq.
924 3050 985 3117 sab
1001 3050 1056 3115 die
1067 3050 1109 3114 16
1122 3049 1197 3114 lna.
1211 3048 1302 3113 1897

121 3176 265 3241 edictum
282 3175 360 3242 fuit:
379 3194 398 3239 a
414 3175 451 3240 in
474 3195 556 3242 casa
579 3195 646 3260 qao
666 3195 728 3240 nec
742 3173 890 3257 infamio
907 3173 1187 3240 neoscondolam
1203 3171 1304 3236 estin

122 3300 346 3367 absolutionis
368 3299 531 3366 dilatione
553 3297 610 3365 sel
632 3300 760 3364 dieram
785 3299 885 3364 valde
908 3303 955 3363 erl
974 3317 1043 3381 pro
1054 3297 1250 3381 poenitente
1265 3294 1304 3360 in

122 3425 226 3511 pravi
243 3429 384 3509 peccato
403 3443 612 3507 pannonere
631 3443 698 3508 per
722 3429 853 3507 tempas
888 3423 1120 3490 necessarium
1150 3422 1196 3486 acl
1215 3420 1304 3503 peti-

123 3553 251 3618 tionem
267 3558 298 3617 et
317 3551 565 3618 concessionem
579 3549 753 3633 facultatis
768 3549 966 3616 absolvendi
981 3569 1003 3615 a
1019 3549 1210 3624 reservatis,
1228 3548 1304 3615 sim·

119 3675 206 3760 plici
222 3673 432 3757 confessario
449 3675 523 3742 licet
538 3694 560 3740 a
576 3674 728 3741 censuris
742 3673 776 3742 S.
791 3674 968 3760 Pontificis
984 3674 1164 3740 resmoolis
1179 3673 1306 3738 directe

123 3798 308 3872 absolvere,
340 3799 502 3865 iniunctis
532 3799 575 3865 de
605 3799 681 3864 iare
711 3797 943 3884 iniunpendis.
967 3798 1029 3864 sab
1052 3817 1167 3880 poena
1191 3803 1304 3862 tomen

121 3923 369 3990 reincidenliae
399 3923 436 3988 in
467 3923 604 3990 easdem
632 3943 766 4008 poenas
796 3923 863 3988 nisi
892 3925 1012 3989 saltem
1034 3921 1131 4004 infra
1154 3939 1305 3987 mensem

118 4067 190 4132 per
212 4046 390 4130 epislolam
414 4052 445 4112 et
463 4065 531 4129 per
553 4045 704 4112 mediam
728 4044 929 4128 confessarii
952 4044 1124 4111 absolutus
1146 4047 1306 4109 recurrat

122 4171 174 4237 ad
196 4169 232 4237 S.
258 4167 379 4236 Sedem
394 4190 426 4235 b.
450 4170 652 4236 Advertatur
674 4171 708 4235 in
730 4171 793 4234 hoc
817 4169 959 4244 decreto,
984 4168 1216 4234 absolutionem
1233 4166 1305 4232 dari

122 4295 184 4363 sub
201 4295 393 4362 'conditione
415 4295 660 4364 reincidentiae
687 4295 791 4380 quoad
820 4313 916 4360 casus
938 4293 1234 4377 quomodocumque
1256 4312 1306 4357 re

120 4425 292 4497 servatam
317 4421 344 4486 si
368 4422 453 4486 enim
476 4420 539 4486 hac
570 4419 754 4486 conditione
786 4418 974 4494 absolvitur,
1003 4438 1129 4504 quoque
1158 4418 1308 4484 obstante
