3202 5104
263 313 329 378 252
788 337 871 384 raas
895 337 917 383 1.

262 458 436 526 nullimode
459 461 613 546 exprimit
642 467 801 528 naturam.
828 464 876 528 Re
899 463 1025 547 quidem
1049 483 1129 529 vera
1160 469 1234 530 sunt
1264 461 1442 527 nonnullae

261 584 478 651 inhabilitates
507 586 548 650 ad
579 585 684 652 officia
715 588 936 653 ecclesiastica
966 609 1009 653 ex
1040 589 1180 654 naturali
1215 589 1285 652 iure
1319 607 1442 673 prove-

261 712 398 794 nientes,
413 712 514 777 veluti
535 717 633 784 aetas.
658 715 807 786 amentia,
825 715 970 778 carentia
993 715 1156 786 scientiae.
1181 716 1337 789 coecitas;
1363 733 1442 777 non-

261 835 369 900 nullae
401 837 484 900 aliae
513 842 588 902 sunt
617 857 635 901 a
660 839 731 902 iure
754 838 862 902 divino
890 840 933 904 uti
959 859 1056 904 sexus
1080 840 1266 914 foemineos,
1293 838 1443 902 carentia

261 959 468 1046 baptismatis.
489 965 530 1026 ht
553 963 614 1027 hae
638 983 748 1028 omnes
772 964 989 1030 inhabilitates
1013 969 1103 1032 certe
1119 985 1183 1029 non
1203 969 1342 1030 statutae
1364 969 1443 1030 aunt

261 1089 293 1150 in
317 1107 470 1172 poenam;
497 1089 559 1151 imo
583 1088 699 1153 harum
723 1089 898 1153 nonnullae
922 1109 985 1152 non
1009 1090 1171 1175 attingunt
1193 1093 1312 1156 statum
1328 1107 1439 1173 perso·

261 1231 376 1277 narum
401 1218 435 1278 ut
458 1218 533 1297 puta
560 1215 675 1278 aetatis
698 1213 852 1294 delectus,
878 1215 1025 1279 carentia
1047 1215 1212 1286 scientiae.
1236 1233 1342 1297 neque
1364 1219 1440 1278 sunt

261 1344 445 1424 perpetuae,
470 1340 624 1422 quocirca
646 1342 754 1404 verius
778 1339 933 1405 dicendae
955 1340 1200 1406 inidoneiiaies.

351 1465 377 1527 lt
395 1469 509 1528 contra
530 1463 726 1530 inhabiliias
741 1463 782 1528 ad
799 1484 935 1548 poenam
951 1483 971 1528 a
987 1465 1058 1529 iure
1081 1483 1152 1529 can.
1170 1468 1298 1534 statuta.
1319 1462 1438 1532 aufert

259 1587 300 1652 ob
316 1588 442 1672 aliquod
463 1589 596 1661 crimen,
613 1589 823 1673 capacitatem
840 1589 1008 1654 iuridicam
1024 1609 1044 1652 a
1060 1588 1203 1654 subiecto
1219 1587 1349 1653 aliunde
1365 1589 1439 1651 iure

258 1713 398 1778 naturali
423 1719 455 1778 et
478 1711 584 1777 divino
609 1713 705 1777 habili
731 1713 814 1796 qnod
838 1713 956 1778 exinde
979 1712 1014 1778 iit
1038 1716 1179 1799 ineptum
1195 1712 1235 1777 ad
1252 1711 1439 1798 recipienda

259 1836 423 1910 beneficia,
441 1837 546 1903 officia
562 1839 789 1904 ecclesiastica.
809 1875 826 1886 -
845 1839 935 1905 Haec
959 1839 1154 1912 inhabilitas,
1172 1844 1284 1924 suapte
1308 1843 1437 1916 natura,

260 1970 308 2028 est
331 1970 486 2050 perpetua
510 1985 570 2029 nec
595 1965 790 2050 poenitentia
805 1964 931 2030 deletur
946 1965 1001 2029 sed
1018 1963 1185 2030 dumtaxat
1199 1965 1438 2050 dispensatione

260 2091 392 2175 legitimi
405 2091 596 2176 Superioris,
614 2109 688 2176 arp.
707 2111 733 2156 c.
747 2111 774 2156 c.
791 2091 825 2154 2.
843 2092 865 2172 ἓ
881 2091 915 2162 2,
934 2095 965 2156 et
978 2090 1018 2156 15
1033 2089 1084 2155 Dc
1101 2090 1224 2156 haeret.
1238 2091 1275 2154 in
1287 2089 1311 2154 6
1323 2088 1376 2174 (V.
1391 2087 1436 2174 2).

261 2217 389 2282 Revera
413 2218 444 2280 in
468 2217 520 2282 cil.
545 2218 566 2298 ἓ
589 2217 623 2284 2.
649 2235 723 2299 cap.
747 2217 774 2280 2
796 2217 964 2281 statuitur:
992 2213 1199 2282 «Haeretici
1219 2220 1343 2286 autem,
1368 2234 1438 2280 cre·

258 2341 381 2412 cientes.
398 2346 632 2423 receptatores²
650 2339 846 2422 defensores
862 2345 893 2405 el
907 2339 1062 2422 saniores
1078 2359 1199 2406 eornm
1214 2339 1438 2423 ipsorumque

257 2465 319 2550 filii
341 2483 448 2549 nsque
475 2465 521 2530 ad
551 2465 736 2531 secandam
767 2465 1020 2551 pancrationam
1044 2465 1091 2530 ad
1113 2465 1248 2529 nnllam
1279 2463 1436 2528 ecclcsia-

257 2590 376 2655 sticam
401 2588 597 2674 beneficiam
620 2595 680 2655 aut
703 2589 851 2673 affimam
877 2589 1053 2672 publicam
1076 2588 1312 2654 admittantur.
1340 2587 1436 2658 Quod

256 2715 285 2778 si
307 2733 403 2779 secas
426 2719 539 2780 actam
561 2713 677 2796 faerit,
702 2714 916 2779 decernimus
939 2713 1077 2779 irritum
1101 2720 1132 2779 ei
1154 2713 1305 2778 inane».

349 2839 421 2904 172.
440 2840 550 2914 Quoad
567 2838 671 2906 officia
683 2859 763 2904 vero
780 2846 835 2904 aut
849 2837 1007 2904 beneficia
1025 2841 1085 2903 rite
1102 2839 1234 2903 obtenta
1249 2839 1281 2903 in
1298 2857 1433 2923 poenam

257 2965 443 3030 decernitur
462 2965 631 3048 privatim
655 2971 687 3030 et
711 2967 791 3029 haec
808 2970 856 3029 est
880 2966 899 3030 i.
917 2985 942 3029 a.
960 2970 1015 3030 aut
1034 2965 1060 3047 f.
1076 2983 1102 3030 s.
1123 2964 1191 3029 -Si
1216 2985 1294 3028 vero
1318 2968 1435 3049 agatur

257 3089 295 3153 de
319 3087 484 3153 beneficiis
508 3089 763 3154 inamovibilibus
787 3111 842 3154 seu
867 3109 949 3174 quae
973 3090 1152 3155 manualia
1178 3109 1242 3154 non
1274 3091 1355 3170 sint,
1378 3094 1434 3152 aut

257 3214 296 3278 de
319 3211 431 3278 officiis
455 3213 589 3278 adnexis
609 3213 789 3279 huiusmodi
805 3212 978 3286 beneflciis,
998 3234 1101 3300 poena
1122 3215 1327 3297 privationis
1352 3213 1432 3278 ierri

258 3359 320 3404 non
346 3343 450 3424 potest
473 3342 532 3403 nisi
550 3360 569 3403 a
585 3340 660 3404 iare
683 3340 856 3405 communi
880 3343 999 3406 statuta
1022 3342 1063 3404 sit
1087 3346 1119 3403 et
1135 3341 1273 3404 servatis
1298 3342 1328 3403 in
1354 3341 1431 3404 eius-

256 3463 327 3527 dem
352 3465 542 3528 executione
567 3463 679 3528 iormis
702 3483 872 3548 processus
896 3465 967 3528 iure
990 3466 1208 3548 praescriptis.

348 3589 420 3652 173.
445 3587 624 3653 Praeterea
646 3587 685 3653 ad
710 3590 922 3674 privationem
947 3589 1182 3654 deveniendum
1207 3609 1270 3654 non
1295 3595 1353 3659 est,
1372 3591 1429 3654 nisi

255 3714 337 3778 aliae
361 3733 484 3798 poenae
507 3734 566 3799 pro
591 3714 812 3778 emendatione
829 3712 1042 3798 delinquentis
1058 3714 1220 3779 adhibitae
1236 3715 1308 3785 sint,
1325 3715 1430 3797 prouti

255 3840 341 3903 inira
365 3838 605 3924 explicabimus,
622 3840 661 3903 ad
686 3841 919 3924 praescriptum
945 3839 1041 3905 Cone.
1066 3839 1164 3920 Trid,
1182 3839 1268 3904 Sese.
1295 3839 1328 3919 V,
1351 3860 1378 3906 c.
1396 3839 1430 3919 2,

255 3965 304 4031 De
326 3962 389 4045 rofi
400 3985 414 4046 ,·
437 3983 497 4028 nec
522 3985 584 4027 non
609 3965 819 4046 gravissimae
844 3985 885 4027 ex
907 3965 976 4028 iure
1000 3965 1158 4027 communi
1184 3962 1431 4048 expostulantur

254 4108 369 4154 causae
385 4093 420 4151 ut
434 4087 611 4152 decernere
627 4085 723 4150 liceat
737 4087 973 4169 privationem.
991 4086 1216 4160 Quamobrem,
1231 4087 1429 4172 potissimum

254 4233 315 4299 ope
338 4213 608 4297 iurisprudentiae
632 4219 664 4277 et
687 4212 933 4285 consuetudinis,
951 4212 1114 4278 inductum
1135 4209 1195 4276 fuit
1210 4211 1314 4296 quoad
1331 4211 1430 4277 bene-

254 4335 325 4401 ficia
350 4357 462 4402 curam
485 4337 665 4400 animarum
689 4335 847 4399 adnexam
876 4335 1044 4399 habentia:
1071 4335 1102 4418 l)
1126 4335 1348 4402 inhibitarum
1370 4336 1429 4402 de·

254 4467 382 4528 metam
406 4483 460 4524 sou
485 4462 659 4543 ,carpeneto
683 4460 727 4524 ab
751 4461 858 4543 officio
876 4461 915 4522 ad
933 4465 1057 4524 certum
1075 4466 1210 4544 lempuS,
1228 4481 1289 4523 nou
1309 4462 1339 4524 io
1357 4479 1428 4525 crn-
