3266 5102
527 275 572 324 uu
596 278 751 324 uulneris
776 279 818 324 nr
842 277 962 325 ronnrs
1273 257 1337 321 143

142 403 261 488 legant
271 403 333 483 (l).
350 401 519 468 Nonnullis
535 402 599 465 DD.
617 401 854 466 hae'censurae
870 401 1023 466 videntur
1037 421 1057 465 a
1071 401 1148 466 inre
1164 400 1330 472 dicendae,

143 527 225 611 quia
246 530 359 591 tenent
382 546 493 591 omnes
516 524 675 601 subditos;
699 525 770 591 aliis
793 526 945 590 videntur
968 525 1008 590 ab
1025 526 1166 599 homine,
1184 527 1259 610 quia
1274 543 1334 612 pro

142 671 227 716 casu
250 651 408 736 peculiari
424 651 585 716 feruntur.
603 687 621 699 -
637 645 683 716 Ut
706 653 925 734 quaestionem
945 650 1097 734 practice
1121 651 1331 732 resolvamus

141 776 364 843 definiendum
389 781 494 842 eatan
510 777 573 841 hae
589 777 768 842 sententiae
787 782 976 860 perpetuae
1000 777 1074 858 sint,
1090 777 1143 841 vel
1165 796 1207 840 an
1230 778 1335 862 potius

142 900 356 970 resolvantur
378 903 449 967 iure
472 901 619 966 ferentis.
642 901 803 976 Quocirca
819 903 962 986 quaestio
979 902 1151 987 estmagni
1169 899 1332 986 ponderis,

142 1029 245 1092 etiam
269 1027 363 1110 quod
386 1027 433 1092 ad
451 1026 609 1108 praecim.

239 1151 338 1234 Atqui
360 1149 402 1214 ad
426 1169 494 1214 rem
527 1154 600 1214 sunt
624 1148 807 1214 revocanda
830 1169 911 1233 quae
936 1149 1168 1234 explicavimus
1198 1153 1332 1234 agentes

144 1273 189 1338 de
213 1273 277 1338 hac
299 1274 532 1338 fundamentali
549 1273 753 1339 distinctione
767 1292 943 1359 poenarum
962 1293 1047 1357 quae
1062 1273 1114 1338 vel
1132 1272 1172 1338 ab
1198 1273 1333 1339 homine

142 1397 198 1462 vel
215 1397 327 1464 ainre
349 1402 433 1464 sunt.
459 1398 506 1463 (ll.
531 1417 631 1484 supra
647 1417 680 1462 n.
696 1398 740 1463 50
755 1417 823 1480 seq.
841 1433 860 1445 -
877 1396 1031 1462 Diximus
1055 1395 1146 1460 nobis
1170 1415 1236 1460 non
1259 1416 1332 1480 pro·

141 1521 216 1586 bari
231 1524 436 1603 sententiam,
450 1524 597 1606 quamvis
613 1521 927 1591 communissimam
940 1521 996 1608 (2),
1012 1540 1093 1606 quae
1107 1525 1199 1587 tenet
1210 1541 1331 1606 poenas

141 1646 196 1710 rol
214 1664 379 1727 censuras,
396 1645 436 1712 ab
453 1647 588 1714 dominc
608 1667 665 1711 seu
680 1645 720 1711 ab
735 1646 847 1712 indice
862 1646 944 1710 latas
961 1642 1081 1710 resolvi
1098 1651 1153 1710 aut
1168 1645 1328 1731 suspendi,

141 1770 287 1835 resoluto
310 1775 367 1836 aut
388 1791 551 1856 suspenso,
568 1790 769 1856 quacumque
792 1769 832 1835 de
856 1772 991 1843 ratione,
1013 1772 1084 1834 iure
1107 1771 1254 1836 ferentis.
1280 1772 1328 1836 Ne

140 1899 250 1960 actum
266 1914 367 1981 cgere
381 1895 558 1968 videamur,
576 1897 712 1962 hicnon
731 1898 848 1961 iterum
866 1894 1085 1982 expendemus
1102 1897 1244 1961 rationes
1263 1897 1327 1960 iam

138 2020 331 2104 explicatas,
356 2019 440 2084 unde
463 2018 689 2093 conclusimus,
715 2037 835 2104 poenas
858 2017 898 2083 ab
923 2018 1059 2084 horninc
1084 2018 1166 2084 latas
1193 2021 1226 2084 in
1247 2019 1327 2102 soro

138 2147 294 2217 anieno,
312 2163 368 2208 seu
392 2143 432 2208 ad
448 2147 620 2209 externum
645 2145 806 2209 societatis
830 2146 976 2231 reginem
996 2145 1061 2207 vim
1082 2165 1146 2208 non
1164 2145 1325 2219 amittere,

138 2267 284 2333 resoluto
300 2268 355 2333 vel
373 2289 528 2353 suspenso
544 2270 615 2332 iure
631 2267 777 2350 ferentis,
795 2267 965 2333 dummodo
990 2289 1054 2333 non
1075 2274 1199 2337 constet
1214 2267 1268 2334 vel
1284 2289 1327 2336 ex

139 2393 234 2458 dictis
258 2392 394 2459 ferentis
409 2393 462 2458 vel
487 2392 657 2458 evidenter
681 2413 722 2459 ex
747 2393 890 2460 subiecta
906 2395 1055 2466 materia,
1074 2395 1210 2460 ferentis
1225 2397 1328 2462 inten-

137 2521 261 2584 tionem
284 2540 365 2594 esse,
381 2541 519 2606 poenam
542 2520 633 2586 ferre
658 2523 787 2585 omnino
811 2530 1065 2605 temporaneam,
1090 2520 1283 2606 pendentem
1306 2541 1326 2586 a

137 2663 202 2710 auo
215 2644 433 2727 beneplacito.
445 2681 460 2694 ·
473 2645 535 2711 Sed
548 2644 653 2710 obiter
664 2645 872 2717 advertimus,
887 2645 1018 2726 Suarez,
1034 2646 1100 2710 111.
1114 2647 1149 2718 5,
1163 2647 1216 2716 12,
1229 2648 1325 2711 fateri

136 2765 311 2832 adversam
335 2767 515 2833 doctrinam
538 2788 608 2835 non
631 2769 797 2836 contineri
822 2787 982 2850 empresae
1004 2769 1042 2833 in
1068 2769 1144 2834 inre
1166 2769 1323 2851 positivo,

134 2889 286 2972 fundari
309 2897 424 2958 antem
445 2892 483 2957 in
505 2893 681 2959 nonnuliis
694 2893 874 2977 principiis
891 2894 971 2958 eins.
998 2893 1042 2958 Et
1056 2893 1216 2978 principia
1232 2894 1324 2959 invo-

137 3021 266 3086 cantur,
291 3016 373 3082 odia
399 3036 471 3083 esse
491 3016 751 3104 restrinpendc,
774 3018 913 3101 favores
943 3019 1162 3101 carpticndos
1187 3054 1204 3067 -
1229 3039 1324 3084 men·

135 3141 260 3206 datum
278 3141 443 3224 expirare
457 3149 566 3208 morte
584 3143 791 3220 mentientia,
810 3164 848 3210 re
864 3144 979 3210 odhnc
993 3143 1128 3230 intepra
1147 3179 1164 3191 -
1182 3143 1322 3210 demum

135 3264 303 3346 ecpedire
315 3264 533 3348 Reipublicae
548 3269 638 3354 iopes
655 3287 725 3334 3333
748 3269 884 3334 stabiles
900 3274 932 3334 et
944 3273 1137 3350 perpetues,
1155 3268 1323 3334 mandate

134 3407 197 3454 seu
215 3395 404 3472 praecepto
427 3392 549 3458 indicis
570 3395 741 3476 respicere
757 3395 925 3459 acticotem
948 3393 1239 3480 pcrbernctionem.
1262 3395 1323 3459 Ast

135 3516 227 3576 certe
249 3510 292 3575 ad
315 3531 386 3578 rem
408 3534 474 3578 non
497 3515 621 3582 faciunt
643 3517 726 3582 haec
749 3517 925 3602 principia;

229 3637 261 3724 1)
285 3641 360 3723 quia
381 3640 435 3706 hio
458 3661 523 3706 nou
543 3643 666 3728 agimus
684 3643 723 3708 de
739 3644 811 3730 lege
829 3641 1083 3729 interpretanda,
1104 3640 1159 3706 sed
1177 3641 1216 3706 de
1235 3645 1321 3728 pote-

234 3865 275 3936 (l)
295 3866 366 3922 Hinc
392 3886 447 3924 uon
472 3874 540 3939 puto
566 3885 660 3925 varum
687 3885 747 3924 esse
771 3869 845 3940 quod
869 3869 970 3923 asserit
995 3867 1166 3922 D‘Aunibale
1192 3867 1216 3920 I.
1246 3868 1320 3932 301,

134 3989 191 4032 not.
211 3978 247 4042 83
259 3979 312 4030 lios
329 3979 478 4031 sententias
496 3980 671 4048 serendique
687 3977 861 4032 obsolevisse.
876 3976 1009 4047 Equidem
1022 3976 1079 4030 alia
1094 3976 1128 4029 de
1141 3991 1225 4028 causa
1237 3973 1318 4028 hodie

131 4085 273 4150 seruntur,
286 4099 340 4137 non
353 4084 444 4154 prouti
458 4083 524 4138 olim
538 4083 572 4137 ad
585 4083 763 4138 obtinendam
779 4101 871 4139 rerum
885 4082 1089 4152 deperditarum
1109 4081 1318 4147 exhibitionem,

131 4196 183 4246 ant
200 4191 237 4246 ad
254 4193 331 4246 fures
349 4190 525 4260 detegendos,
544 4192 590 4245 sed
610 4191 644 4245 ad
663 4192 734 4245 alios
753 4192 876 4246 effectus.

223 4297 264 4366 (2)
284 4297 363 4352 Hanc
387 4297 428 4352 ita
452 4297 603 4368 appellant,
622 4297 759 4368 Layman,
785 4299 828 4352 De
848 4313 920 4352 cens.
940 4315 999 4368 cap.
1020 4296 1059 4362 ΙΙ,
1080 4298 1113 4349 2:
1133 4295 1243 4359 Suaraz,
1261 4293 1316 4362 III,

130 4407 163 4471 ¹1,
185 4405 221 4460 9.·
239 4403 268 4460 S.
287 4403 421 4476 Alphons.
448 4405 510 4470 VII,
537 4406 565 4459 6.
585 4411 637 4461 etc.
