3290 5100
547 329 592 375 ns
616 327 770 376 nantonis
794 329 837 375 nn
853 328 972 376 nonnis
1213 291 1228 316 ⁵
1286 309 1354 375 509

176 448 335 514 Notentur
350 449 488 535 denique
511 471 550 516 ea
573 449 675 517 verba
692 457 866 534 -praeter
881 451 1065 518 canonicas
1080 450 1316 534 dispositiones
1334 486 1352 498 -

174 593 257 656 quae
279 594 396 660 nempe
419 576 582 642 nonnullis
607 578 639 642 in
663 574 789 642 casibus
805 576 868 642 tori
884 576 1055 662 privilegio
1077 574 1295 662 derogarunt;
1321 581 1356 644 et

174 700 255 763 istae
278 705 353 765 sunl
376 701 429 766 rel
453 701 544 796 leges
558 703 784 768 concordatae
800 701 980 767 Ecclesiam
996 703 1083 798 inter
1102 706 1135 766 et
1149 701 1284 774 Statum,
1301 702 1354 768 vel

174 844 267 908 casus
297 825 461 911 legitimae
492 827 750 913 dapradationts
785 828 897 893 cleriei
928 833 985 893 aut
1015 827 1151 892 alicuius
1180 828 1354 914 peculiaris

174 969 290 1014 caune
314 956 370 1016 aut
393 951 556 1026 criminis3
581 971 660 1036 quos
684 972 777 1017 casus
800 956 971 1016 enumerat
990 949 1281 1036 Sohmalagrueber
1303 952 1355 1018 De

172 1073 251 1157 foro
275 1080 415 1157 compet.
438 1096 473 1140 n.
498 1076 547 1140 80
568 1095 618 1160 sp.
643 1075 754 1150 Quoad
780 1095 911 1142 normas
934 1077 1096 1161 practices
1128 1074 1170 1140 ct.
1197 1074 1351 1150 Bizzarri,

178 1199 310 1266 Collect.
334 1200 387 1266 ed.
410 1200 511 1281 1885,
532 1218 569 1282 p.
593 1200 661 1266 178
683 1219 751 1285 seq.

265 1325 340 1388 444.
367 1325 405 1389 ln
429 1324 570 1390 secunda
595 1329 688 1409 parte
704 1324 833 1389 articuli
851 1343 991 1389 censura
1006 1323 1114 1390 fertur
1135 1325 1167 1388 in
1185 1344 1202 1386 e
1220 1324 1354 1390 edentes

175 1451 264 1535 leges
295 1450 346 1516 cel
377 1449 513 1515 acereta
548 1453 668 1516 contra
704 1448 890 1516 libertatem
925 1458 985 1514 ant
1018 1449 1100 1514 tara
1130 1449 1349 1516 Ecclesiae».

175 1575 296 1661 Scopas
319 1574 583 1660 praescriptionis
613 1579 664 1640 est
694 1572 870 1638 defendere
901 1573 957 1639 illa
980 1574 1148 1638 Ecclesiae
1175 1575 1247 1638 iura
1271 1591 1354 1658 quae

175 1699 305 1785 proprie
336 1717 402 1762 non
434 1696 554 1763 cadunt
584 1699 617 1762 in
647 1697 917 1770 iurisdictionem,
947 1697 1071 1763 scilicet
1097 1699 1131 1762 in
1162 1701 1351 1782 potestatem

173 1825 397 1910 legislativam
426 1825 605 1890 coactivam
629 1830 662 1889 et
689 1823 888 1893 iudicialem.
922 1823 978 1888 sed
1009 1825 1114 1908 potius
1138 1825 1352 1909 comprehen-

174 1947 294 2013 duntur
309 1949 342 2011 in
358 1952 515 2033 potestate
534 1945 658 2012 ordinis
674 1952 706 2012 et
722 1949 754 2012 in
769 1966 809 2012 ea
824 1947 965 2011 naturali
982 1947 1133 2012 libertate
1156 1965 1219 2030 qua
1235 1946 1353 2032 gaudet

174 2093 320 2158 quaeque
342 2093 482 2158 persona
497 2073 633 2158 physica
648 2082 705 2141 aut
719 2074 851 2138 moralis
867 2071 1056 2159 perficiendi
1073 2073 1245 2138 nonnullos
1261 2077 1353 2138 actus

173 2200 223 2263 sui
247 2195 301 2263 lini
332 2197 532 2273 conformes;
561 2203 696 2283 utputa
725 2197 914 2264 instituendi
946 2197 1093 2271 scholas,
1124 2196 1350 2283 praedicandi.

176 2319 312 2402 emendi,
337 2319 497 2385 vendendi
520 2325 581 2386 etc.
607 2339 689 2404 quae
713 2321 821 2385 omnia
844 2319 1009 2402 commode
1032 2318 1353 2405 comprehenduntur

175 2445 208 2510 in
225 2449 384 2531 potestate
399 2443 656 2510 administrativa
671 2465 729 2511 seu
744 2447 915 2511 executiva
932 2443 987 2510 sed
1004 2464 1068 2509 non
1082 2445 1232 2511 coactiva
1247 2463 1352 2528 neque

175 2567 382 2634 contentiosa
407 2564 463 2650 (l).

266 2690 460 2757 Flectuntur
493 2709 572 2754 vero
608 2691 941 2755 excommunicatione
969 2725 986 2738 ·
1013 2691 1102 2776 lepes
1131 2694 1188 2754 aut
1216 2689 1351 2756 deceta

175 2814 309 2881 edentes
321 2819 442 2881 contra
458 2814 645 2882 libertatern
660 2821 721 2882 ant
736 2817 815 2881 tara
827 2817 1004 2882 Ecclesiae.
1020 2851 1037 2864 -
1051 2809 1221 2882 Ecclesiae
1237 2833 1351 2901 nempe

174 2937 397 3021 aniversalis5
420 2957 495 3002 nam
519 2936 621 3004 Balla
647 2939 779 3004 Coenae
801 2957 884 3022 qnae
907 2939 1041 3023 singulis
1060 2938 1217 3004 Ecclesils
1240 2955 1351 3003 consu-

174 3061 245 3126 lere
271 3066 429 3127 statuerat
459 3061 632 3127 adhibebat
661 3061 762 3127 verba
790 3081 1085 3147 gnaramnemqne
1108 3061 1350 3128 Ecclesiarnrn.

174 3185 282 3270 Leges
297 3186 506 3271 intelligimus
518 3185 694 3260 ordinatas,
710 3192 822 3270 suapte
834 3191 962 3260 natura,
979 3184 1020 3250 ad
1036 3187 1154 3251 bonum
1167 3204 1349 3260 commune;

176 3311 208 3374 et
230 3305 366 3374 decreta
380 3307 466 3373 edita
488 3327 552 3373 non
576 3327 635 3393 pro
651 3308 777 3393 singulo
794 3310 864 3373 cive
880 3308 936 3374 sed
953 3328 1034 3394 quae
1051 3308 1257 3394 generaliter
1279 3328 1349 3393 pro·

264 3589 304 3659 (l)
323 3589 495 3644 D'Annibale
514 3593 543 3643 in
563 3591 666 3645 Comm.
686 3607 712 3642 n
734 3589 777 3643 68
795 3590 836 3643 ita
854 3606 913 3646 rem
932 3591 1087 3661 exemplat:
1106 3605 1123 3644 tl
1143 3591 1244 3646 Contra
1263 3592 1351 3644 liber·

175 3673 299 3751 tatami...
318 3694 387 3750 haec
405 3697 491 3752 verba
513 3699 611 3765 patent
635 3695 771 3750 latissime
790 3700 820 3750 et
837 3711 920 3752 omne
944 3713 1056 3766 prorsus
1080 3697 1185 3751 feriunt
1208 3695 1302 3766 legum
1321 3700 1350 3751 et

173 3802 349 3858 decretorum
367 3818 455 3871 genus
474 3802 575 3873 quibus
592 3801 694 3857 nedum
713 3801 879 3856 exercitium
898 3803 1045 3872 potestatis
1066 3802 1273 3859 ecclesiasticae
1291 3803 1350 3858 sive

173 3909 373 3964 iurisdictionis
391 3909 450 3964 sive
468 3908 573 3964 ordinis
591 3909 639 3964 sed
658 3908 773 3980 quodvis
798 3907 873 3963 aliod
898 3909 942 3963 ios
964 3909 1151 3980 intercipitur,
1170 3909 1349 3979 restringitur

173 4020 352 4090 deprimitur,
376 4021 571 4089 perturbatur,
597 4023 628 4074 ut
652 4023 720 4090 puta
744 4019 787 4072 ius
810 4018 941 4086 docendi,
967 4019 1149 4089 promovendi
1171 4018 1207 4072 ed
1230 4019 1349 4084 ordines,

173 4127 300 4197 publicas
317 4125 536 4197 supplicationes
554 4130 635 4182 extra
659 4124 764 4195 templa
783 4123 827 4180 rel
847 4130 931 4180 noctu
953 4126 1082 4192 obeundi,
1101 4124 1248 4193 Ecclesiae,
1268 4128 1350 4182 bene·

173 4231 247 4297 ficia,
260 4230 306 4301 pia
318 4228 448 4285 sodalitia
461 4229 611 4296 excitandi,
624 4229 760 4285 beneficia
773 4228 932 4284 conterendi
945 4230 1006 4285 sine
1025 4228 1083 4284 ullo
1096 4231 1255 4284 interventu
1274 4233 1350 4299 pote·

174 4336 256 4392 statis
274 4336 371 4390 laicae.
391 4335 449 4390 lmo
468 4340 497 4390 et
515 4335 577 4390 iura
595 4351 667 4406 quae
680 4335 823 4391 Ecclesiae
841 4350 897 4390 non
916 4335 957 4390 uti
976 4335 1119 4390 Ecclesiae
1137 4335 1186 4390 sed
1205 4335 1245 4390 uti
1263 4335 1351 4390 socie·

173 4443 226 4499 tati
245 4447 409 4513 competunt
428 4451 480 4497 etc.
495 4459 520 4498 a.
