3312 5108
513 313 557 358 ua
582 312 736 360 DELICTls
765 313 806 358 ur
831 313 950 360 renuis
1280 296 1316 360 61

144 433 214 514 quis
236 433 544 519 mutipmtssimus
566 435 735 500 habeatur.
757 471 773 484 -
792 435 874 511 Quia
890 437 922 500 in
940 455 976 500 re
992 437 1118 522 poenali
1139 439 1259 502 utimur
1276 439 1321 502 in·

143 559 378 640 terpretutione
401 579 459 623 reo
483 559 719 640 favorabiliori,
751 560 828 626 hinc
859 563 892 626 in
920 562 1015 648 praxi
1046 561 1132 626 hano
1160 565 1324 646 sequimur

144 680 280 746 alteram
292 683 495 750 sententiam.
513 684 711 799 -Q
719 684 1155 786 gqopantiediscrimiuatur
1171 705 1190 748 a
1206 705 1323 751 crassa

143 811 175 871 et
200 807 327 889 supino
350 809 466 895 quippe
491 809 550 874 ista
573 829 637 874 uon
662 811 807 875 consistit
837 815 960 876 tantum
984 812 1139 897 nepueu-e
1162 811 1195 876 in
1219 811 1322 896 negli-

142 906 253 1014 g'e'nba
284 933 476 1018 gravissime
506 933 673 1020 culpabili,
698 933 753 1000 sed
781 935 926 1018 positio-e
956 937 1061 1000 oritur
1087 955 1130 1000 ex
1161 936 1323 1020 proposito

145 1073 209 1118 nou
238 1054 419 1138 inquirendi
443 1057 524 1144 legis
547 1059 702 1140 notitiam,
728 1077 824 1142 quum
848 1058 934 1123 hano
961 1063 1131 1144 perspecte
1162 1061 1323 1144 cognitam

145 1179 214 1260 quis
238 1177 363 1244 violare
386 1181 497 1246 forsan
525 1201 589 1247 non
612 1181 747 1248 auderet
762 1181 818 1267 (l).
837 1183 998 1257 Quocirca
1014 1183 1169 1268 affectato
1194 1189 1325 1247 nonest

145 1301 283 1368 dicenda
314 1305 498 1390 ignorantia
525 1325 618 1391 quam
650 1306 840 1390 delinquens
870 1308 1071 1392 praeseferat
1095 1307 1147 1372 vel
1172 1307 1324 1372 simulare

146 1427 346 1512 praetendat,
362 1429 434 1494 heic
451 1431 536 1496 enim
553 1450 617 1494 non
634 1431 772 1498 habetur
788 1433 819 1496 in
844 1433 949 1496 animo
966 1437 1072 1497 stolus
1094 1431 1322 1518 ignorantiae,

147 1551 202 1616 sed
226 1559 366 1618 externa
388 1555 548 1620 simulatio
571 1555 623 1618 vel
647 1553 761 1641 figura.

236 1677 270 1758 4)
297 1698 314 1740 ‹
324 1678 505 1796 ¹l’r‘ofipro
529 1685 670 1752 calerno
697 1681 728 1746 oi
751 1701 825 1763 cap.
850 1682 885 1756 2,
910 1681 960 1748 De
987 1679 1095 1748 Const.
1125 1681 1161 1745 in
1188 1681 1211 1746 6
1235 1678 1324 1766 (132)

147 1801 346 1900 iquoruntio
374 1802 443 1867 siue
474 1802 560 1866 iuris
582 1803 651 1868 sice
672 1803 759 1886 secli
786 1795 879 1870 debet
904 1823 975 1870 esse
996 1804 1149 1890 prouder
1172 1803 1324 1886 culpabi·

147 1895 206 2006 itm
233 1931 270 1990 ot
298 1927 452 2010 prauitas
482 1928 604 2009 culpae
633 1948 704 1993 non
735 1929 924 1994 (desumitur
954 1929 1124 1994 eccclesiae
1148 1948 1170 1992 u
1193 1926 1326 1992 matilia

141 2051 275 2131 peccati
299 2051 429 2116 lethalis
444 2074 476 2115 ›.
502 2050 656 2117 Ponimus
680 2053 765 2116 lianc
788 2054 1037 2134 conclusionem,
1067 2073 1160 2136 quam
1183 2053 1324 2117 arbitra-

146 2193 221 2237 mur
244 2174 397 2257 consequi
421 2195 463 2238 ex
486 2174 690 2240 distinctione
714 2195 796 2259 quae
819 2177 992 2242 intercedit
1024 2177 1209 2242 necessaria
1239 2177 1326 2240 inter

147 2297 254 2362 forum
280 2297 441 2362 internum
466 2305 498 2363 et
521 2299 627 2364 forum
647 2271 829 2365 externum.
855 2301 973 2367 Suarez
998 2321 1051 2384 op.
1077 2302 1130 2367 eit.
1156 2302 1175 2366 t.
1202 2300 1254 2366 cit.
1279 2301 1325 2363 uti

148 2423 315 2487 criterium
340 2423 450 2507 gravis
473 2423 586 2509 culpae
610 2428 642 2488 et
666 2425 741 2489 hino
764 2427 809 2490 uti
835 2425 1049 2490 conditionem
1065 2425 1105 2490 ad
1121 2444 1255 2510 poenam
1274 2445 1324 2489 su·

148 2546 308 2611 beandam
339 2549 428 2632 ponit
457 2548 544 2613 hanc
573 2549 717 2634 regulam
743 2549 897 2650 «Ornata
921 2551 1131 2637 memoratio,
1157 2567 1326 2616 excaecans

145 2671 280 2770 [actum
309 2691 353 2737 ne
384 2679 562 2754 peccatum
585 2673 636 2745 sit,
661 2637 925 2740 excaecabunt
944 2695 1095 2758 poenum
1119 2675 1265 2740 debitam
1289 2674 1327 2738 ia

147 2801 294 2880 utroque
315 2795 393 2873 foro
417 2797 602 2862 duinmodo
620 2797 655 2862 in
672 2800 743 2883 leqe
759 2799 855 2864 aliud
870 2819 941 2864 aon
961 2799 1228 2884 capitanatum».
1248 2798 1327 2860 lam·

149 2938 227 2982 vero
252 2919 316 2983 iuri
339 2921 474 3004 positivo
498 2940 568 2985 can.
593 2921 655 2986 hoo
678 2923 871 3006 principium
895 2923 1062 2988 conforme
1079 2941 1142 2986 non
1161 2941 1232 2985 esse
1255 2941 1327 2985 cou-

150 3042 319 3116 tendimus,
337 3045 412 3127 quia
434 3064 588 3130 expresse
609 3045 794 3110 Bonifacius
811 3045 893 3110 Vlll
919 3065 993 3128 cop.
1010 3046 1036 3110 2
1051 3045 1100 3110 De
1116 3049 1217 3111 const.
1236 3044 1275 3124 (l.
1292 3043 1326 3128 2)

151 3168 298 3236 decernit
324 3171 403 3235 «tt
425 3171 624 3238 animarum
643 3171 807 3254 periculis
830 3171 1013 3238 obvietur...
1039 3173 1142 3258 lipari
1168 3171 1327 3238 mollimus

151 3292 356 3377 ignorantes,
374 3292 542 3358 dummodo
559 3312 678 3359 eorum
702 3293 900 3379 ignorantia
916 3315 1034 3360 mussa
1056 3315 1126 3360 oola
1146 3293 1252 3377 fuerit
1269 3298 1329 3358 aut

150 3414 278 3496 arpina
294 3435 325 3478 ›.
342 3417 450 3498 Atqui,
467 3421 557 3480 notat
572 3417 652 3481 scite
669 3414 868 3482 D'Annibale
883 3415 924 3504 (I.
946 3417 1014 3483 312
1028 3423 1096 3484 not.
1122 3417 1192 3503 69),
1211 3416 1328 3480 exinde

150 3533 229 3610 fluit,
255 3538 470 3622 ignorantiam
494 3557 654 3604 excusare
676 3558 718 3602 ex
735 3539 932 3624 indulgentia
954 3538 1148 3624 legislatoris
1172 3541 1224 3623 qui
1245 3540 1329 3604 nolit

150 3663 340 3746 ignorantes
353 3662 457 3746 ligari.
472 3661 534 3728 Sed
547 3664 730 3748 ignorantia
743 3683 824 3746 quae
838 3670 972 3728 excusat
984 3685 1003 3728 a
1016 3665 1109 3750 culpa
1122 3665 1261 3737 mortali,
1275 3684 1329 3728 ex·

151 3790 245 3852 cusat
260 3787 329 3872 ipso
344 3786 485 3850 naturali
502 3789 582 3852 iure.
599 3787 687 3872 Ergo
710 3788 878 3872 legislator
901 3789 992 3854 iussit
1004 3807 1162 3854 excusare
1176 3790 1330 3874 ignoran-

241 3999 282 4070 (Ι)
303 3999 451 4053 Rationem
469 4015 552 4070 quma
571 4000 660 4055 reddit
674 4001 774 4055 Suarez
794 4001 812 4054 l.
827 4021 848 4055 c.
863 4017 996 4068 asserens,
1010 4001 1196 4070 ignorantiam
1216 4001 1330 4054 affecta·

151 4113 210 4161 tam
226 4109 295 4178 plus
313 4107 373 4160 doli
391 4108 535 4162 continere
548 4125 630 4178 quam
645 4110 732 4178 ipsam
751 4110 905 4174 scientium,
918 4109 1019 4178 quippe
1033 4109 1087 4161 ista
1100 4110 1218 4162 includit
1239 4111 1330 4162 scien·

153 4218 221 4269 tiam
249 4217 351 4269 saltem
371 4217 497 4286 periculi
520 4219 548 4270 et
571 4219 758 4284 <iubilationis
778 4233 832 4270 non
859 4234 1003 4286 possumus
1028 4218 1154 4286 probare,
1174 4233 1238 4269 nam
1261 4215 1330 4270 haec

154 4319 273 4374 nolentia
291 4320 376 4374 efficit
396 4325 426 4374 ut
445 4319 568 4390 graviter
587 4325 716 4392 peccetur
735 4321 781 4376 sed
801 4337 856 4375 non
880 4321 920 4374 ita
946 4321 1069 4390 graviter
1097 4321 1274 4392 delinquatur
1297 4323 1330 4374 ad

154 4424 336 4480 incurrendae
354 4425 426 4480 latas
444 4443 554 4496 poenas.
