3312 5112
311 252 356 318 50
834 273 917 320 rans
942 274 965 319 1.

400 395 453 460 31.
478 396 642 504 ἕπῃ-θῶ
659 405 762 461 metus
782 399 962 482 nuncupari
976 398 1057 462 solet
1070 417 1090 460 a
1102 399 1320 464 criminalistis
1331 401 1492 466 violentia

304 521 450 605 physica
473 541 529 586 seu
554 521 594 586 ab
619 521 826 604 extrinsecam
849 521 924 604 quid
949 524 1028 588 iuris
1051 523 1091 587 de
1115 525 1271 588 attolentia
1289 527 1412 592 irrorati
1432 547 1489 592 seu

305 643 345 707 ab
369 645 552 712 intrinseco
576 647 775 732 proveniens
798 646 838 710 ob
870 635 994 712 aestum
1018 647 1248 734 cupiditatum?
1278 650 1378 714 Nemo
1409 671 1489 716 sane

307 768 431 834 inficias
466 772 571 871 iverit,
608 770 799 856 cupiditates
832 770 911 836 adeo
938 791 1032 856 posse
1062 791 1195 837 movere
1225 774 1422 840 voluntatem
1453 783 1489 842 ut

304 895 373 959 eius
390 893 541 960 iudicium
559 901 786 981 praevertent;
803 900 881 961 tunc
896 902 1003 962 aestus
1027 899 1169 983 appetiti,
1186 900 1275 982 quasi
1291 899 1393 968 furor.
1412 923 1487 986 per-

305 1018 405 1084 trahit
427 1019 591 1085 hominem
616 1021 656 1086 ad
679 1027 785 1086 actum
810 1042 904 1106 quem
928 1023 1077 1087 voluntas
1100 1023 1207 1088 arlhuc
1235 1043 1297 1088 non
1330 1026 1484 1111 elegerat.

303 1143 382 1208 Inde
405 1149 497 1210 actus
521 1151 571 1209 est
593 1145 747 1219 lomina,
772 1146 1040 1226 nonlnmionus,
1066 1151 1113 1210 est
1137 1146 1199 1210 doli
1221 1166 1350 1230 expers,
1368 1149 1483 1214 saltam

302 1271 336 1334 in
359 1271 477 1354 effectu
507 1271 626 1334 sinon
655 1271 688 1333 in
722 1289 836 1335 causo.
862 1303 879 1317 ·
906 1269 1001 1334 Hanc
1031 1269 1099 1334 oim
1131 1271 1302 1336 internam
1333 1272 1483 1340 hodierni

300 1395 490 1480 psychiatri‚
526 1393 887 1478 pseudocriminalistae,
912 1401 1030 1458 uocant
1059 1395 1127 1459 nint
1164 1395 1391 1463 invincibilem
1424 1420 1482 1464 seu

300 1518 544 1585 irresistibitem
561 1517 606 1602 (l)
623 1523 655 1583 et
672 1520 704 1582 in
721 1518 783 1584 hoc
807 1524 930 1590 errant,
955 1523 1158 1584 autumantes
1186 1527 1307 1586 aestum
1326 1524 1481 1606 cupidita-

299 1647 367 1706 tum
390 1645 435 1706 ita
458 1642 617 1707 dominari
649 1643 794 1706 homines
818 1649 940 1707 utnon
971 1649 1071 1727 agant
1100 1645 1163 1708 nisi
1193 1644 1303 1709 taliter
1333 1648 1409 1710 moti
1440 1666 1481 1712 ac

299 1763 501 1830 determinati
526 1763 566 1829 ad
585 1764 763 1850 agendum3
780 1763 988 1848 quamobrem
1004 1765 1185 1848 opinantur.
1204 1767 1351 1831 homines
1372 1767 1479 1853 legem

296 1888 430 1960 violare,
444 1890 468 1954 si
483 1891 585 1975 magis
597 1893 792 1974 praepotens
804 1889 845 1952 sit
858 1894 960 1952 motus
972 1889 1103 1972 appetiti
1116 1889 1148 1952 in
1161 1890 1293 1952 vetitum
1306 1889 1477 1963 obiectum,

297 2033 391 2100 quam
411 2016 553 2102 repulsio
578 2035 703 2100 poenae
726 2035 745 2078 a
768 2019 1020 2098 transgressore.
1035 2013 1230 2078 subeundae.
1258 2051 1274 2062 -
1301 2016 1357 2080 Isti
1380 2023 1479 2082 mate·

297 2137 438 2201 rialistae
455 2143 575 2222 negant
590 2136 727 2202 liberum
740 2133 910 2200 arbitrium
923 2135 1015 2218 eique
1029 2135 1224 2200 substituunt
1237 2137 1395 2221 appetitus
1411 2139 1477 2201 vim

295 2283 377 2348 quae
394 2264 541 2349 perducit
559 2263 600 2328 ad
617 2262 786 2350 agendum,
804 2267 871 2328 sive
887 2266 978 2330 iuxta
993 2264 1097 2348 legem
1115 2264 1183 2328 sive
1198 2261 1354 2327 adversus
1369 2263 1476 2349 legem

295 2407 355 2471 pro
379 2388 498 2450 maiore
519 2385 665 2452 efficacia
689 2407 751 2470 qua
775 2389 956 2472 appetimus
980 2389 1032 2451 vel
1056 2389 1157 2471 ipsam
1180 2387 1285 2472 legem
1310 2386 1360 2452 rel
1389 2387 1476 2453 obie-

295 2515 380 2576 ctum
404 2510 444 2575 ab
469 2530 508 2574 ea
530 2509 739 2594 prohibitum.

383 2631 429 2694 De
453 2632 612 2695 sententia
635 2649 718 2713 quae
740 2633 859 2714 repetit
889 2631 989 2696 malas
1020 2630 1193 2695 voluntatis
1224 2629 1474 2698 deliberationes

292 2773 334 2818 ex
358 2753 492 2838 quodam
502 2755 617 2820 morbo
631 2774 692 2838 quo
705 2755 767 2819 ista
787 2751 955 2828 afficiatur,
970 2756 1033 2818 iam
1046 2754 1182 2820 vidimus
1195 2755 1226 2816 in
1239 2758 1305 2818 not.
1322 2755 1350 2818 l.
1363 2774 1399 2836 p.
1414 2755 1471 2832 44,

292 2880 382 2946 Unde
413 2880 559 2945 inferunt
589 2880 785 2990 voluntatem
816 2881 964 2965 pertrahi
995 2879 1035 2944 ad
1066 2879 1225 2964 agendum
1256 2879 1296 2943 ab
1328 2883 1471 2964 appetitu

290 3004 423 3068 rationis
454 3004 573 3076 nescio,
599 3001 651 3066 vel
682 3003 790 3067 arceri
822 3001 862 3066 ab
890 3001 1026 3086 agendo,
1051 3001 1134 3084 qnod
1166 3002 1238 3086 lege
1262 2998 1399 3074 iubetur,
1429 3001 1470 3066 ob

289 3125 455 3208 quamdam
480 3126 597 3190 virium
621 3123 867 3196 destitutionem,
885 3124 1101 3208 refugientem
1125 3143 1145 3186 a
1169 3141 1368 3207 quocumque
1391 3121 1469 3188 deli-

289 3249 462 3315 berationis
486 3255 582 3336 motu.
602 3251 752 3314 Nostrum
769 3254 897 3313 nonest
914 3248 1060 3314 refutare
1077 3249 1158 3312 haec
1174 3247 1370 3332 sophismata
1385 3268 1468 3331 quae

286 3375 429 3456 quamvis
446 3373 595 3438 damnata
610 3394 630 3438 a
645 3376 803 3438 communi
819 3374 983 3439 hominum
1001 3395 1097 3438 sensu
1114 3379 1145 3437 et
1157 3372 1196 3438 ab
1212 3374 1326 3437 intima
1340 3375 1470 3458 nostro,

285 3518 357 3562 rum
380 3505 509 3564 actuum
534 3501 741 3580 conscientia,
766 3499 867 3563 nihilo
891 3501 1004 3569 secius,
1030 3499 1115 3564 malo
1139 3499 1216 3578 fato,
1234 3497 1466 3582 crepitantibus

285 3747 332 3814 qui
350 3761 367 3796 a
387 3745 450 3814 lepe
468 3745 589 3797 bremens
608 3753 735 3809 anteisset,⁸
760 3747 788 3798 id
814 3754 854 3798 est
880 3745 998 3798 iniustus
1024 3755 1049 3797 et
1072 3743 1169 3812 probis
1187 3759 1238 3796 seu
1263 3741 1389 3795 absolute
1413 3757 1465 3797 seu

283 3851 402 3904 relative
416 3869 441 3914 r,
461 3849 582 3918 intelligi
602 3850 684 3904 debet
703 3849 893 3904 tantummodo
913 3849 945 3902 de
962 3853 1036 3902 nictu
1056 3849 1103 3918 qui
1123 3851 1157 3902 ab
1181 3847 1291 3902 homine
1317 3849 1462 3902 incutitur.

283 3957 340 4010 Nos
359 3967 463 4011 metum
482 3958 646 4010 assumimus
672 3957 777 4026 largius
804 3957 896 4026 prouti
915 3928 997 4010 hodie
1016 3955 1107 4009 solent
1132 3954 1341 4020 criminalistae‚
1362 3958 1391 4009 et
1411 3955 1462 4008 sub

283 4069 358 4118 metu
373 4061 630 4132 comprehendimus
643 4064 776 4116 nonnulla
790 4065 886 4132 gravia
899 4061 1072 4117 incommoda
1085 4077 1156 4132 quae
1173 4065 1306 4116 excusant
1319 4061 1354 4114 ab
1368 4061 1463 4113 obser-

282 4173 379 4228 vantia
399 4173 469 4241 legis
488 4171 626 4226 humanae
644 4187 699 4224 noia
718 4172 836 4225 iubentis
855 4189 917 4225 curn
936 4173 1020 4241 prrzoi
1038 4171 1219 4223 incommodo.

368 4280 406 4352 (l)
427 4280 519 4335 Codex
537 4277 659 4333 Gallicus
681 4289 732 4332 art.
754 4280 794 4332 ol
815 4279 903 4332 utitur
919 4277 971 4331 hae
992 4293 1088 4348 parum
1108 4277 1183 4332 felici
1208 4275 1339 4342 dictione,
1355 4273 1402 4329 sed
1430 4275 1458 4328 in

281 4387 365 4442 alium
382 4396 504 4442 sensum.
