3296 5108
297 288 363 356 394
815 308 903 356 naas
927 309 949 354 1.

296 451 376 496 vero
400 431 547 516 efficiente
570 437 619 498 est
641 434 746 518 ipsum
770 431 992 508 homicidium
1016 432 1100 518 quod
1124 435 1151 498 si
1175 439 1225 499 eat
1246 434 1379 506 licitum,
1396 435 1478 499 irre·

296 557 500 643 gularitatem
524 557 611 643 parit
634 577 677 624 ex
700 558 836 643 simplici
860 557 994 640 defectu
1017 558 1185 642 lenitatis5
1207 559 1234 624 si
1258 563 1307 623 est
1330 557 1476 624 illicitum

295 699 352 744 seu
382 680 564 766 culposum,
589 682 866 768 irregularitatem
881 745 884 752 ,
899 688 1010 748 causat
1040 680 1081 748 ob
1112 680 1306 768 culpabilem
1333 682 1477 747 lenitatis

296 804 465 887 defectum,
488 825 604 892 nempe
632 825 677 872 etc
700 805 828 872 delicto.
855 805 948 871 Haec
970 811 1022 872 est
1043 807 1168 892 species
1188 802 1297 872 infima
1320 806 1477 892 irregula-

296 931 411 996 ritatis.

386 1057 428 1120 At
450 1056 590 1120 maxime
611 1056 758 1130 interest¹
771 1074 930 1120 revocare
952 1054 1093 1122 indolem
1116 1063 1148 1121 et
1164 1056 1376 1120 intentionem
1395 1055 1479 1118 iuris

296 1181 485 1254 communis,
502 1179 586 1264 quod
599 1181 632 1244 in
647 1180 776 1245 homine
793 1181 895 1244 saeris
911 1179 1077 1245 ordinibus
1093 1178 1327 1253 accettando,
1340 1184 1396 1244 aut
1411 1179 1475 1244 hm

295 1305 476 1389 adscripto,
492 1305 574 1371 adeo
598 1304 778 1371 detestatur
801 1304 922 1370 iactum
945 1304 1108 1370 homicidii
1125 1309 1181 1370 aut
1203 1304 1423 1378 mutilationis,
1440 1287 1479 1371 ut

295 1431 506 1504 constituerit,
524 1449 652 1514 semper
675 1428 950 1516 irregularitatem
974 1429 1054 1494 oriri
1079 1431 1112 1492 in
1129 1448 1177 1502 eo,
1195 1430 1248 1514 qui
1268 1427 1476 1494 homicidium

294 1555 350 1616 aut
373 1551 603 1616 mutilationem
627 1551 777 1636 patravit.
806 1552 932 1617 Varum
955 1550 1181 1637 irregularitas
1204 1551 1309 1616 oritur
1332 1571 1375 1616 ex
1397 1551 1475 1616 sim-

294 1676 370 1761 plici
386 1675 472 1741 iacto
488 1677 614 1741 ratione
629 1675 779 1760 desectus
796 1675 952 1768 lenitatis,
969 1678 995 1741 si
1011 1675 1194 1748 nullimode,
1211 1695 1257 1742 erc
1276 1675 1396 1743 delicto
1420 1683 1478 1740 aut

293 1799 393 1884 quati
410 1835 426 1848 -
444 1800 563 1867 delicto
586 1802 762 1886 provenire
785 1800 955 1867 dicendum
979 1801 1020 1867 sit
1042 1801 1146 1886 ipsum
1164 1800 1286 1866 factum
1310 1799 1475 1866 homicidii

294 1929 349 1990 ant
371 1925 588 1992 mutilationis.
613 1926 695 1992 Inde
719 1926 833 2012 regula
855 1927 982 1991 eruitur
1009 1925 1155 2012 practica
1177 1927 1286 2011 magni
1310 1925 1475 2011 ponderis,

295 2051 339 2115 uti
370 2054 461 2114 notat
482 2050 693 2136 Van-Espen.
719 2051 756 2114 P.
781 2050 825 2132 II,
848 2053 896 2116 tit.
923 2050 965 2115 10
988 2069 1058 2134 cap.
1084 2049 1161 2114 711.
1188 2049 1238 2114 13.

383 2173 458 2241 306.
484 2173 567 2251 Quia
597 2195 661 2240 non
692 2176 794 2241 solum
826 2175 978 2242 occidere
1002 2173 1057 2240 sed
1088 2175 1185 2240 etiam
1216 2174 1377 2240 mutilare
1403 2192 1475 2259 spe-

294 2301 409 2367 cialem
439 2301 622 2388 praesefert
652 2301 826 2373 feritatem,
851 2300 928 2366 hinc
958 2299 998 2365 ad
1023 2299 1253 2366 incurrendam
1280 2298 1476 2384 irregulari-

293 2430 402 2499 tatem,
427 2422 545 2490 suffioit
567 2425 636 2510 ipsa
659 2424 846 2492 mutilatio:
869 2443 938 2510 arg.
964 2423 1064 2492 Clam.
1089 2443 1148 2490 uu.
1166 2429 1186 2488 t.
1212 2423 1243 2488 b.
1267 2429 1301 2488 at
1324 2442 1415 2508 capp.
1442 2425 1476 2487 4.

292 2554 327 2617 et
356 2548 387 2615 5.
414 2548 502 2616 «Ne
528 2550 641 2616 elerici
670 2552 722 2616 oet
745 2549 904 2616 monachi
927 2570 957 2612 a.
984 2549 1198 2614 Homicidium
1226 2547 1375 2630 habetur,
1400 2567 1477 2614 cum

293 2675 389 2740 homo
412 2677 510 2740 vitam
534 2677 651 2741 amittit
673 2694 773 2761 opera
795 2674 929 2740 alterius
953 2675 1102 2740 hominis.
1121 2673 1200 2740 Inde
1220 2672 1354 2741 abortus
1369 2672 1479 2738 foetus

293 2799 437 2866 animati
454 2799 501 2886 (1)
523 2799 730 2866 homicidium
753 2805 811 2866 est.

383 2923 537 2990 Mutilare
567 2926 720 3009 importat
746 2921 926 2990 membrum
956 2923 1163 3000 abscindere;
1191 2943 1307 3009 nempe
1334 2923 1476 3009 aliquam

293 3049 439 3131 eorporis
454 3051 590 3132 partem,
607 3047 773 3132 proprium
796 3052 830 3113 et
844 3046 1029 3112 distinctum
1049 3053 1156 3113 actum
1173 3045 1346 3114 habentem
1369 3067 1477 3112 acor·

292 3189 372 3256 pore
395 3190 559 3257 separare.

382 3294 457 3360 307.
482 3297 527 3361 At
545 3295 751 3361 homicidium
768 3300 800 3361 et
815 3295 983 3372 mutilatio,
1000 3315 1044 3360 ex
1059 3293 1203 3361 subiecta
1219 3297 1366 3368 materia,
1383 3297 1476 3361 nimi·

292 3438 364 3483 rum
388 3420 464 3503 quia
487 3419 520 3484 in
544 3437 581 3484 re
604 3424 660 3484 aut
690 3417 816 3504 poenali
847 3425 903 3484 aut
925 3419 1039 3484 saltem
1062 3417 1259 3504 prohibitiva
1289 3437 1476 3500 versamur,

293 3539 567 3624 irregularitatem
590 3560 708 3626 parere
732 3540 955 3626 intelliguntur
978 3542 1098 3625 effectu
1127 3545 1270 3624 aequato
1293 3541 1474 3606 cistricto.

295 3662 386 3730 Unde
409 3663 554 3729 morbum
570 3665 623 3730 rel
646 3665 772 3738 vulnus,
791 3665 850 3730 etsi
866 3684 976 3750 grave,
994 3683 1141 3744 causare,
1158 3661 1340 3737 dummodo,
1358 3683 1401 3728 ex
1416 3663 1477 3729 illo

292 3808 356 3853 non
380 3793 533 3872 sequatur
556 3809 654 3870 mors,
678 3809 743 3854 non
766 3794 815 3855 ost
837 3788 1002 3864 occidere;
1027 3794 1060 3854 et
1090 3787 1286 3870 deformare,
1310 3789 1375 3852 imo
1403 3787 1476 3853 red·

380 3999 420 4069 (l)
440 3998 512 4055 Sane
531 4000 564 4052 ad
580 4001 773 4054 incurrendam
794 3999 1033 4070 irregularitatem
1053 3999 1205 4070 requiritur
1218 4003 1249 4054 ut
1261 3999 1354 4054 foetus
1365 3999 1478 4054 eiectus

291 4108 444 4172 merlotum
456 4111 485 4160 et
498 4105 562 4160 hinc
575 4107 647 4178 quod
660 4107 746 4161 irrerit
758 4109 911 4173 animabar,-
923 4125 983 4178 ary.
998 4125 1057 4177 cop.
1071 4109 1121 4173 20,
1134 4109 1158 4160 b.
1174 4118 1191 4160 t.
1206 4106 1298 4168 Quare
1310 4121 1367 4160 non
1380 4111 1477 4176 potest

292 4210 403 4264 extendi
429 4211 463 4264 ad
481 4209 555 4276 hune
577 4227 679 4277 casum,
699 4213 743 4265 ius
761 4213 943 4267 nouissimum
962 4213 1106 4267 inductum
1126 4229 1144 4267 a
1161 4213 1255 4268 Const.
1276 4217 1329 4284 Ap.
1351 4213 1424 4278 Sed,
1444 4213 1475 4266 vi

292 4317 369 4369 cuius
393 4317 547 4371 incurritur
573 4319 824 4373 excommunicatio
846 4320 881 4373 ob
907 4323 1086 4390 procuratum
1114 4322 1253 4388 abortum,
1272 4319 1351 4375 nulla
1374 4318 1477 4373 habita

292 4424 399 4478 ratione
418 4441 453 4478 ao
472 4426 563 4480 foetus
581 4427 667 4480 luerit
685 4428 825 4480 animatus
843 4427 888 4482 vel
908 4431 1085 4482 irzunimorus.
