3306 5102
519 335 563 380 un
587 335 740 383 untrcrrs
763 337 806 384 nr
831 337 948 384 nosris
1255 322 1321 386 293

145 455 254 522 locum
270 477 335 522 non
351 457 459 540 fuisse,
477 479 582 526 causa
602 462 746 547 cognita,
771 463 1031 546 quotiescumque
1054 467 1170 547 pateat,
1188 483 1320 547 gravem

145 582 274 669 culpam
298 591 477 652 eataaam
499 605 563 652 non
587 585 745 662 adfuisss;
770 587 852 671 quod
869 587 895 652 si
912 587 994 653 haec
1013 587 1125 668 adfuit,
1143 591 1323 674 praesumit

144 727 212 772 non
235 707 375 774 defuisse
406 710 532 796 culpam
565 711 786 798 theologicam
806 710 862 797 (1).
889 711 998 786 Quare
1025 712 1088 777 hoc
1115 713 1319 778 homicidium

144 834 284 898 caauate
306 834 392 900 unde
414 837 494 900 oriri
518 840 623 920 potest
644 836 869 922 irregularitas
892 837 1033 920 pertinet
1056 837 1096 901 ad
1120 837 1320 921 quasi-deti-

144 963 257 1041 ctum;
280 965 312 1024 et
335 959 398 1025 hoc
412 958 571 1046 significat
587 959 717 1026 rubrica
737 961 789 1026 cit.
806 980 881 1044 cap.
898 961 935 1026 in
952 962 1051 1028 Cone.
1076 961 1168 1026 Tm'd.
1187 981 1319 1046 nempe:

145 1083 377 1149 ‹Voluntara'i
407 1085 595 1152 homicidae
624 1105 822 1170 numatam,
856 1086 1010 1152 casuales
1035 1086 1205 1169 quosaodo
1229 1087 1319 1151 ordi-

143 1207 255 1272 nandi
271 1230 300 1281 r,
325 1214 358 1273 et
380 1211 441 1274 ista
464 1210 605 1275 concinit
629 1209 778 1275 rubricae
803 1209 890 1276 tituli
908 1209 961 1284 12,
978 1209 1033 1275 tit.
1057 1210 1090 1284 V,
1110 1210 1149 1280 X,
1175 1211 1320 1295 inscripti

145 1333 232 1400 <De
248 1335 428 1404 homicidio
451 1337 644 1404 volontarie
659 1339 712 1404 vet
728 1337 858 1403 casuali
876 1358 905 1400 ».
924 1337 967 1402 At
989 1337 1072 1402 haee
1092 1339 1250 1423 principia
1273 1339 1318 1402 la-

141 1456 206 1521 tius
229 1459 460 1544 explicabimus
483 1466 617 1546 agentes
640 1459 680 1526 de
704 1462 946 1546 irregularitate
968 1479 1014 1526 aa
1039 1461 1228 1527 homicidio.

213 1582 286 1648 199.
310 1587 363 1648 An
379 1585 561 1671 impuberes
585 1587 758 1651 incurrant
773 1585 1031 1671 irregularitates
1048 1605 1094 1652 ea
1112 1586 1231 1652 delicto
1255 1605 1319 1651 non

141 1711 295 1774 convenit
317 1710 401 1795 apud
425 1713 620 1787 canonistas;
645 1711 700 1777 sed
725 1713 772 1776 uti
797 1711 1028 1796 explicavimus
1043 1732 1077 1776 a.
1094 1710 1154 1784 28,
1170 1713 1192 1794 ἓ
1208 1711 1232 1778 5
1248 1732 1320 1797 pro-

140 1828 280 1896 babilior
295 1851 351 1896 seu
367 1834 478 1897 verior
493 1839 542 1898 est
557 1811 664 1917 opinio
681 1853 763 1918 quae
778 1837 875 1906 tenet,
891 1833 1073 1918 impuberes
1089 1835 1150 1898 etsi
1163 1834 1319 1899 infantiae

141 1959 309 2041 proximos
325 1995 343 2006 -
361 1958 531 2024 dummodo
554 1964 680 2025 constet
698 1959 770 2024 dolo
794 1979 856 2023 non
881 1959 981 2026 fuisse
1006 1963 1157 2044 expertes
1173 1994 1200 2032 -‚
1224 1959 1319 2044 (quod

140 2087 250 2149 tamen
275 2105 339 2150 non
351 2087 597 2168 praesumitur,
616 2085 671 2150 sed
682 2085 830 2169 probari
845 2084 950 2170 debet)
968 2085 1225 2170 irregularitates
1241 2105 1318 2150 cou-

141 2210 286 2284 trabere,
304 2212 420 2296 quippe
435 2213 515 2276 istae
531 2219 606 2277 sunt
621 2210 971 2296 quast-intaetmates.
991 2211 1121 2276 Revera
1136 2210 1167 2276 S.
1185 2211 1218 2276 O.
1233 2209 1266 2278 O.
1286 2212 1318 2274 in

141 2336 336 2417 Messenen,
359 2337 639 2423 Irreputaritetia
657 2338 680 2402 5
698 2336 779 2402 Iulii
794 2335 885 2402 1838
907 2334 1175 2421 dispensationem
1200 2339 1318 2421 imper·

139 2459 204 2524 tire
235 2460 339 2525 noluit
367 2479 468 2544 puero
491 2479 606 2524 novem
630 2479 806 2534 annorum;
835 2464 868 2523 at
891 2479 928 2524 re
955 2459 1072 2524 iterum
1100 2458 1242 2524 discussa
1264 2457 1319 2522 die

139 2581 180 2645 17
197 2583 274 2648 Dee.
292 2581 384 2647 1740
407 2583 603 2668 dispensavit
626 2584 672 2648 ad
695 2585 881 2665 cautelam
905 2583 981 2648 item
1008 2603 1042 2648 se
1066 2583 1166 2667 gessit
1188 2584 1221 2646 in
1245 2583 1318 2646 Tri-

138 2706 282 2788 dentina,
300 2709 581 2794 irregularitatis,
604 2707 648 2774 13
667 2709 787 2773 Martii
806 2706 901 2773 1784.
926 2708 1137 2772 Nihilominus
1160 2709 1318 2773 sententia

138 2850 222 2914 quae
243 2836 333 2896 tenet
355 2831 547 2918 impuberes,
571 2832 830 2918 irregularitates
853 2849 919 2896 non
939 2832 1135 2896 contrahere
1158 2837 1207 2896 est
1230 2851 1317 2896 com-

138 2957 281 3021 munior:
307 2956 348 3021 cf.
374 2959 539 3043 Gasparri,
564 2977 618 3041 op.
643 2958 695 3024 eit.
720 2977 753 3022 a.
774 2957 860 3022 202.
886 2956 1028 3021 Proinde
1052 2959 1085 3020 in
1109 2955 1204 3023 dubio
1227 2957 1316 3030 iuris,

137 3079 243 3164 quoad
259 3083 387 3165 praxim
407 3083 492 3147 hauc
508 3083 699 3147 sententiam
718 3082 808 3164 sequi
824 3101 1000 3166 possumus.
1020 3116 1037 3129 -
1056 3079 1086 3146 S.
1100 3080 1317 3166 congregatio

138 3203 273 3268 Consilii
289 3204 502 3288 dispensando
518 3205 565 3271 ad
580 3206 759 3286 cautelam,
773 3205 991 3288 quaestionem
1008 3203 1139 3288 reliquit
1153 3205 1316 3269 intactam.

219 3399 259 3468 (l)
279 3399 336 3453 Nos
355 3400 529 3469 explicantes
547 3400 742 3470 quasi-delicta
760 3416 785 3452 n.
805 3399 840 3452 34
859 3399 1017 3466 docuimus,
1037 3399 1091 3452 ista
1115 3399 1262 3468 provenire
1280 3415 1314 3453 ex

137 3503 221 3574 culpa
241 3506 311 3572 levi,·
336 3506 384 3561 sed
406 3509 545 3577 quatenus
563 3504 633 3560 haee
658 3507 807 3576 opponitur
828 3508 903 3560 tatae
922 3505 985 3560 dolo
1009 3505 1216 3576 aequiparatae.
1237 3503 1318 3559 Unde

137 3611 209 3666 levis
228 3613 318 3682 culpa,
331 3616 468 3669 abstracte
482 3631 625 3684 perpensa,
645 3614 673 3668 in
687 3614 876 3668 materiatam
890 3613 970 3682 gravi
984 3614 1017 3667 fit
1030 3613 1124 3683 gravis
1136 3611 1234 3682 culpa3
1252 3613 1318 3682 quia

136 3718 251 3773 omissio
269 3719 434 3789 diligentiae
448 3719 476 3773 in
489 3724 547 3773 tam
560 3719 640 3789 gravi
653 3721 767 3789 negotio
786 3724 828 3774 est
847 3736 949 3789 magna
967 3719 1155 3789 negligentia3
1174 3722 1203 3772 st
1214 3735 1317 3787 magna

135 3827 312 3897 negligentia
331 3829 415 3898 eulpa
435 3837 483 3896 est,
500 3845 605 3898 magna
624 3829 707 3899 eulpa
720 3829 802 3882 dotus
815 3838 862 3882 est.
877 3827 958 3884 Unde
971 3843 1034 3882 cum
1051 3830 1152 3895 agatur
1167 3825 1201 3880 de
1218 3824 1317 3878 decore

135 3934 318 3991 sacerdotalis
335 3935 439 3990 ordinis
459 3941 488 3990 et
506 3936 538 3992 do
555 3937 614 3991 vita
626 3935 754 4002 hominis,
768 3953 834 3991 sane
854 3936 929 4005 rigor
943 3952 997 3989 non
1018 3940 1060 3989 est
1078 3933 1181 3988 nimius
1199 3933 1222 3986 si
1236 3932 1317 4002 culpa

135 4043 292 4114 theologice
312 4045 382 4098 levis
400 4043 552 4098 muletatur
570 4043 788 4114 irregularitate.
808 4043 970 4096 Huiusmodi
990 4041 1169 4095 homicidium
1189 4040 1241 4094 etsi
1258 4041 1318 4093 cul·

132 4167 237 4220 pesam
255 4151 285 4204 in
304 4151 422 4204 rubricis
440 4153 556 4205 vocatur
574 4153 688 4204 casuale
707 4151 773 4221 quia
792 4150 834 4204 uti
852 4149 1045 4203 adnotavimus
1063 4167 1091 4202 n.
1104 4150 1148 4200 35
1163 4147 1317 4216 antiquitus

136 4259 299 4312 canonistas
311 4259 472 4322 docuerunt,
492 4275 586 4312 casum
605 4275 685 4328 posse
704 4258 835 4327 coniungi
855 4275 917 4311 cum
937 4258 1036 4328 eulpa‚·
1054 4265 1083 4311 et
1102 4255 1155 4309 hoc
1169 4254 1316 4308 admissum

134 4369 198 4436 fuit,
211 4367 377 4422 assumendo
395 4383 476 4422 casus
491 4367 723 4436 significationem
737 4366 831 4421 latiori
845 4382 936 4432 sensu,
955 4365 1024 4420 adeo
1038 4370 1136 4419 utnon
1155 4360 1317 4419 excluderet

137 4475 250 4544 culpans
271 4473 370 4528 saltem
391 4475 489 4530 leuem.
