3296 5108
304 305 370 370 414
825 323 908 370 raas
932 323 953 368 1.

305 465 388 526 rum,
408 451 465 511 aut
487 445 723 512 incredulitatis
746 445 798 510 vel
822 445 970 510 atheismi
994 442 1210 530 profiteantur
1232 443 1391 529 dogmata,
1408 463 1485 528 qua·

304 571 351 637 133
375 577 448 636 3331
471 569 616 636 moderni
641 568 738 635 tiberi
760 569 971 656 copitatores,
996 568 1228 650 rationalistae,
1245 569 1343 650 athei,
1360 569 1485 633 deistae

304 697 408 762 etalii
424 696 456 762 id
471 716 591 782 genus:
608 696 640 760 hi
658 715 768 760 omnes
783 701 859 760 3331
873 699 1059 778 apostalae.
1078 730 1096 742 -
1115 697 1237 760 Tamen
1257 698 1373 781 passim
1389 715 1486 760 cano

303 824 408 886 nisiae
430 822 536 887 331331
557 821 755 906 distinguere
777 821 939 904 triplicem
967 821 1146 904 apostasiae
1172 823 1323 905 speciem.
1349 839 1484 906 nempe:

440 947 473 1033 l)
496 947 704 1029 apostasiam
727 965 750 1010 a
772 947 849 1031 fide,
878 946 918 1011 de
940 966 1004 1029 qna
1026 946 1120 1040 modo
1144 945 1292 1016 diximus.

438 1070 473 1155 2)
495 1071 704 1155 apostasiam
727 1090 750 1134 a
772 1071 947 1156 relipione,
972 1090 1030 1136 seu
1053 1090 1073 1135 a
1096 1077 1180 1135 statu
1204 1071 1366 1157 religioso,

439 1193 474 1276 3)
495 1195 705 1276 apostasiam
722 1192 765 1259 ab
781 1193 903 1259 ordine
917 1213 1027 1274 sacro,
1044 1193 1215 1277 dequibus
1234 1193 1355 1278 aliquid
1375 1195 1486 1257 inune—

306 1335 377 1379 mns
401 1336 441 1381 ne
457 1313 513 1381 fiat
536 1317 767 1401 aequivocatio.

395 1441 470 1506 326.
495 1441 678 1524 Aposlasa'a
701 1459 723 1505 a
746 1439 910 1526 relipioae
933 1460 990 1506 seu
1005 1460 1026 1503 a
1040 1446 1129 1506 slata
1153 1439 1311 1527 redipioso
1336 1445 1488 1526 patratur

305 1589 324 1632 a
349 1567 493 1653 regulari
517 1569 570 1650 qui
593 1565 714 1650 absque
737 1566 922 1650 Superioris
944 1567 1085 1646 licentia,
1101 1567 1172 1630 sine
1193 1567 1372 1630 intentione
1387 1567 1487 1630 alium

306 1691 451 1756 ordinem
475 1689 687 1776 ingrediendi,
715 1689 836 1754 deserit
866 1687 1012 1752 ordinem
1043 1688 1232 1774 religiosum
1255 1687 1486 1772 approbatum

305 1817 356 1880 cui
389 1813 535 1880 addictus
562 1819 633 1879 erat
666 1832 726 1898 per
760 1812 1004 1898 professionem,
1039 1813 1117 1896 quin
1150 1811 1308 1877 redeundi
1342 1813 1487 1876 animum

307 1939 435 2004 habeat.
461 1941 597 2022 Inquam
627 1938 784 2004 ordinem
810 1937 1017 2023 relipiosam
1043 1939 1118 2020 quia
1148 1936 1327 2002 hodiernae
1352 1954 1488 2021 congre

306 2065 453 2150 galiones
476 2064 648 2149 religiosae
671 2083 736 2128 non
759 2064 893 2128 veniunt
908 2062 971 2127 hoc
990 2081 1100 2142 censu,
1116 2081 1222 2146 neque
1237 2062 1356 2127 harum
1372 2061 1488 2126 deser·

305 2195 394 2255 tores
423 2194 597 2274 apostatae,
629 2208 725 2254 sensu
753 2191 842 2269 iuris,
874 2190 985 2254 vocari
1014 2173 1155 2275 possunt.
1180 2188 1243 2254 Sed
1274 2190 1345 2272 quis
1377 2187 1488 2252 ordini

308 2310 458 2395 religioso
482 2315 634 2375 censetur
657 2308 802 2374 addictus
825 2309 921 2374 etiam
938 2329 997 2394 per
1018 2315 1202 2396 nuncupata
1217 2314 1294 2374 vota
1309 2308 1486 2394 semplicia.

307 2433 356 2501 Cf.
380 2435 426 2500 ol.
454 2431 491 2498 P.
521 2435 565 2500 M.
597 2435 643 2499 lle
673 2433 762 2498 Luca
795 2433 846 2500 De
879 2433 1011 2499 delictis
1040 2439 1072 2498 et
1097 2433 1227 2517 poenis,
1259 2453 1289 2518 p.
1317 2431 1391 2498 107.
1424 2432 1488 2496 Ille

305 2563 413 2622 autern
438 2559 491 2640 qui
515 2576 607 2622 suum
631 2556 776 2622 ordinem
804 2557 985 2640 dereliquit,
1017 2559 1135 2622 iterum
1162 2555 1337 2626 rediturus,
1367 2553 1488 2621 dicitur

308 2703 371 2747 nou
394 2687 540 2767 apostata
563 2681 619 2747 sed
641 2680 806 2768 sapilious
829 2687 862 2746 et
883 2682 956 2748 aliis
980 2685 1092 2768 Poenis
1118 2687 1258 2748 tenetur.

397 2805 501 2885 Patet,
525 2805 611 2870 hanc
633 2807 813 2890 apostasiae
836 2808 975 2892 speciem
999 2825 1064 2870 non
1095 2807 1192 2892 plecti
1222 2807 1486 2870 excommunica·

307 2933 394 2996 lione
420 2933 454 2996 in
476 2931 594 3013 primo
617 2935 678 2993 art.
704 2929 812 2995 Oonst.
836 2928 952 3011 Aposl.
977 2931 1067 2996 sedis
1089 2931 1231 2996 decreta.
1259 2964 1276 2979 ·
1304 2931 1371 2994 lmo
1395 2931 1487 3013 siqua

306 3075 445 3122 censura
468 3059 488 3122 1.
512 3077 537 3120 s.
564 3075 606 3120 ex
630 3057 700 3119 iure
724 3057 885 3120 communi
909 3061 1004 3120 antea
1028 3061 1149 3122 statuta
1172 3055 1233 3122 fuit
1263 3055 1297 3120 in
1323 3059 1485 3139 apostatas

305 3205 329 3250 a
351 3183 524 3268 relipione
542 3185 616 3267 quia
639 3185 701 3246 ista
718 3201 782 3246 non
798 3179 989 3247 confirmata
1004 3187 1052 3247 331
1067 3183 1100 3246 13
1115 3180 1223 3248 03331.
1242 3183 1359 3264 Aposl.
1376 3179 1484 3249 Sedis.

310 3308 453 3372 exolevit
469 3305 524 3393 (l).
544 3342 561 3354 -
580 3307 754 3372 Dumtaxat
776 3306 816 3371 de
835 3306 954 3376 eiectis,
972 3307 1059 3370 inter
1081 3308 1307 3390 suspensiones
1330 3305 1389 3370 sub
1406 3325 1436 3368 n.
1453 3305 1484 3384 5,

305 3433 454 3498 decernit
476 3432 560 3496 haec
583 3431 701 3498 Const:
727 3428 1022 3514 «suspensionem
1040 3437 1248 3514 perpetuom
1263 3429 1308 3497 ab
1322 3429 1484 3496 coercitio

307 3556 470 3622 ordinum
492 3555 566 3636 ipso
589 3555 665 3620 iare
687 3554 870 3622 incurrant
892 3553 1043 3639 relipiosi
1058 3553 1153 3620 eiecti
1168 3559 1268 3620 costra
1283 3554 1483 3638 retipioaem

306 3678 464 3762 (tepentes
481 3698 510 3741 ›.

397 3799 473 3864 lure
497 3818 559 3883 quo
582 3801 703 3865 utimur
727 3801 758 3864 in
784 3819 820 3864 re
844 3801 980 3885 poenali,
1005 3800 1087 3864 haec
1111 3800 1224 3886 vigent
1245 3797 1404 3865 adversus
1426 3799 1483 3863 hos

306 3929 480 4009 apostatas.

396 4223 435 4296 (1)
455 4224 507 4280 Sed
531 4227 644 4295 inquam
669 4237 737 4280 (aa
759 4229 821 4280 iure
845 4230 986 4280 communi
1003 4243 1035 4290 »ς
1054 4243 1117 4279 nam
1143 4225 1198 4279 ista
1220 4223 1310 4280 Cossi.
1330 4227 1481 4294 pmtostau

307 4335 359 4396 est,
372 4348 401 4386 33
420 4348 476 4386 333
495 4332 649 4387 abolevisse
668 4349 799 4388 censuras
818 4333 907 4388 editas
925 4333 955 4386 in
973 4333 1221 4388 constitutionibus
1239 4331 1368 4388 ordinum
1387 4345 1482 4402 appro-

308 4439 447 4493 batorum.
