3306 5102
541 310 583 354 oa
608 309 761 355 ostiaris
785 311 826 356 er
851 310 969 356 roams
1276 289 1342 355 313

170 435 334 515 receptum
363 438 412 498 est
438 452 497 497 usu
528 437 560 498 et
582 435 740 498 communi
775 433 837 497 ab.
862 432 1018 504 doctrina,
1042 429 1113 497 fieri
1142 433 1342 518 irregulares

167 553 432 638 rebaptizatum,
458 555 729 640 rebaptizantem
752 562 785 621 et
811 576 883 620 eum
915 557 968 640 qui
999 555 1171 621 ministrat
1201 555 1340 640 rebapti-

169 679 270 752 zanti,
295 699 360 744 non
391 699 471 744 vero
501 682 654 766 patrinos.
688 683 818 745 Revera
841 685 952 763 caput.
976 679 1012 762 2,
1036 679 1088 746 cit.
1113 698 1178 744 non
1201 679 1341 763 loquitur

168 808 228 870 nisi
245 807 285 871 de
300 807 515 874 ministrante
532 807 757 894 rebaptizanti;
772 808 826 873 sed
841 808 957 873 exinde
970 827 1028 892 per
1043 807 1341 892 interpretationem

168 928 414 1000 declarativam
428 933 535 1015 prouti
550 929 587 996 tit
602 931 634 994 in
651 931 812 998 contentis
826 930 881 1015 (ef.
899 950 931 995 n.
947 931 990 995 75
1006 929 1067 1014 sq.)
1084 931 1239 995 Doctores
1254 950 1340 996 com-

167 1058 256 1122 muni
281 1054 435 1144 suffragio
450 1059 685 1126 induxerunta
708 1059 845 1142 fortiori
868 1079 938 1125 esse
960 1059 1176 1146 irregularem
1198 1057 1342 1143 rebapti-

168 1187 304 1246 zantem
331 1188 363 1246 et
393 1183 523 1267 planum
547 1189 604 1249 est.
637 1183 897 1268 Rebaptizatum
915 1203 999 1266 ,vero
1029 1202 1099 1248 esse
1127 1183 1340 1269 irregularem

168 1305 264 1368 etiam
288 1325 329 1368 ex
352 1305 452 1372 citato
476 1306 586 1388 eapite
609 1306 665 1375 sed
681 1309 821 1372 maxime
843 1325 885 1372 ex
909 1311 961 1372 cit.
979 1306 1165 1374 canonibus
1182 1307 1293 1372 relatis
1309 1307 1341 1372 in

169 1427 307 1493 Decreta
327 1430 474 1495 Gratiani
498 1432 667 1497 evincitur.
688 1469 704 1479 ·
723 1431 771 1498 cf.
793 1431 987 1512 Thesaurus,
1013 1431 1049 1496 P.
1068 1433 1110 1504 11,
1126 1453 1156 1498 a.
1174 1431 1342 1516 baptisma

167 1572 195 1616 a.
216 1553 254 1635 1,·
277 1552 468 1640 Schmalzg.,
493 1555 524 1620 b.
543 1561 562 1620 t.
580 1555 643 1639 3⁶5
667 1557 823 1642 Perhing.
841 1556 872 1620 b.
890 1561 910 1620 t.
927 1575 985 1621 aa.
1002 1555 1055 1632 13,
1072 1557 1225 1622 taetra.

259 1677 334 1744 215.
360 1681 555 1764 Baptismum
579 1679 674 1746 debet
697 1701 767 1746 esse
793 1701 912 1746 ceram
935 1686 968 1746 et
990 1681 1183 1764 perfectam
1208 1681 1289 1746 adeo
1308 1687 1344 1746 ut

168 1800 258 1865 nullo
273 1801 400 1870 laboret
422 1803 552 1871 defectu
574 1805 775 1872 substantiali
800 1814 904 1891 neque
920 1807 954 1870 in
968 1805 1084 1888 forma
1100 1824 1204 1890 neque
1223 1785 1256 1869 in
1275 1825 1343 1870 aaa·

167 1927 386 2013 ratamque
410 1949 452 1994 ex
468 1929 651 1998 intentione
675 1931 822 2012 ministri,
840 1935 872 1995 et
895 1935 1067 2014 praeterea
1085 1929 1221 2012 publice
1245 1931 1342 1995 reite-

166 2055 273 2115 ratum
289 2053 332 2116 sit
345 2058 486 2137 oportet;
508 2075 563 2119 seu
576 2054 711 2137 publice
725 2059 875 2119 constare
891 2052 985 2118 debet
1000 2051 1040 2117 de
1055 2053 1169 2136 primo
1185 2051 1343 2136 baptismo

165 2175 391 2243 administrato
407 2184 440 2244 et
455 2179 494 2244 de
509 2181 656 2246 secundo
674 2181 837 2244 reiterato.
862 2178 970 2253 Quare
987 2199 1029 2243 ex
1044 2180 1171 2245 ceretto
1186 2177 1342 2265 baptismo

166 2299 395 2382 irregularitas
425 2322 489 2366 non
518 2304 632 2368 oritur.
659 2337 676 2350 -
702 2302 746 2368 At
772 2303 937 2385 quaeritur
963 2322 1004 2366 an
1031 2301 1206 2387 baptismus
1228 2300 1343 2366 debeat

166 2442 240 2488 esse
256 2426 415 2493 solemnis
431 2429 556 2494 ratione
580 2429 669 2501 ritus,
688 2427 733 2492 ati
756 2427 884 2492 videtur
904 2427 1113 2513 interpretari
1134 2425 1340 2500 D’Annibale‚

165 2547 207 2632 (1.
225 2550 301 2635 410)
319 2552 370 2633 qui
387 2558 560 2636 praeterea
575 2551 644 2616 vult
666 2551 856 2637 baptismum
879 2549 992 2615 haberi
1016 2549 1148 2617 notorie
1170 2548 1341 2634 publicum,

165 2671 305 2757 docens:
332 2693 349 2736 ‹
372 2677 415 2739 At
437 2696 517 2739 vero
543 2676 704 2761 publicum
729 2665 789 2740 alit
805 2675 978 2742 notoriam
1009 2674 1187 2759 accipiunt,
1211 2673 1264 2738 alii
1288 2693 1341 2739 sa-

166 2803 294 2866 lemne:
310 2821 389 2887 ergo
402 2803 627 2888 irregularitas
642 2824 705 2868 non
723 2803 915 2888 intelligitur
930 2801 990 2866 nisi
1007 2821 1050 2867 ex
1064 2802 1191 2866 notorio
1206 2805 1342 2885 utroque

166 2924 265 3010 (idest
287 2926 361 2993 dato
384 2933 416 2992 et
439 2927 582 3012 iterato);
605 2933 701 3011 atque
726 2928 787 2994 bac
809 2934 981 3012 praeterea
1003 2925 1188 2990 solemni».
1214 2925 1343 2990 Revera

165 3049 280 3113 verior
302 3051 431 3115 videtur
454 3053 614 3116 sententia
637 3052 765 3116 illorum
790 3051 841 3134 qui
866 3055 987 3130 tenent,
1012 3069 1054 3114 ex
1077 3048 1234 3132 baptismo
1257 3047 1342 3112 dum·

165 3176 261 3237 taxat
271 3173 407 3256 publico
424 3177 483 3240 etsi
507 3195 572 3240 non
595 3177 729 3242 rectario
752 3175 831 3239 oriri
856 3173 1140 3258 irregularitatem,
1157 3172 1214 3236 sed
1237 3177 1341 3236 stante

166 3299 264 3362 dubio
288 3300 383 3364 aliam
411 3301 574 3384 sequimur
599 3287 803 3366 sententiam.
826 3335 844 3347 -
870 3299 994 3365 Verum
1015 3299 1109 3364 etiam
1132 3297 1165 3361 in
1188 3295 1250 3360 hac
1273 3315 1342 3360 sen-

93 3402 97 3413 *
165 3425 269 3488 tentia
290 3425 464 3490 notarium
487 3425 663 3511 accipimus
680 3425 820 3491 relative
841 3444 898 3488 seu
914 3423 1020 3507 prouti
1036 3421 1219 3507 expostulat
1241 3420 1341 3486 subie-

166 3555 222 3616 cta
245 3551 390 3630 materia,
414 3551 493 3614 adeo
517 3556 552 3615 ut
575 3551 742 3616 reiteratio
765 3548 912 3634 baptismi
940 3547 1141 3633 praeseferat
1167 3546 1342 3629 publicana

166 3676 318 3741 iniuriam
342 3677 446 3760 primo
461 3676 629 3761 baptismo,
646 3697 702 3741 seu
719 3681 799 3742 acta
818 3675 986 3761 publicam.
1005 3676 1083 3740 Nam
1100 3675 1131 3736 in
1148 3693 1269 3758 genere
1285 3694 1341 3738 seu

167 3799 273 3883 quoad
297 3801 422 3885 praxim
444 3797 719 3865 Paenitentiariae
742 3800 860 3864 dicitur
878 3798 1056 3883 publicam
1078 3796 1161 3880 quod
1181 3799 1239 3862 etsi
1264 3803 1341 3863 aeta

168 3924 308 3990 nondum
325 3925 456 3990 devenit
470 3925 511 3990 ad
527 3926 670 3990 notitiam
685 3923 844 4009 publicam
859 3922 915 3989 sed
928 3943 1003 3986 mox
1019 3922 1170 3986 deveniet
1182 3921 1221 3988 ob
1234 3923 1342 3986 volun·

168 4057 266 4115 tatem
291 4071 465 4137 paucorum
489 4050 654 4116 hominum
684 4053 737 4133 qui
762 4069 829 4114 rem
858 4052 1074 4133 cognoscunt:
1099 4053 1132 4110 et
1154 4047 1217 4112 hoc
1240 4052 1343 4131 potest

167 4175 231 4239 dici
250 4172 427 4257 publicam
450 4193 545 4240 sensu
570 4175 658 4245 iuris,
683 4172 739 4237 sed
764 4192 826 4236 non
850 4191 928 4236 sane
950 4171 1131 4236 notoriam.
1154 4171 1197 4234 At
1219 4170 1258 4234 cl.
1277 4169 1341 4236 Ga-

168 4300 272 4383 sparri
305 4304 450 4366 autumat
479 4297 628 4364 sufficere
659 4297 848 4383 baptismum
878 4315 950 4360 esse
969 4293 1162 4378 publicam,
1187 4315 1220 4370 a.
1245 4292 1341 4376 325,-

170 4423 377 4489 nihilominus
400 4443 568 4489 versamur
591 4425 623 4486 in
648 4422 742 4488 dubio
765 4422 858 4488 tama.
