3312 5108
291 230 335 296 84
808 254 892 301 enas
925 255 946 301 1.

295 371 386 438 ribus
409 393 487 438 vero
503 375 710 459 temporibus,
728 397 844 461 nempe
866 377 929 444 sub
944 380 1080 445 saeculo
1101 399 1146 451 vr,
1172 380 1332 445 confessio
1356 381 1472 448 Sacra-

293 499 441 564 mentalis
465 498 593 584 publica
624 501 655 563 in
688 500 928 567 desuetudinem
960 502 1050 567 abire
1075 505 1189 588 coepit,
1221 509 1253 568 et
1283 523 1365 588 pene
1396 525 1472 590 pro-

291 625 413 708 scripta
436 623 497 688 fuit
520 623 560 688 ob
584 624 736 690 scandala
759 626 834 690 inde
856 628 1089 712 promanantia.

382 749 535 823 Quamvis
559 769 638 816 vero
663 752 767 817 civilis
798 755 934 818 societas
964 754 1059 839 piene
1089 753 1149 819 sibi
1176 753 1392 820 vindicaverit
1423 759 1472 820 ius

290 873 569 939 animadvertendi
592 876 625 937 in
649 876 787 939 crimina
810 877 918 941 civilia
937 876 1078 960 illudque
1094 878 1281 941 exercuerit
1304 878 1364 941 ista
1387 896 1471 941 com-

293 1015 428 1081 pescens
452 1017 512 1082 per
535 999 683 1084 proprias
707 1019 828 1084 poenas
851 1020 908 1065 suo
924 999 980 1066 fini
1004 1001 1245 1086 respondentes,
1262 1002 1471 1066 nihilominus

289 1125 322 1188 in
347 1125 517 1209 disciplina
544 1125 761 1190 ecclesiastiea
784 1129 959 1212 viguerunt
980 1131 1013 1192 et
1034 1129 1146 1212 vigent
1172 1127 1285 1192 eodem
1310 1129 1382 1192 iure
1405 1148 1469 1211 quo

288 1253 392 1322 antea,
417 1249 564 1334 publicae
587 1252 803 1335 poenitentiae
827 1252 964 1318 luendae
987 1272 1007 1316 a
1030 1252 1166 1338 publicis
1188 1253 1412 1339 peccatoribus
1435 1261 1469 1320 et

289 1369 548 1455 delinquentibus
578 1394 635 1438 seu
659 1375 795 1441 ratione
815 1377 947 1459 peccati
969 1379 1003 1442 in
1026 1379 1162 1444 crimine
1192 1378 1321 1444 admissi
1353 1380 1468 1463 quibus

288 1500 493 1583 poenitentiis
516 1520 581 1564 non
604 1503 716 1566 solutis
748 1521 812 1564 non
846 1507 894 1567 est
925 1502 1149 1567 concedendus
1179 1525 1255 1569 usus
1285 1524 1467 1570 sacramen·

286 1628 393 1691 torum
424 1625 624 1708 aliorumque
656 1626 773 1689 iurium
806 1625 1029 1709 spiritualium.
1059 1627 1189 1691 Revera
1219 1628 1307 1695 iubet
1341 1627 1465 1696 Concil.

293 1751 387 1816 Trtd.
413 1751 500 1815 Sese.
524 1749 591 1816 24.
616 1770 643 1815 c.
668 1749 707 1814 8:
734 1771 751 1810 e
783 1751 972 1834 Apostolus,
997 1755 1106 1814 monet
1136 1751 1263 1836 publice
1293 1759 1467 1838 peccantes

285 1875 391 1959 palam
416 1895 486 1938 esse
510 1874 743 1958 corripiendos.
760 1875 894 1949 Quando
918 1877 1017 1960 igitur
1040 1875 1079 1940 ab
1103 1877 1209 1960 aliquo
1225 1877 1352 1963 publice
1376 1884 1409 1944 et
1432 1882 1465 1944 in

285 1999 458 2063 multorum
484 2005 659 2084 conspectu
680 2001 804 2064 crimen
828 2003 1030 2064 commissum
1046 2000 1154 2070 fuerit,
1173 2001 1256 2066 unde
1280 2003 1360 2068 alios
1375 2024 1465 2068 scan-

285 2123 356 2188 dalo
381 2121 519 2189 offensos
535 2130 772 2208 commotosque
788 2124 887 2190 fuisse
911 2145 976 2190 non
1001 2127 1041 2189 sit
1064 2125 1281 2201 dubitandum,
1299 2129 1375 2194 huic
1391 2149 1465 2193 con·

283 2245 413 2330 dignam
437 2265 497 2330 pro
520 2247 613 2311 modo
637 2247 751 2332 culpae
776 2248 1005 2332 poenitentiam
1028 2247 1155 2331 publice
1178 2249 1301 2336 iniungi
1325 2256 1462 2335 oportet

283 2374 319 2434 ut
341 2389 420 2453 quos
445 2370 593 2454 exemplo
617 2389 674 2434 suo
697 2369 738 2433 ad
762 2370 861 2433 malos
884 2389 991 2434 mores
1020 2372 1218 2454 provocavit,
1243 2391 1320 2436 suae
1351 2392 1463 2437 emen-

282 2496 419 2560 dationis
446 2496 627 2562 testimonio
651 2493 691 2558 ad
716 2501 838 2558 rectam
869 2498 1000 2559 revocet
1023 2495 1117 2558 viam.
1142 2496 1321 2580 Episcopus
1350 2502 1462 2562 tamen

282 2618 428 2705 publicae
452 2619 514 2682 hoc
537 2619 753 2703 poenitentiae
768 2637 870 2703 genus
894 2619 926 2681 in
950 2617 1036 2682 aliud
1052 2625 1213 2684 secretum
1230 2621 1349 2704 poterit
1373 2641 1461 2685 com-

281 2751 417 2818 mutare,
443 2743 568 2828 quando
591 2745 637 2810 ita
660 2746 762 2828 magis
785 2743 977 2808 iudicaverit
999 2743 1201 2829 expedire».

368 2872 413 2936 At
438 2870 587 2936 iuridica
610 2869 768 2933 distinctio
791 2869 852 2931 fori
877 2870 1005 2934 externi
1029 2869 1069 2932 ab
1093 2871 1221 2934 interno
1246 2869 1461 2935 determinata

279 2995 341 3060 fuit
357 2997 432 3060 lure
449 2993 677 3074 Decretalium‚
695 2998 727 3057 et
750 2993 891 3057 eiusdem
908 2989 1085 3058 scientifica
1108 2991 1269 3058 distinctio
1292 3013 1352 3078 per
1367 2994 1459 3058 scho

278 3116 408 3181 lasticos
431 3113 622 3180 confirmata
641 3118 699 3185 est,
717 3119 749 3178 et
763 3115 914 3198 appositis
929 3114 1128 3198 argumentis
1144 3113 1367 3198 comprobata;
1391 3133 1457 3179 non

279 3261 372 3307 secus
395 3261 433 3304 ac
457 3240 594 3305 studium
617 3240 725 3324 legum
749 3239 889 3304 civilium
908 3259 1114 3302 romanarum
1138 3239 1201 3303 fori
1225 3241 1353 3304 externi
1382 3241 1458 3304 civi·

278 3364 317 3428 lis
341 3363 517 3446 explicarit
544 3363 705 3425 notionem
729 3369 762 3426 et
785 3362 865 3439 iura,
890 3364 923 3424 et
944 3360 1157 3426 vehementer
1186 3359 1309 3425 animos
1341 3361 1457 3425 incita·

277 3487 325 3549 vit
349 3483 395 3568 (l)
418 3490 453 3549 ut
477 3483 673 3569 reipublicae
697 3483 800 3548 civilis
831 3484 903 3546 iura
925 3483 1185 3560 vindicarentur,
1211 3505 1250 3548 ea
1280 3483 1457 3570 repetendo

278 3727 328 3765 nes
347 3715 375 3766 et
395 3712 485 3764 iactae
505 3710 702 3776 absolutiones
716 3712 857 3780 pertinent
875 3711 909 3764 ad
928 3711 1128 3766 consessionem
1142 3715 1170 3764 et
1183 3709 1386 3764 absolutionem
1400 3726 1456 3763 non

281 3819 522 3885 sacramentalem,
546 3819 592 3873 sed
618 3819 652 3871 ad
677 3819 881 3888 impositionem
907 3824 936 3874 et
958 3818 1160 3874 relaxationem
1185 3820 1375 3888 poenitentiae
1399 3837 1456 3874 non

277 3927 492 3982 sacramentalis
511 3926 600 3995 quoad
621 3926 735 3981 effectus
754 3927 805 3979 fori
820 3930 930 3980 externi
945 3925 984 3979 Cf.
999 3927 1099 3980 Bened.
1114 3925 1187 3979 XIV.
1201 3928 1243 3981 De
1257 3927 1322 3996 Syra.
1337 3917 1467 3982 dioeces'

284 4033 329 4086 VI.
350 4034 395 4086 16.
417 4033 480 4086 lnde
500 4037 585 4102 patet,
605 4034 702 4103 quanti
722 4034 835 4087 intersit
853 4035 937 4103 probe
956 4033 1127 4103 distinguere
1146 4034 1266 4088 indolem
1284 4033 1337 4088 sori
1350 4036 1457 4088 interni

280 4144 309 4195 et
328 4141 439 4195 externi
458 4141 486 4192 in
505 4140 651 4208 disciplina
670 4140 820 4210 antiquiori
840 4139 990 4194 Ecclesiae.

367 4247 406 4318 (l)
425 4247 456 4300 ln
481 4247 532 4300 hoc
558 4247 669 4316 magnis
693 4247 794 4301 animis
819 4247 963 4302 contendit
990 4248 1093 4303 Dentes
1120 4248 1281 4319 Aligherius
1300 4249 1328 4301 in
1348 4247 1454 4302 celebri

276 4355 349 4408 libro
371 4355 444 4410 «De
472 4355 638 4408 Monarcla'a
659 4367 676 4410 >r
702 4355 762 4407 Lib.
787 4353 841 4406 111.
868 4373 890 4408 c.
909 4355 938 4407 3.
958 4354 987 4408 in
1006 4371 1060 4426 quo
1079 4356 1233 4409 insectatur
1252 4353 1379 4410 acerbius
1402 4353 1454 4407 De·
