3080 5110
449 347 493 392 na
521 346 675 394 nanterre
698 345 741 393 nr
765 345 882 393 sonnis
1188 329 1256 396 399

70 472 173 558 culpa
203 472 344 558 imperiti
376 471 488 538 clerici
519 476 575 536 aut
605 471 755 536 monachi
784 475 840 537 aut
868 491 934 536 uon
964 472 1042 536 satis
1074 471 1254 558 diligentis;

68 597 194 682 quippe
216 597 250 659 in
267 615 389 680 genere
412 594 594 661 huiusmodi
617 614 673 660 ars
695 594 824 661 clericis
848 599 897 660 est
919 593 1100 675 interdicta,
1117 601 1150 660 et
1164 595 1256 664 iuxta

70 720 237 806 Regulam
260 717 319 794 37,
335 721 371 804 ff.
390 717 446 786 De
460 738 531 806 rep.
548 719 615 784 iur.
635 721 772 802 «culpa
795 725 842 786 est
864 719 1054 787 immiscere
1076 738 1112 785 se
1134 719 1187 785 rei
1209 719 1256 786 ad

66 865 112 911 se
134 865 206 911 non
216 845 403 928 pertinenti
419 867 448 909 ›.
468 847 519 910 Ex
535 845 598 910 hac
613 850 720 910 autem
741 845 836 929 culpa
851 845 1015 911 enascitur
1029 843 1256 930 irregularitas

68 987 123 1034 ecc
137 968 384 1054 quam-delicta.
403 1003 420 1017 ·
439 969 551 1036 Cessat
574 988 654 1034 vero
677 986 897 1052 quaecumque
920 968 1015 1054 culpa
1031 970 1057 1032 si
1081 969 1256 1034 necessitas

69 1097 194 1177 urgeat
222 1097 277 1158 aut
302 1095 411 1176 vigeat
439 1090 597 1158 indultum
622 1093 748 1176 Apost.;
772 1095 850 1156 tunc
881 1092 967 1156 enim
997 1091 1177 1158 huiusmodi
1201 1112 1255 1159 res

69 1233 144 1280 non
168 1215 306 1300 amplius
336 1219 385 1280 est
415 1213 546 1280 clericis
574 1214 793 1298 impertinens.
821 1214 873 1278 Ita
903 1214 999 1278 etiarn
1030 1213 1255 1300 explicandam

68 1357 246 1403 censemus
269 1339 511 1423 responsionem
536 1335 694 1403 redditam
718 1356 737 1400 a
761 1337 792 1402 S.
818 1335 851 1402 Ο.
870 1335 967 1404 (lonc.
992 1339 1024 1402 in
1044 1338 1254 1404 Terracinen.

67 1459 121 1525 19
143 1460 244 1544 april.
268 1460 368 1526 1766.
392 1459 560 1546 Agebatur
583 1459 623 1524 de
646 1459 766 1525 clerico
789 1433 842 1543 cui
865 1479 981 1525 munus
1004 1460 1138 1546 gerebat
1161 1480 1254 1546 prae-

70 1585 170 1660 toris,
186 1584 315 1651 clericis
338 1585 551 1672 prohibitum;
570 1605 639 1670 arg.
653 1605 680 1651 c.
699 1605 725 1650 c.
739 1585 782 1651 15
797 1585 848 1650 De
863 1585 943 1663 vita,
955 1594 986 1651 et
1002 1585 1127 1652 honest.
1145 1585 1254 1652 cleric.

69 1711 112 1772 et
134 1707 156 1772 5
179 1706 231 1774 Ne
259 1709 367 1774 cleric.
391 1709 444 1774 vet
468 1708 623 1776 monach.
648 1744 667 1758 -
695 1707 824 1774 Accidit
850 1708 927 1774 huic
950 1709 1072 1774 clerico
1099 1713 1134 1774 ut
1160 1707 1255 1774 huius

67 1832 242 1905 satellites,
260 1833 328 1898 eius
350 1834 437 1898 iussa
460 1837 670 1916 exequentes,
686 1832 979 1918 comprehenderet
1002 1838 1034 1898 et
1056 1834 1090 1898 in
1113 1833 1256 1899 custodia

69 1957 250 2022 iniicerent
276 1955 429 2040 quosdam
453 1957 600 2022 homines
623 1962 721 2023 noctu
748 1961 963 2044 pervagantes
987 1959 1019 2022 in
1043 1956 1175 2044 oppido;
1199 1957 1256 2024 sed

68 2081 154 2146 dum
176 2082 314 2146 vinculis
338 2083 391 2146 isti
413 2081 730 2167 constringebantur,
747 2103 839 2156 unus,
863 2085 896 2146 iu
920 2083 1066 2154 tumultu,
1091 2081 1254 2158 occubuit;

70 2205 153 2271 inde
176 2207 354 2290 quaesitum
378 2206 440 2271 fuit
465 2205 526 2270 «Ι.
552 2208 608 2271 An
631 2211 756 2274 conectet
778 2207 821 2272 de
843 2206 1109 2293 irregularitate.
1136 2207 1178 2272 ll.
1202 2210 1256 2271 An

68 2331 119 2398 sit
142 2329 234 2398 loeus
257 2331 519 2414 disperuationi5
535 2333 566 2398 S.
585 2332 618 2398 G.
636 2333 757 2398 Concil.
776 2333 991 2419 rescripsit».
1009 2332 1059 2400 Ad
1078 2333 1136 2397 lum
1153 2333 1255 2418 Affir-
1291 2375 1293 2378 -

69 2458 212 2538 mattae,
229 2456 270 2521 ad
293 2457 354 2522 2⁰⁰¹
371 2457 593 2542 Affirmatioe.
611 2495 629 2506 -
647 2459 752 2523 Porro
776 2459 807 2522 in
832 2459 884 2525 cit.
909 2477 984 2543 cap.
1008 2459 1061 2540 19,
1081 2458 1111 2522 t.
1136 2464 1156 2524 t.
1174 2458 1256 2524 haec

70 2579 224 2646 redditur
246 2583 328 2647 ratio
348 2601 408 2648 cur
430 2581 609 2648 monachus
632 2583 835 2668 chirurgiam
859 2603 959 2670 agens
981 2583 1110 2649 aliunde
1134 2586 1256 2669 peritus

69 2711 109 2772 et
132 2705 281 2792 diligens,
301 2707 407 2774 factus
430 2707 529 2774 fuerit
552 2709 744 2794 irregularis
768 2711 843 2792 quia
865 2727 992 2792 mempe
1010 2729 1028 2770 c
1043 2708 1116 2791 ipse
1137 2727 1255 2774 mona·

69 2828 160 2895 ctus
189 2831 335 2894 multum
363 2830 542 2914 deliquerit
573 2830 721 2915 affluam
745 2831 895 2896 alienum
918 2831 1133 2913 usurpando,
1164 2831 1257 2915 quod

68 2955 140 3023 siti
161 2955 303 3022 minime
327 2956 568 3043 congruebat»
586 2962 620 3021 et
643 2957 675 3022 in
699 2956 773 3036 hoc,
798 2953 915 3021 effectu
938 2961 1087 3042 sequuta,
1112 2957 1257 3021 consistit

69 3080 173 3166 culpa
194 3079 280 3146 unde
304 3082 410 3146 oritur
432 3081 532 3166 quasi
545 3083 735 3148 -delictum
758 3082 942 3149 homicidii.

161 3205 241 3270 ¹Huc
263 3205 391 3271 referas
414 3225 523 3271 casum
540 3206 709 3272 occisionis
724 3207 853 3271 omnino
873 3206 1113 3294 involuntariae
1128 3224 1148 3268 a
1164 3210 1256 3290 patre

68 3331 130 3398 vel
154 3349 173 3394 a
196 3309 300 3396 matre
324 3331 443 3399 inlatae
467 3329 565 3397 filiolo
593 3333 679 3397 inter
702 3331 934 3404 dormiendum,
959 3333 1011 3415 qui
1036 3331 1147 3396 eodem
1170 3330 1255 3396 lecto

69 3452 381 3520 recumbebat‘cum
404 3455 608 3540 parentibus;
633 3475 701 3542 arg.
728 3475 797 3539 cup.
824 3453 1019 3526 Quaesitum
1043 3455 1075 3530 7,
1100 3455 1154 3522 De
1171 3475 1255 3539 poe-

68 3579 192 3646 nitent.
216 3581 250 3644 X
270 3581 328 3660 (V.
355 3579 422 3666 38).

167 3703 228 3770 Sed
252 3705 335 3770 haec
358 3705 585 3791 irregularitas
612 3724 654 3770 ex
678 3703 778 3790 quasi
801 3704 920 3772 delicto
952 3705 1116 3772 homicidii
1140 3709 1255 3772 exten-

69 3826 182 3894 denda
197 3847 263 3892 non
280 3832 329 3893 est
344 3826 384 3892 ad
398 3847 508 3893 casum
524 3827 757 3910 mutilationis,
776 3829 850 3912 quia
865 3826 978 3893 nullibi
994 3829 1026 3892 in
1044 3830 1114 3894 iure
1126 3834 1254 3894 cautum

71 3955 134 4019 est.
160 3952 208 4025 ct,
234 3951 438 4018 D'Annibale
463 3954 491 4033 I,
516 3952 589 4018 tat
612 3960 680 4020 not.
704 3953 763 4019 24.

164 4076 240 4143 313.
266 4077 432 4145 Hactenus
455 4078 495 4143 de
518 4077 690 4142 homicidio
713 4079 907 4145 uoluntario
930 4078 1065 4163 directe,
1093 4078 1145 4144 vel
1169 4079 1254 4145 indi·

66 4205 164 4268 recte
178 4221 236 4266 seu
251 4203 392 4274 casuali,
412 4237 430 4251 ·
447 4221 508 4267 nec
524 4222 589 4267 non
605 4202 645 4267 de
661 4203 859 4269 mutilatione
875 4203 998 4269 directe
1014 4204 1219 4270 uoluntaria.
1235 4239 1252 4252 -

66 4322 170 4392 Modo
186 4323 331 4390 dicamus
347 4324 387 4390 de
402 4324 573 4390 homicidio
589 4331 645 4392 aut
659 4326 859 4392 mutilatione
875 4326 1048 4392 nullimode
1064 4327 1254 4393 voluntariis

65 4470 129 4516 seu
143 4451 356 4518 necessariis.
371 4450 560 4517 Huiusmodi
576 4451 792 4524 homicidium,
806 4421 863 4518 aut
878 4452 1108 4518 mutilationem
1125 4453 1170 4518 ita
1182 4448 1255 4516 defi·
