3202 5104
540 313 582 358 os
607 310 759 358 ouurcrrs
783 312 826 357 ur
851 313 968 358 posuis
1278 294 1344 356 253

164 452 286 498 stiram
301 431 356 498 sed
373 454 527 518 expresse
549 435 586 500 in
604 454 755 518 poenam
772 433 828 520 (i),
847 436 1108 519 quotiescumque
1124 435 1286 519 parochus
1303 433 1342 498 ob

166 560 236 624 eius
265 559 382 644 agendi
416 562 572 624 rationem
604 561 635 624 in
667 560 783 645 popolo
814 579 915 646 grave
946 561 1066 624 excitat
1097 559 1283 625 scandalum
1312 565 1344 624 et

165 685 389 750 vehementem
406 687 585 750 animorum
602 686 848 750 commotionem
865 685 920 770 (2).
939 683 1074 760 Quando
1098 685 1160 750 hoc
1177 685 1342 750 decretum

165 829 260 876 casus
283 812 433 896 gravitati
458 815 489 875 et
512 811 688 876 discrimini
714 830 777 875 non
808 810 964 891 consulat,
993 810 1121 876 iubetur
1144 811 1178 894 2)
1201 830 1342 877 oecono-

165 937 257 1002 mico
278 938 429 1018 remotio,
445 938 529 1002 unde
552 939 695 1023 parocho
711 937 859 1002 aufertur
883 935 1073 1003 heneficium
1096 937 1254 1002 hactenus
1270 957 1342 1022 pos·

164 1082 288 1126 sessum
313 1082 371 1147 per
394 1061 521 1126 modum
545 1063 787 1147 permutationis
803 1063 855 1128 vel
880 1062 1109 1126 translationis.
1127 1062 1288 1146 Siquidem
1314 1065 1342 1126 ei

164 1208 284 1252 novum
301 1188 468 1254 confertur
491 1187 680 1254 heneficium
705 1189 886 1272 etquidem
912 1188 1033 1254 reditus
1058 1191 1292 1273 aequivalentis
1316 1192 1341 1255 si

164 1313 222 1377 ille
246 1318 387 1381 remotus
410 1314 510 1379 fuerit
532 1320 590 1378 aut
612 1317 682 1379 sine
706 1314 800 1399 culpa
823 1319 878 1378 aut
901 1313 1014 1378 saltem
1040 1334 1104 1378 non
1128 1320 1260 1400 propter
1276 1317 1343 1380 cul-

165 1458 238 1522 pam
256 1439 348 1504 valde
373 1459 516 1524 gravem.
536 1440 613 1504 Nam
638 1441 663 1504 si
687 1437 856 1503 admodum
881 1456 982 1523 grave
1005 1441 1045 1503 sit
1068 1439 1204 1524 parochi
1227 1437 1340 1504 admis-

164 1581 236 1627 sum
259 1563 312 1626 vel
335 1564 495 1632 omissum.
520 1568 597 1628 tunc
621 1561 752 1628 decerni
778 1567 882 1646 potest
910 1561 1037 1626 collatio
1069 1561 1214 1628 beneficii
1246 1566 1342 1629 etiam

168 1684 332 1750 inferioris
360 1685 482 1752 reditus
506 1691 559 1750 aut
584 1685 773 1750 conditionis
798 1687 829 1750 in
854 1687 1008 1750 maiorem
1028 1705 1174 1770 poenam.
1193 1688 1287 1752 Ratio
1311 1692 1344 1753 et

164 1809 283 1873 limites
306 1809 400 1873 huius
418 1809 549 1874 remedii
568 1808 710 1894 poenalis
726 1829 787 1874 nec
803 1830 866 1873 nrm
884 1828 1053 1894 processus
1075 1811 1276 1876 executionis
1292 1809 1343 1874 de·

164 1938 335 1998 sumuntur
359 1953 401 1998 ex
418 1933 670 2018 iurisprudentia
685 1933 716 1998 S.
733 1931 833 2017 Cong.
852 1933 983 1998 Concilii
1002 1952 1085 2016 quae
1101 1933 1222 2017 pluries
1238 1939 1342 1998 ratam

165 2057 277 2122 hahuit
299 2064 331 2123 et
355 2057 558 2122 confirmavit
581 2058 667 2123 hanc
682 2077 817 2142 poenam
834 2059 965 2142 eiusque
990 2079 1081 2124 usum
1101 2039 1266 2125 moderata
1283 2066 1341 2125 est.

255 2183 306 2248 Fit
328 2183 417 2249 locus
441 2184 516 2248 huic
539 2183 719 2249 remotioni
748 2185 991 2254 oeconomicam,
1016 2204 1112 2267 quum
1142 2183 1228 2248 haud
1260 2184 1341 2250 ferri

164 2311 269 2391 potest
291 2309 429 2392 privatio
452 2307 492 2388 oh
516 2307 675 2373 defectum
699 2323 816 2373 causae
839 2310 1024 2373 canonicae.
1045 2308 1185 2374 Proinde
1207 2312 1341 2374 remotio

163 2432 295 2498 decerni
321 2434 403 2498 solet
425 2437 451 2498 si
476 2453 518 2499 ex
543 2435 702 2518 imperitia
725 2439 780 2498 aut
810 2454 852 2498 ex
882 2433 1090 2500 inidoneitate
1114 2435 1266 2519 parochi,
1290 2435 1341 2498 vel

163 2579 228 2622 non
252 2558 417 2643 culpabili,
442 2557 482 2622 ad
506 2555 644 2624 officium
678 2560 738 2623 rite
769 2557 978 2642 explendum,
1005 2557 1055 2622 vel
1089 2579 1131 2622 ex
1161 2559 1340 2622 animorum

162 2684 333 2747 aversione
357 2689 389 2747 et
412 2682 512 2767 plebis
536 2684 628 2767 gravi
646 2681 716 2745 odio
733 2683 884 2760 excitato,
902 2701 944 2745 ex
961 2681 1118 2745 adiunctis
1134 2701 1254 2753 rerum,
1273 2682 1340 2745 ior-

162 2827 221 2873 san
245 2809 379 2893 parochi
403 2808 498 2892 culpa
522 2806 725 2891 expertibus,
750 2809 817 2891 ipse
842 2807 1002 2891 parochus
1026 2807 1104 2872 utile
1129 2807 1340 2870 ministerium

162 2935 195 2997 in
224 2953 263 2998 eo
291 2935 362 2998 loco
392 2934 528 3018 amplius
557 2953 715 2998 exercere
742 2953 806 2996 non
831 2932 927 2996 valet.
955 2934 1083 2997 Revera
1106 2939 1208 3014 capnt
1233 2932 1266 3013 5,
1293 2932 1342 2998 De

251 3167 292 3234 (l)
313 3165 507 3220 inhibitos-ium
526 3163 570 3218 vei
589 3165 705 3232 simplex
725 3166 848 3219 irrisibilis
865 3163 997 3233 distingui
1018 3163 1089 3218 sciet
1108 3181 1125 3216 a
1144 3165 1338 3233 suspensione,

161 3271 228 3340 quia
246 3271 369 3323 inhibitio
388 3269 528 3338 significet
543 3268 757 3337 prohibitionem
778 3269 863 3322 latam
883 3270 995 3322 omnino
1010 3268 1051 3322 vel
1073 3269 1100 3320 in
1115 3285 1211 3336 puram
1225 3284 1340 3336 poenam

164 3375 208 3430 vel
221 3377 249 3429 in
263 3376 446 3444 provisionem
464 3376 680 3441 oeconomicam,
702 3392 756 3429 nou
771 3377 797 3428 in
813 3393 966 3441 censuram,
981 3377 1023 3428 cui
1040 3375 1227 3444 suspensionis
1241 3391 1340 3430 nomen

162 3483 300 3550 congruit
326 3481 367 3534 Ita
393 3483 421 3534 in
447 3481 565 3552 quadam
585 3498 669 3534 causa
693 3482 882 3550 suspensionis
901 3482 1009 3550 agitata
1029 3479 1056 3533 in
1077 3480 1101 3532 S.
1123 3481 1151 3532 C.
1171 3480 1276 3533 Concil.
1296 3481 1341 3534 die

163 3589 202 3641 17
215 3589 342 3642 Decemb.
358 3589 437 3642 1864
449 3606 534 3658 quum
547 3589 699 3658 Episcopus
719 3587 839 3658 parocho
857 3590 1042 3658 praecepisset
1060 3589 1093 3641 ad
1113 3589 1246 3642 scandala
1264 3605 1343 3642 aver·

162 3694 247 3749 tenda
265 3699 294 3748 et
312 3697 408 3748 turbas
427 3695 579 3764 sopiendae,
593 3711 628 3748 ne
641 3697 736 3748 utiam
748 3695 910 3764 parochiale
925 3695 1043 3764 officium
1057 3697 1134 3748 obire
1144 3707 1341 3764 praesumeret

161 3803 190 3854 in
209 3803 338 3856 districtu
358 3801 517 3871 parochiae,
535 3801 682 3870 propositis
701 3801 805 3854 dubiis:
824 3815 842 3856 t<
862 3801 880 3854 1.
895 3805 938 3856 An
957 3805 1128 3855 sustineatur
1147 3803 1293 3872 suspensio
1313 3803 1340 3853 in

162 3927 237 3963 casu.
249 3909 306 3962 -ΙΙ,
318 3911 362 3962 An
375 3920 400 3963 et
413 3913 549 3979 quomodo
563 3875 734 3965 sustineatur
746 3915 863 3977 remotio
875 3929 892 3963 a
903 3912 1037 3980 paroecia
1049 3927 1099 3964 sen
1110 3912 1204 3980 potins
1217 3915 1252 3964 sit
1264 3912 1341 3964 locus

159 4017 383 4085 reinteprationi,
395 4019 562 4071 restitutioni
580 4021 727 4088 fructuum
747 4027 771 4071 et
784 4019 933 4088 refectioni
950 4020 1119 4071 domnorum
1132 4019 1161 4071 in
1180 4037 1259 4084 cassa·
1281 4035 1342 4086 pro-

160 4126 213 4180 diit
232 4127 395 4195 rescriptum
415 4125 449 4178 sd
469 4125 478 4178 l
498 4131 527 4179 et
546 4125 582 4178 u:
604 4127 793 4180 inhibitionem
805 4127 928 4196 amptius
941 4143 996 4180 non
1009 4127 1143 4180 sustineri
1159 4129 1276 4197 ideoque
1291 4145 1342 4198 pa·

161 4235 279 4312 rochem
298 4251 357 4288 esse
374 4235 607 4303 reinteprandsm
621 4247 644 4290 n.

252 4341 290 4408 (2)
310 4341 387 4396 Tunc
408 4339 527 4410 parocho
545 4341 728 4410 assignandos
747 4345 789 4394 est
808 4341 923 4395 idoneus
942 4342 1070 4407 vicarius,
1093 4358 1183 4413 aequa
1202 4343 1339 4397 redituum

161 4448 290 4502 beneficii
310 4449 436 4518 portione
455 4449 606 4517 assignata.
