3202 5104
332 297 399 364 226
857 313 940 362 rans
965 315 987 360 1.

421 439 454 524 2)
479 439 643 524 suspensio
660 439 752 504 Rom.
771 439 863 503 Pont.
883 444 1052 502 reservata
1075 441 1189 504 contra
1213 459 1285 503 eum
1302 440 1354 522 qui
1374 438 1413 502 ab
1428 441 1491 524 Epi·

331 585 427 650 scopo
458 566 644 629 nominatim
676 565 846 632 interdicto
879 564 1024 628 ordinem
1056 564 1187 648 suscipit
1211 584 1312 647 eaque
1344 566 1492 648 suspensio

331 689 510 753 incurritur
533 686 577 753 ob
600 687 721 753 ordine
743 687 792 752 sic
814 692 977 768 succepto,
1001 705 1042 750 ex
1067 686 1174 753 Consi.
1192 687 1308 769 Apost.
1335 687 1428 752 Sedis
1444 687 1459 750 l
1466 687 1492 766 11,

331 832 422 896 susp.
447 833 480 877 a.
507 812 538 875 6.

419 939 452 1024 3)
477 936 682 1003 interdictum
699 937 739 1003 ab
757 939 905 1023 ingressu
924 937 1091 1002 Ecclesiae
1107 935 1252 1002 afficiens
1268 958 1324 1003 eos
1340 939 1392 1021 qui
1413 939 1493 1002 inter-

331 1066 449 1130 dictum
473 1064 577 1128 locale
601 1065 730 1134 violant.
757 1085 798 1128 ex
823 1064 930 1130 Const.
956 1063 1072 1146 Apost.
1090 1061 1187 1130 Sedis
1205 1066 1224 1129 1
1232 1065 1266 1136 V,
1284 1065 1405 1130 interd.
1420 1065 1492 1129 112.

420 1188 452 1272 4)
477 1189 528 1251 Ex
552 1207 620 1272 cap.
639 1187 688 1260 18,
713 1189 734 1270 5
757 1187 790 1252 Is
806 1207 896 1254 vero.
915 1187 944 1250 b.
964 1193 984 1251 t.
1008 1188 1045 1252 iu
1062 1187 1094 1259 6,
1120 1187 1279 1252 violantes
1301 1187 1492 1252 interdictum

331 1308 412 1375 fiunt
436 1303 627 1395 ineligibiles
651 1311 757 1376 uctioe
780 1316 812 1374 et
831 1310 989 1393 pussioe;
1013 1310 1069 1375 sed
1093 1309 1279 1374 Thesaurus
1304 1311 1398 1376 Verb.
1423 1311 1492 1376 Cen·

331 1455 424 1506 sura,
450 1454 524 1518 cap.
549 1435 600 1514 11,
632 1454 665 1499 u.
692 1433 724 1505 6,
749 1440 838 1512 notat
863 1454 973 1499 omnes
998 1435 1060 1498 DD.
1087 1437 1119 1500 in
1144 1436 1205 1500 hoc
1229 1455 1292 1500 non
1322 1437 1491 1500 convenire.

332 1558 379 1622 Cf.
402 1559 531 1630 suarez,
549 1558 669 1623 XXXI
673 1556 707 1629 V,
733 1558 764 1637 1,
790 1557 822 1624 ti.
842 1557 883 1622 16
906 1564 938 1624 et
962 1559 1003 1622 cf.
1028 1578 1126 1644 supra
1150 1559 1272 1624 11141.

421 1683 500 1747 Inde
524 1688 612 1766 patet
636 1683 731 1747 huius
755 1703 877 1767 poenae
902 1651 1054 1768 gravitas,
1075 1703 1157 1767 quae
1180 1687 1289 1748 tamen
1315 1704 1355 1748 ne
1378 1683 1493 1749 cederet

332 1810 361 1870 in
388 1808 638 1872 destructionem
664 1809 764 1892 magis
788 1827 882 1890 quam
907 1810 937 1872 in
962 1807 1214 1873 aedificationem
1240 1809 1412 1875 mollienda
1434 1829 1493 1894 pau-

330 1933 428 2018 lisper
452 1932 522 1998 fuit.
547 1967 562 1978 -
591 1933 637 1996 Re
662 1951 740 1998 sane
763 1953 842 1997 vera
865 1935 991 1998 occasio
1017 1933 1172 1999 historica
1196 1934 1358 1999 interdicti
1382 1935 1491 2001 tooure.

283 2149 284 2152 Ἴ
331 2065 362 2122 et
381 2056 575 2140 personatis
590 2058 760 2143 pancratis
786 2057 845 2123 fuit
869 2061 1070 2124 contumacia
1086 2059 1339 2143 delinquentium
1356 2061 1406 2144 qui
1423 2061 1492 2144 prin-

330 2185 432 2296 cipem
448 2183 553 2248 locum
570 2185 603 2248 in
619 2185 770 2250 societate
787 2184 967 2250 obtinentes
983 2183 1080 2250 facile
1095 2186 1258 2270 aspernati
1284 2191 1391 2249 essent
1406 2185 1492 2249 inter·

330 2307 448 2374 dictum
481 2310 540 2372 nisi
572 2310 667 2374 etiam
698 2309 886 2373 humiliores
918 2309 1035 2374 subditi
1060 2329 1098 2373 ea
1125 2311 1198 2394 lege
1221 2313 1420 2374 tenerentur.
1443 2306 1492 2373 Sed

330 2434 440 2499 salutis
464 2435 649 2500 animarum
669 2436 751 2499 ratio
775 2437 807 2498 in
832 2437 943 2519 primis
967 2433 1115 2499 habenda
1143 2439 1222 2500 erat.
1249 2434 1350 2508 Quam
1374 2435 1492 2498 obrem

330 2559 531 2643 pedetentim,
557 2580 730 2646 progressu
754 2565 905 2631 aetatum,
923 2561 1083 2626 emollitae
1099 2561 1230 2626 fuerunt
1252 2559 1413 2627 interdicti
1430 2579 1492 2644 pro

329 2687 510 2752 bibitiones.
535 2687 639 2750 Porro
663 2692 815 2754 statutum
841 2687 899 2752 luit
923 2689 955 2751 in
980 2707 1049 2772 cap.
1075 2689 1121 2768 11,
1141 2687 1192 2753 Da
1206 2706 1319 2770 spons.
1336 2689 1369 2751 Χ
1382 2687 1450 2766 (IV,
1469 2686 1491 2768 l)

329 2818 474 2897 tempore
491 2813 651 2878 interdicti
668 2811 785 2879 locatis
800 2815 971 2899 pancratis
987 2814 1129 2899 permitti
1144 2813 1292 2899 baptismi
1309 2809 1492 2878 administra-

328 2941 446 3005 tionem
471 2939 622 3023 parvulis,
641 2945 672 3002 et
688 2939 897 3004 morientibus
913 2942 1108 3005 sacramenti
1124 2941 1351 3024 poenitentiae,
1367 2958 1425 3002 nec
1439 2957 1491 3001 non

330 3061 589 3129 confirmationis.
622 3065 673 3128 Ex
705 3083 779 3147 cap.
810 3063 866 3132 43,
894 3063 942 3128 De
972 3069 1053 3129 seut.
1086 3083 1214 3129 cacum.
1242 3065 1283 3136 X,
1308 3062 1491 3148 baptismatis

329 3187 443 3251 adultis
468 3193 499 3250 et
515 3188 739 3252 Eucharistiae
763 3209 822 3273 pro
839 3189 968 3254 Viatico
992 3187 1159 3254 dumtaxat
1181 3189 1414 3256 administratio
1430 3209 1490 3273 per·

329 3312 424 3376 missa
455 3318 510 3376 cst.
543 3347 559 3360 -
596 3313 815 3378 poenitentiae
848 3333 927 3377 vero
959 3318 1194 3378 sacramentum
1227 3315 1324 3379 nullis
1352 3313 1490 3398 denegari

329 3441 456 3500 cautum
480 3435 541 3499 luit
563 3455 608 3500 ac
631 3437 773 3518 cap.19‚
799 3442 830 3501 et
851 3438 910 3500 ult.
937 3437 1039 3501 Almo
1059 3443 1177 3503 mutar.
1203 3437 1253 3502 De
1276 3445 1358 3503 sent.
1375 3457 1490 3502 cucone.

327 3559 363 3626 iu
388 3560 419 3623 6.
446 3581 506 3624 nec
530 3581 592 3624 non
616 3562 821 3633 matrimonii,
842 3561 898 3624 sed
921 3563 991 3625 sine
1015 3561 1246 3634 benedictione,
1272 3581 1349 3649 ary.
1375 3581 1442 3644 cup.
1465 3559 1490 3622 1.

210 3692 214 3702 ’
327 3684 504 3766 nefarie.
532 3685 643 3770 1111,
668 3685 780 3771 1)(1).

398 3913 437 3982 (1)
458 3913 588 3967 Extrema
613 3915 724 3978 Unctio‚
748 3917 849 3986 quippe
874 3935 929 3971 non
954 3923 997 3973 est
1022 3922 1225 3972 sacramentnm
1249 3921 1429 3983 necessitatis,
1446 3931 1489 3968 non

326 4023 550 4088 administratur‚·
570 4041 630 4092 erp.
651 4043 709 4096 cap.
726 4027 764 4090 11,
782 4028 808 4080 b.
829 4037 846 4078 t.
870 4029 904 4078 X.
926 4027 1028 4082 Verum
1048 4029 1070 4080 si
1090 4034 1296 4082 sacramentum
1317 4027 1490 4097 poenitentiae

325 4132 384 4184 deri
405 4133 515 4201 nequit,
535 4132 601 4201 qnia
620 4133 797 4186 moribundus
817 4133 942 4188 sensibus
962 4140 1004 4188 est
1023 4135 1181 4201 destitutus,
1202 4142 1267 4189 tunc
1293 4136 1490 4188 administratur

327 4239 357 4291 E.
373 4237 407 4292 U.
422 4237 559 4291 Lehmknl
579 4239 714 4304 (119011).
736 4267 748 4280 -
769 4239 820 4292 Sed
840 4239 979 4294 ordinario
1000 4241 1168 4310 prohibetur,
1190 4242 1229 4294 nti
1251 4241 1413 4310 prohibetur
1428 4239 1493 4292 ordi·

324 4343 403 4395 nario
429 4341 620 4397 Eucharistiae
646 4343 857 4398 administratio.
880 4345 1014 4399 Absolute
1041 4349 1133 4400 autam
1162 4345 1323 4414 prohibetur
1351 4347 1489 4402 benedictio

331 4451 493 4520 nuptiarum
513 4455 541 4503 et
561 4451 691 4504 ordinum
710 4451 832 4504 collatio.
