3202 5104
454 329 498 375 ns
523 327 677 375 uenimus
701 327 743 372 nr
770 327 886 373 eonms
1193 308 1257 374 ‘243

86 453 274 532 sententiae,
300 456 354 516 aut
377 457 425 516 est
441 450 606 531 ferendae
622 450 804 516 sententiae
811 468 825 532 ,·
849 453 889 519 et,
908 451 1033 518 iterum,
1053 447 1134 512 baec
1151 449 1257 512 fertur

86 579 133 642 vel
155 598 174 640 a
197 578 269 642 iure
292 575 450 641 communi
480 575 531 638 vel
555 594 574 638 a
599 575 668 639 iure
693 574 890 659 particulari.
912 609 929 620 -
950 573 1059 636 Primo
1079 573 1103 636 si
1129 572 1255 638 crimen

86 703 243 764 mereatur
267 696 507 782 suspensionem
525 697 545 759 t.
563 700 644 762 sent.
662 716 704 761 ex
729 698 799 760 iure
816 695 973 761 communi
992 693 1077 758 hanc
1093 695 1255 758 incursam

86 825 176 890 luisse
197 824 343 888 declarat
368 823 543 907 Episcopus
567 824 599 885 in
624 823 714 888 cuius
737 823 901 887 territorio
925 818 1150 885 beneficiarius
1174 819 1253 884 deli-

86 951 162 1032 quit,
185 951 238 1014 vel
268 945 456 1014 beneficium
481 946 628 1014 babebat.
657 950 696 1012 lit
719 947 846 1032 quando
878 943 1057 1011 huiusmodi
1088 945 1255 1029 suspensio

84 1077 120 1138 sit
142 1075 228 1138 lotae
252 1074 435 1140 sententiae
458 1091 504 1138 ew
527 1073 601 1137 iure
625 1072 806 1148 corrzmum',
823 1073 868 1136 uti
889 1091 999 1134 ‹unnes
1022 1071 1105 1134 aliae
1130 1090 1253 1155 poenae
1296 1063 1299 1069 “

85 1205 113 1264 et
132 1219 300 1270 censurae,
325 1199 403 1284 ligat
425 1218 625 1281 quacumque
650 1199 681 1261 in
707 1197 844 1262 dioecesi
868 1195 908 1260 ad
932 1216 1025 1280 quam
1047 1215 1082 1260 se
1098 1197 1253 1261 extendet

85 1327 127 1388 ius
148 1345 325 1396 commune,
343 1325 487 1408 quamvis
512 1324 604 1388 unius
621 1329 743 1388 tentum
761 1323 927 1388 Ordinarii
951 1324 1167 1407 praecesserit
1183 1343 1252 1388 sen·

83 1450 175 1511 tentia
196 1449 423 1513 declaratoria.
451 1447 539 1512 :ideo
565 1453 598 1514 ut
621 1450 646 1512 si
672 1449 704 1512 in
723 1467 785 1511 una
809 1447 947 1512 dioecesi
969 1447 1139 1530 deliquerit
1163 1455 1196 1512 et
1219 1449 1252 1511 in

83 1572 140 1635 alia
171 1572 291 1637 habeat
324 1570 537 1641 beneficium,
565 1593 646 1637 unus
679 1572 871 1638 Ordinarius
902 1572 1053 1638 declarat
1090 1575 1250 1638 incursam

84 1700 333 1782 suspensionem,
359 1699 441 1764 alius
471 1699 659 1782 coequitar.
687 1698 760 1762 Huc
790 1702 913 1781 spectet
945 1698 1057 1782 regula
1080 1718 1163 1780 qnae
1187 1703 1252 1762 sta-

84 1823 173 1885 tuitur
195 1825 248 1888 cit.
267 1841 344 1904 cap.
363 1821 411 1886 14.
432 1822 521 1888 Unde
544 1823 708 1906 suspensio
733 1843 753 1886 a
778 1819 932 1886 beneficio
952 1823 1024 1904 ipso
1049 1821 1125 1886 iure
1149 1823 1252 1886 incur-

85 1945 174 2009 rendo
189 1967 231 2010 ex
248 1947 409 2011 sententia
433 1947 511 2010 iuris
535 1947 721 2016 communis,
739 1948 801 2010 vim
827 1945 924 2010 habet
944 1945 1097 2010 clericum
1122 1967 1250 2030 suspen-

84 2067 167 2130 omli
183 2089 202 2131 a
217 2068 469 2152 quibuscumque
485 2065 648 2134 beneficiis
665 2071 696 2132 in
713 2067 850 2132 diversis
867 2068 1065 2133 dioecesibus
1086 2071 1251 2154 possessis,

84 2195 216 2274 quamvis
246 2195 281 2257 in
313 2215 378 2259 una
400 2199 524 2259 tantum
548 2195 727 2278 deliquerit,
754 2193 922 2258 dummodo
948 2195 1003 2259 lex
1027 2196 1095 2280 ipsa
1124 2217 1186 2260 non
1212 2197 1250 2260 li—

85 2322 164 2384 nitet
177 2321 420 2405 suspensionem
437 2321 476 2384 ad
494 2342 590 2385 unum
607 2327 728 2386 tantum
747 2341 935 2406 expressum
953 2319 1158 2398 beneflciunr;
1179 2343 1248 2408 arg.

84 2445 213 2511 dcirco.
240 2445 449 2512 Arnbitiosae
471 2447 523 2512 cit.
546 2446 587 2510 cl.
614 2467 644 2510 n.
667 2446 737 2511 161.
761 2449 993 2512 Verumtamen
1019 2447 1115 2512 iudex
1140 2448 1251 2513 serens

83 2571 261 2633 sententiam
287 2569 562 2640 declaralomam,
589 2568 627 2633 de
651 2570 762 2634 eadem
786 2569 865 2634 alios
889 2568 1088 2638 Ordinorios,
1114 2591 1249 2654 quorum

83 2695 206 2764 intersit,
233 2716 368 2760 monere
392 2694 486 2761 debet
508 2694 565 2780 (l).

162 2821 266 2896 Quum
291 2841 371 2886 vero
398 2823 563 2906 suspensio
594 2827 644 2888 est
673 2843 692 2886 a
722 2822 798 2888 iure
826 2822 998 2889 communi
1024 2823 1190 2904 ferendae
1212 2845 1249 2894 s,

83 2945 173 3010 itaut
195 2947 418 3031 expostuletur
441 2948 601 3011 sententia
625 2947 903 3013 conderrrnatoria
927 2946 1039 3010 iudicis
1060 2946 1249 3030 applicantis

82 3067 156 3134 beno
181 3091 315 3155 poenam
340 3070 459 3134 clerico
483 3069 689 3152 delinquenti,
706 3075 782 3134 tunc
807 3071 972 3155 suspensio
989 3075 1078 3134 tenet
1095 3069 1247 3134 clericum

81 3194 173 3274 quoad
196 3193 355 3261 beneficia
379 3196 486 3258 omnia
509 3196 568 3259 etsi
592 3214 738 3278 possessa
762 3195 795 3259 in
820 3193 958 3258 diversis
982 3194 1198 3266 dioecesibus,
1223 3198 1249 3260 si

82 3317 154 3384 haec
186 3322 227 3386 sit
259 3321 393 3387 intentio
427 3320 509 3406 legis
545 3339 610 3385 non
644 3319 773 3386 indubie
803 3339 983 3405 expressa;
1015 3326 1048 3385 et
1077 3321 1141 3386 huc
1172 3321 1251 3386 facit

81 3443 126 3506 cit.
149 3452 250 3547 coppi
274 3442 333 3522 111,
360 3443 457 3526 Des.
484 3463 591 3526 comp.
619 3479 636 3490 -
669 3443 702 3510 Si
734 3445 781 3508 ius
812 3450 918 3509 antem
950 3443 1134 3510 decreverit
1163 3446 1249 3510 hanc

81 3586 204 3648 poenam
221 3569 394 3634 valituram
417 3569 520 3633 solum
544 3570 576 3631 in
599 3568 672 3632 loco
689 3569 722 3632 in
739 3589 801 3652 quo
818 3568 969 3633 delictum
992 3569 1051 3632 luit
1073 3574 1246 3654 patratum,

81 3691 119 3754 uti
141 3693 175 3757 in
203 3713 278 3777 cap.
304 3692 353 3759 37
374 3693 446 3758 iam
470 3693 541 3775 cit,
568 3694 786 3778 suspensionis
817 3690 949 3758 effectus
978 3694 1184 3779 restringitur
1207 3693 1247 3759 ad

81 3823 194 3882 certum
224 3816 434 3899 beneficium,
458 3823 491 3882 et
522 3818 651 3902 planum
683 3822 741 3883 est.
768 3853 785 3866 -
814 3815 955 3883 Proinde
985 3820 1248 3904 quotiescumque

80 3939 154 4008 haec
175 3945 322 4010 limitatio
346 3964 410 4009 non
440 3945 642 4030 exprimatur
668 3949 724 4009 aut
754 3950 844 4009 certe
875 3963 938 4008 non
970 3943 1246 4030 subintelligatur,

160 4136 198 4206 (lt
224 4137 373 4208 Suspensio
398 4159 415 4194 o
440 4139 586 4208 beneficio,
612 4138 704 4208 prouti
729 4139 851 4193 advertit
876 4137 991 4206 Soarez,
1020 4139 1158 4203 XXVII,
1179 4141 1208 4206 1,
1229 4141 1249 4192 9

82 4243 229 4310 aequivalet
247 4245 419 4313 suspensioni
439 4264 456 4299 a
476 4245 628 4314 beneficiis,
649 4245 688 4298 uti
709 4247 852 4314 suspensio
874 4247 909 4299 ab
928 4245 1042 4309 ordine,
1061 4248 1096 4298 ab
1115 4245 1211 4316 officio,
1231 4264 1248 4299 a

82 4346 260 4406 iurisdictione
280 4352 409 4421 probibet
426 4354 461 4405 ab
481 4355 556 4405 omni
574 4353 678 4420 officio,
699 4354 734 4405 ab
753 4357 828 4406 omni
846 4351 957 4420 ordine,
980 4353 1015 4405 ab
1034 4354 1111 4404 omni
1138 4353 1247 4406 iurisdi-

82 4453 177 4519 ctione,
195 4459 261 4527 quie
279 4459 439 4514 indefinitus
460 4461 594 4514 terminus
614 4460 773 4532 aequivalet
793 4460 951 4516 universali.
