3302 5100
606 311 812 359 maenarum
837 312 884 358 rv.
1271 299 1337 364 573

158 432 206 489 sed
230 431 362 488 historice
387 437 481 502 agant.
501 434 539 486 At
563 433 695 504 quidquid
713 433 751 488 sit
769 433 802 488 de
821 449 917 488 eorum
935 434 1036 502 animo,
1056 438 1086 490 et
1104 436 1230 504 consilio,
1250 437 1338 510 deque

158 537 298 607 personali
316 538 346 594 in
364 553 412 593 eos
430 537 680 604 animadversione,
699 538 732 593 de
751 555 807 610 qua
830 539 960 607 viderint,
978 541 1025 612 qui
1045 541 1073 594 in
1093 543 1281 598 tribunalibus
1304 546 1338 598 ad

157 643 310 698 coercenda
328 644 446 698 crimina
463 643 601 698 institutis
620 644 663 698 ins
675 642 788 710 dicunt3
799 645 921 700 dubitari
935 651 1011 702 certe
1024 660 1079 700 non
1093 651 1193 716 potest,
1206 665 1337 718 magnam
1379 627 1382 633 ⁴

157 752 292 806 eiusmodi
311 751 392 806 libris
410 754 439 806 iu
459 751 641 806 christianam
662 751 862 822 rempublicam
888 752 979 809 labem
999 770 1032 808 ae
1050 753 1202 823 perniciem
1225 756 1337 822 interri;

157 875 243 928 quum
261 859 381 912 incientis
400 858 553 915 lectoribus
570 875 678 914 venena
698 859 853 930 propinent,
874 860 952 915 nullo
965 859 1091 917 exhibito
1104 861 1149 917 vel
1162 867 1269 932 parato,
1282 881 1338 936 quo

158 971 380 1035 praeserventur,
398 966 531 1020 antidoto.
552 965 769 1021 Subtilissimum
784 965 836 1021 hoc
848 965 987 1024 humanae
1000 966 1126 1023 malitiae
1138 969 1292 1039 inventum,
1305 987 1338 1026 ac

157 1089 259 1128 novtrm
278 1073 447 1128 seductionis
466 1090 563 1142 genus,
579 1089 634 1145 quo
653 1072 821 1143 simplicium
834 1079 942 1129 mentes
956 1075 1039 1130 facile
1052 1075 1241 1146 implicantur,
1254 1094 1337 1148 quam

157 1181 372 1252 diligentissime
388 1182 524 1237 reviseres
536 1181 691 1245 advertant,
705 1197 737 1236 ac
751 1197 884 1237 censurae
897 1182 1065 1248 subiicient3
1077 1187 1109 1237 ut
1121 1182 1167 1238 vel
1179 1181 1337 1239 huiusmodi

158 1287 232 1351 libri,
251 1289 274 1342 si
293 1287 389 1359 aliqua
407 1303 442 1342 ex
460 1287 527 1357 ipsis
546 1287 608 1357 capi
628 1287 715 1356 possit
733 1285 850 1352 utilitas,
868 1287 1059 1352 emendentur,
1073 1288 1118 1344 vel
1137 1289 1165 1343 in
1184 1290 1336 1345 vetitorum

158 1396 279 1452 indicem
297 1397 410 1450 omnino
429 1397 594 1454 referantur.

248 1505 266 1567 ἓ
280 1503 322 1556 22.
337 1502 366 1555 ln
376 1517 419 1566 ee,
429 1517 513 1572 quam
525 1501 652 1571 superius
662 1465 844 1567 laudavimus,
855 1501 1073 1572 praedecessoris
1086 1503 1174 1558 nostri
1186 1503 1338 1559 Clementis

159 1611 252 1681 Papae
272 1608 319 1663 Vll
338 1609 513 1674 Istructione,
531 1611 566 1663 da
580 1619 696 1663 correct.
718 1609 763 1662 lib.
784 1611 801 1670 ,S
820 1610 845 1662 2.
864 1609 1070 1678 sapientissime
1092 1614 1204 1664 cautum
1223 1610 1337 1680 legitur,

159 1721 191 1772 ut
209 1735 280 1789 quac
298 1721 392 1788 famae
407 1719 614 1788 proximorum,
630 1726 656 1772 et
663 1718 836 1787 fflacsertim
855 1717 1115 1782 ecclesiasticorum,
1129 1727 1154 1773 et
1163 1719 1337 1788 principum,

157 1829 318 1891 deaurant,
328 1828 458 1896 bonisque
468 1825 593 1879 moribus
603 1834 628 1879 et
639 1825 805 1878 christianae
817 1825 985 1895 disciptinae
993 1835 1059 1878 sunt
1068 1829 1218 1890 contraria,
1228 1843 1336 1895 enpuri-

158 1941 270 2000 pantur.
284 1931 320 1985 Et
332 1930 416 2000 paulo
430 1934 504 2000 post:
517 1932 637 2000 facetiae
650 1935 740 1996 ctiam
753 1941 801 1985 aut
814 1933 940 1996 dicteria,
954 1933 984 1984 in
992 1935 1149 2003 perniciem
1161 1941 1209 1986 aut
1217 1935 1336 2003 praeiu-

158 2040 265 2094 dicium
283 2043 377 2108 famae
396 2049 421 2093 et
440 2039 653 2094 existimationis
670 2040 792 2094 aliorum
811 2040 920 2104 iactata,
932 2041 1126 2110 repudientur.
1141 2038 1257 2094 Utinam
1270 2055 1337 2094 vero

159 2146 343 2214 inaspectum
356 2142 503 2215 lucemque
516 2142 658 2199 hominurn
677 2144 742 2198 libri
756 2144 890 2199 eiusmodi
903 2145 934 2199 in
945 2144 998 2198 hac
1011 2149 1166 2214 temporum
1180 2145 1295 2201 licentia
1308 2150 1337 2200 et

159 2255 297 2324 pravitate
316 2270 371 2309 non
389 2253 563 2318 efferrentur,
584 2253 613 2306 in
632 2253 733 2323 quibus
751 2252 915 2308 dissidentes
933 2257 1062 2307 auctores
1077 2253 1183 2307 mutuis
1195 2269 1225 2308 se
1237 2253 1337 2322 iurgiis
1377 2287 1378 2292 κ

158 2358 346 2428 conviciisque
365 2357 557 2427 proscindunt;
576 2356 695 2410 aliorum
714 2357 859 2425 opiniones
873 2356 993 2410 nondum
1007 2358 1042 2410 ab
1057 2356 1182 2411 Ecclesia
1192 2355 1337 2410 damnatas

158 2478 276 2517 censura
297 2461 498 2532 perstringunt,
520 2462 701 2527 adversarios,
714 2477 866 2532 eorumque
887 2461 1007 2526 scholas,
1026 2477 1058 2516 ac
1077 2466 1173 2516 coetus
1191 2461 1337 2531 sugillant,

96 2581 98 2586 '
158 2574 188 2626 et
206 2585 256 2639 pro
274 2569 398 2625 ridiculis
416 2569 530 2633 ducunt,
549 2585 651 2638 magne
669 2567 797 2640 equidem
817 2569 952 2624 bonorum
971 2568 1111 2634 scandalo,
1129 2568 1336 2626 haereticorum

158 2689 225 2728 vero
244 2679 413 2744 contemptu,
432 2675 480 2745 qui
499 2673 716 2744 digladiantibus
735 2675 809 2729 inter
828 2691 857 2730 se
876 2674 1031 2740 catholicis,
1051 2691 1135 2745 seque
1153 2679 1251 2728 mutuo
1264 2673 1336 2729 lace·

158 2780 295 2847 rantibus,
308 2781 391 2851 plane
404 2780 587 2851 triumphant.
600 2781 660 2836 Etsi
674 2797 740 2837 vero
752 2782 813 2836 fieri
827 2798 882 2836 non
896 2797 976 2852 posse
988 2781 1190 2851 intelligamus,
1202 2785 1233 2834 ut
1245 2779 1338 2849 dispu-

159 2889 281 2943 tationes
300 2904 315 2943 e
333 2888 435 2942 mundo
453 2887 599 2954 tollantur,
613 2889 777 2959 praesertim
791 2905 853 2943 cum
866 2888 1001 2943 librorum
1016 2905 1147 2944 numerus
1160 2889 1337 2960 continenter

158 3000 310 3064 augeatur3
330 2997 455 3065 faciendi
472 2997 546 3050 eninr
563 2995 664 3064 plnres
684 2995 771 3048 libras
789 2995 888 3048 nultus
907 3003 947 3048 est
965 2995 1037 3064 finis,
1055 2997 1086 3046 ut
1099 2997 1142 3048 est
1157 2991 1228 3062 apud
1242 2992 1338 3047 Eccle-

158 3102 271 3168 siasteu,
291 3119 351 3172 cap.
371 3103 420 3167 123
440 3105 611 3171 compertum
632 3108 778 3170 praeterea
796 3101 876 3154 nobis
890 3101 927 3154 sit
942 3116 1071 3169 magnam
1090 3099 1241 3170 aliquando
1261 3098 1338 3153 utili·

159 3208 246 3260 tatem
260 3223 294 3260 ex
307 3207 342 3260 iis
354 3207 415 3276 capi
429 3221 525 3276 posse,
543 3206 653 3260 modum
672 3209 766 3260 tamen
779 3205 808 3258 in
821 3203 999 3260 defendendis
1018 3204 1204 3273 opinionibus,
1217 3208 1246 3257 et
1261 3201 1336 3256 chri·

159 3314 278 3368 stisnam
297 3314 326 3366 in
344 3312 488 3368 scribendo
501 3311 719 3368 moderationem
733 3312 837 3366 servari
851 3312 952 3366 merito
966 3310 1102 3366 volumus.
1115 3311 1180 3364 Non
1199 3310 1338 3365 inutiliter

159 3422 262 3494 (inquit
280 3421 453 3490 Augustinus
471 3423 501 3476 in
520 3419 659 3476 Euchirid.
679 3437 739 3490 cap.
758 3419 801 3474 59.
821 3435 907 3490 prope
922 3419 1017 3490 tinem)
1032 3429 1201 3474 exercentur
1213 3421 1336 3489 inpenia.

159 3528 184 3578 si
201 3526 368 3580 adhibeatur
385 3525 548 3596 disceptatio
561 3527 714 3590 moderata,
728 3535 754 3580 et
768 3526 837 3578 absit
850 3541 933 3580 errat·
946 3524 1120 3593 opinantium
1132 3539 1162 3578 sc
1174 3525 1248 3578 scire
1261 3525 1336 3594 quod

158 3635 295 3686 nesciunt.
314 3630 365 3692 Qui
385 3631 512 3685 veritatis
531 3630 661 3694 studium,
680 3634 709 3684 et
727 3628 847 3700 purioris
865 3628 1008 3684 doctrinae
1028 3628 1127 3694 zelum,
1146 3643 1200 3698 que
1225 3644 1337 3682 suarum

159 3736 340 3805 scriptionum
352 3737 563 3791 mordacitatem
577 3743 718 3801 excusent,
732 3737 883 3792 obtendere
893 3735 994 3800 solent,
1004 3735 1023 3788 ii
1035 3735 1155 3804 primum
1165 3733 1337 3804 intelligant,

159 3856 214 3895 non
233 3842 367 3896 minorem
380 3841 536 3898 habendam
549 3843 685 3906 veritatis,
698 3859 781 3912 quam
794 3841 974 3910 evangelicae
987 3839 1207 3896 mansuetudinis
1220 3844 1249 3894 et
1262 3839 1336 3894 chri·
1393 3865 1399 3872 ·

160 3947 268 4003 stianae
278 3948 422 4003 charitatis
433 3950 577 4004 rationem.
585 3949 714 4002 Charitas
724 3953 817 4004 autem
825 3949 858 4004 de
865 3949 946 4003 corde
954 3964 1031 4018 puro,
1038 3947 1148 4017 patiens
1157 3953 1207 4014 est,
1215 3947 1337 4015 benigna

160 4058 211 4121 eet,
230 4071 285 4109 non
304 4055 439 4122 irritatur,
458 4072 513 4110 non
536 4055 702 4122 aemulatur,
722 4072 776 4110 non
796 4056 856 4124 agit
874 4071 1029 4125 perperam,
1049 4055 1147 4126 (utque
1168 4051 1244 4107 addit
1263 4053 1336 4108 idem

161 4162 334 4230 Augustinus
352 4162 400 4216 lib.
420 4167 518 4216 contra
536 4163 646 4219 litterae
666 4163 807 4228 Petiliani,
827 4179 886 4232 cap.
906 4162 949 4228 29,
968 4181 994 4216 n.
1009 4161 1071 4230 31):
1084 4163 1144 4218 sinc
1156 4163 1289 4233 superbia
1301 4163 1338 4216 de

161 4269 279 4323 veritate
294 4272 458 4340 praesumit,
477 4273 537 4324 sine
556 4272 672 4325 saeuitia
689 4287 741 4340 pra
754 4271 871 4324 veritate
885 4279 981 4324 certat.
995 4268 1071 4323 Haec
1084 4285 1201 4338 magnus
1219 4268 1268 4322 ille
1281 4285 1336 4322 non

161 4376 289 4432 veritatis
307 4379 406 4444 minus,
419 4395 502 4450 quam
518 4377 665 4434 charitatis
681 4379 785 4445 doctor,
799 4382 827 4434 et
840 4377 944 4448 scripto
956 4381 985 4432 et
998 4393 1081 4446 opere
1095 4377 1337 4446 praemonstravit.
