3266 5102
485 301 530 348 ns
554 301 707 350 nsn1cr1s
732 301 916 350 erronum
1231 282 1295 348 175

126 423 191 490 dem
211 443 312 508 poene
334 423 518 500 haberetur,
536 445 600 490 non
624 430 816 520 ceusu1·a‚si
840 426 881 491 ad
904 429 1028 494 certum
1044 429 1170 510 tempus
1186 425 1291 510 prohi-

126 549 194 615 bitio
214 569 292 614 usus
312 548 446 614 alicuius
469 551 549 616 iuris
571 549 686 616 luisset
709 549 840 616 indicta.

204 673 366 739 Absolutio
397 681 501 740 autem
533 675 604 741 dari
633 681 739 761 potest
769 675 951 741 conditione
983 676 1080 741 etiam
1104 674 1148 742 de
1169 673 1289 757 futuro

126 799 171 862 rel
197 799 402 882 suspensivo,
428 799 527 866 veluti
551 801 601 865 his
624 800 752 866 verbis:
778 819 839 886 epo
865 805 895 868 te
917 801 1053 866 absoluo
1079 819 1100 864 a
1130 799 1292 876 censuris,

123 923 175 989 sed
201 922 362 990 absolutio
393 925 507 992 volere
536 925 680 1009 incipiat
701 945 723 990 a
746 931 916 992 moriente
941 945 1007 1010 quo
1034 926 1095 992 lucc
1125 926 1177 990 uel
1208 921 1295 990 illud

122 1057 316 1138 praestiteris
334 1053 396 1143 (1);
428 1059 481 1124 vel
511 1058 720 1132 resolution,
748 1079 863 1144 nempe
894 1059 935 1124 ad
964 1057 1219 1124 reincidentiam.
1245 1056 1292 1122 ef.

125 1181 239 1252 Sumen,
272 1181 347 1254 Vll,
372 1181 404 1256 8,
429 1183 463 1256 5,
486 1201 555 1268 seq.

201 1303 261 1370 Sed
292 1309 460 1390 quaeritur
490 1327 531 1372 an
563 1327 703 1373 censura
726 1309 771 1372 ita
793 1308 875 1373 ferri
899 1307 1016 1380 valeat,
1041 1314 1076 1374 ut
1099 1307 1292 1381 resolvatur,

125 1427 180 1492 ullu
201 1431 420 1498 intercedente
436 1431 647 1506 absolutione,
665 1433 765 1498 veluti
789 1453 886 1517 quum
903 1433 1010 1497 fertur
1025 1431 1082 1496 sub
1103 1431 1293 1498 conditione

123 1556 300 1622 ructatioo.
319 1593 334 1604 -
352 1559 626 1647 Porroconvenit
642 1557 726 1644 apud
743 1559 807 1623 DD.
825 1559 870 1622 ita
895 1559 977 1623 ferri
993 1577 1086 1643 posse
1102 1577 1292 1634 censuram

122 1685 150 1744 et
170 1700 280 1747 revera
303 1683 473 1748 dicendum
498 1688 556 1757 est,
581 1702 646 1748 non
671 1683 783 1749 deesse
809 1683 976 1752 decretum
1005 1682 1213 1748 absolutionis
1235 1681 1292 1748 sed

122 1805 211 1888 ipsum
233 1809 395 1874 contineri
419 1809 452 1872 in
475 1810 544 1896 ipse
564 1809 762 1895 irrogatione
779 1826 939 1874 censurae
955 1807 1013 1872 sub
1030 1808 1092 1872 hee
1109 1805 1292 1872 conditione

123 1928 223 1994 editae.
240 1930 286 1998 cf.
312 1931 507 1998 Thesaurus
529 1933 571 1998 P.
596 1934 625 1998 Ι.
649 1933 699 1998 26
722 1932 778 2019 (2).

199 2051 245 2116 Re
262 2051 391 2136 quidem
404 2073 481 2118 vera
498 2055 580 2118 inest
596 2055 711 2138 cuique
723 2053 929 2120 absolutionis
941 2053 1026 2118 actui
1043 2052 1206 2138 generalis
1218 2070 1293 2116 eon·

120 2173 201 2251 ditio;
223 2197 341 2263 nempe
365 2177 594 2244 absolutionem
620 2180 732 2244 valere
755 2181 781 2244 si
806 2181 1043 2244 acontumacia
1059 2197 1222 2244 recessum
1238 2178 1289 2242 sit.

121 2299 217 2373 Quare
231 2303 400 2386 absolutio,
412 2325 472 2390 per
484 2324 529 2378 se,
544 2309 592 2370 est
603 2305 720 2371 illicita
736 2305 762 2369 si
779 2303 976 2370 concedetur
992 2325 1049 2368 reo
1066 2305 1119 2388 qui
1136 2323 1200 2368 non
1213 2304 1291 2368 resi·

120 2427 228 2508 puerit;
244 2428 402 2494 inualido
423 2435 595 2514 praeterea
622 2431 679 2510 est,
697 2431 723 2494 si
739 2429 896 2496 absolutio
912 2449 970 2494 reo
986 2429 1092 2494 adhuc
1107 2429 1289 2496 contumaci

118 2548 153 2612 nb
167 2570 201 2614 eo
222 2553 320 2619 detur
343 2556 396 2638 qui
414 2553 520 2640 legem
537 2560 592 2620 aut
607 2560 813 2640 praeceptum
829 2559 884 2620 eut
900 2557 1093 2620 sententiam
1110 2553 1195 2620 unde
1211 2573 1289 2620 een-

194 2834 232 2903 (l)
250 2834 306 2889 Sed
331 2837 442 2904 parcius
467 2837 519 2890 hac
538 2837 647 2892 ratione
666 2835 826 2891 absolvendi
851 2836 985 2890 utendum
1005 2841 1062 2899 est;
1083 2835 1149 2906 quia
1168 2839 1211 2889 est
1228 2839 1290 2905 ipse

116 2955 175 2992 reus
197 2943 243 3011 qui
266 2943 297 2996 iu
316 2948 458 2997 momento
475 2942 643 3012 adimpletae
663 2943 829 2998 conditionis
847 2944 969 2998 iudicare
988 2943 1071 2998 debet
1090 2958 1125 2995 an
1144 2940 1289 2996 absolutus

116 3046 226 3100 eraserit
244 3048 288 3104 uel
308 3048 415 3114 minus3
433 3049 482 3104 sed
501 3050 529 3103 in
549 3066 652 3120 genere
669 3067 751 3104 nemo
770 3051 856 3104 iudex
877 3054 906 3102 in
926 3065 1010 3104 causa
1026 3049 1153 3118 propria.

196 3154 234 3222 (2)
254 3154 374 3210 Videtur
392 3155 581 3211 contradicere
594 3157 704 3222 Suerez,
720 3157 804 3222 XIX,
823 3159 845 3222 1,
867 3159 898 3222 5,
916 3157 964 3227 qui
983 3157 1113 3210 observat
1132 3151 1203 3208 hanc
1220 3169 1288 3208 con·

115 3259 226 3315 ditonem
245 3278 301 3316 uon
321 3263 414 3316 iacere
433 3267 526 3316 actum
544 3281 641 3318 revera
655 3263 888 3328 conditionatum
908 3264 973 3336 quia
987 3262 1142 3316 huiusmodi
1157 3261 1291 3328 conditio,

115 3381 204 3436 nempe
222 3369 442 3439 resipiscentiae,
460 3387 569 3440 semper
588 3371 661 3425 inest
679 3371 707 3424 iu
727 3371 838 3426 decretu
858 3388 983 3436 censuris
1004 3376 1127 3425 ceterum
1147 3384 1242 3424 rscrrr
1262 3377 1288 3424 et

114 3479 233 3544 erpressi
251 3480 351 3532 endem
370 3487 411 3532 est
429 3479 565 3545 coridi1i05
584 3479 662 3532 iuxta
682 3484 776 3532 nolum
797 3479 977 3548 principium:
997 3497 1031 3532 ea
1050 3496 1120 3548 quae
1140 3481 1222 3531 tacite
1243 3480 1287 3529 in·

115 3591 184 3649 sunt,
202 3587 227 3636 si
243 3585 354 3656 suerint
373 3601 516 3655 expressa,
529 3603 585 3639 non
604 3587 711 3655 seiciunt
730 3595 822 3639 actum
842 3587 1073 3650 conditionatum
1085 3599 1146 3653 orp.
1160 3584 1178 3635 l.
1200 3583 1218 3634 l.
1237 3582 1288 3649 69,

116 3685 159 3740 98.
178 3690 217 3745 De
234 3691 332 3745 bared.
352 3693 403 3744 ins.
421 3719 434 3731 ·
448 3690 499 3745 Sed
514 3695 612 3745 contra
631 3691 736 3745 adverti
756 3690 847 3758 debet,
867 3692 951 3746 etiem
972 3690 1144 3744 conditiones
1163 3691 1191 3743 iu
1210 3689 1287 3743 hisce

113 3793 213 3849 actibus
225 3797 327 3867 apponi
342 3813 421 3866 posse
432 3770 494 3851 eum
507 3798 606 3852 effectu
621 3797 782 3864 resolutum,
795 3799 904 3868 quando
915 3797 984 3852 heec
994 3798 1030 3850 sit
1042 3813 1177 3867 expressa
1190 3796 1288 3849 volun·

114 3903 153 3952 tes
169 3904 332 3972 apponentis
351 3903 531 3959 conditiones.
546 3905 621 3974 Ergo
641 3921 694 3958 nou
714 3897 816 3959 sufficit
835 3907 979 3975 expressio
993 3903 1159 3957 conditionis
1178 3902 1225 3957 sed
1245 3919 1288 3958 re·

111 4005 224 4074 quiritur
242 4011 386 4080 expressio
397 4010 550 4066 voluntatis
562 4012 716 4082 apponendi
730 4012 916 4066 conditionem
931 4029 993 4064 cum
1007 4012 1059 4064 tati
1078 4013 1186 4082 effectu·
1198 4009 1286 4081 siqui-

112 4111 168 4166 dem
185 4117 273 4170 tacitn
291 4118 364 4173 inest
383 4119 501 4173 condeio
521 4121 729 4189 resipiscentiae
746 4137 796 4189 pro
809 4119 961 4174 obtinenda
973 4119 1157 4186 absolutione,
1170 4117 1218 4172 sed
1231 4133 1285 4172 non

112 4216 179 4274 inest
196 4225 310 4294 effectus
331 4225 514 4279 absolutionis
541 4227 602 4296 ipsc
629 4231 704 4297 facto
732 4242 888 4292 concessae,
908 4225 1004 4280 stetim
1032 4242 1064 4278 ac
1093 4223 1286 4295 resipiscentia

112 4325 246 4396 vigeatis
265 4337 421 4386 censursto.
441 4332 525 4404 Atqui
546 4332 648 4387 Suarez
667 4349 721 4388 non
741 4333 809 4386 satis
828 4334 935 4402 probat,
955 4332 1008 4386 hoc
1027 4348 1087 4386 esse
1103 4331 1226 4387 alienum
1239 4330 1284 4386 vel

111 4433 201 4488 aiure
219 4437 340 4505 positivo
359 4437 402 4492 vel
422 4453 439 4490 a
458 4440 559 4491 nature
577 4453 765 4492 censurarum.
