3312 5108
302 276 346 342 :30
828 295 912 344 raus
936 296 958 342 1.

230 425 232 428 ’
303 420 429 504 penitus
463 418 660 486 absolutum:
686 425 718 484 et
742 419 767 483 si
791 418 855 485 hoc
885 419 926 484 ab
958 415 1075 485 ellectu
1109 421 1194 504 capit
1228 419 1480 504 perfectionem,

301 545 405 610 poena
435 546 500 591 non
529 532 619 592 tenet
649 525 823 592 facientem
847 525 892 612 (l)
921 527 1024 610 quoad
1060 524 1192 594 effectus
1227 532 1380 612 sequutus
1415 547 1481 594 non

302 646 410 716 tuerit.
435 653 540 718 Actus
562 652 726 737 perfectus
748 651 950 736 intelligitur,
968 671 1041 718 cum
1057 651 1156 718 fuerit
1179 650 1284 718 factus
1309 654 1390 726 iure,
1407 656 1481 737 quia

301 777 404 843 cerba
436 797 515 842 cum
538 779 656 861 effecta
683 776 835 860 (maxime
859 781 892 844 in
916 777 1044 863 odiosis)
1069 779 1262 862 accipimus:
1287 777 1359 844 ideo
1383 784 1418 844 ut
1440 781 1481 844 sit

301 903 412 988 poenis
436 902 602 983 obnoxius,
627 921 706 987 opus
730 907 789 972 est,
811 907 847 970 ut
869 902 950 966 nihil
975 903 1147 968 essentiale
1171 903 1239 968 sive
1255 907 1383 968 catara
1405 921 1478 975 saa,

300 1027 369 1092 sive
393 1027 469 1094 iare
501 1028 547 1092 illi
579 1026 660 1092 desit
676 1027 731 1114 (2).
766 1027 798 1092 Si
823 1026 950 1111 quando
974 1032 1088 1092 uatem
1117 1047 1190 1092 aaa
1221 1033 1252 1093 et
1280 1027 1397 1093 eadem
1422 1029 1480 1094 tea

300 1156 332 1218 et
354 1151 469 1217 irritat
494 1148 558 1236 (vel
582 1152 710 1216 irritum
742 1151 904 1237 supponit)
928 1157 1043 1218 actam
1065 1157 1097 1218 et
1119 1125 1223 1235 ¹ponit
1248 1169 1399 1234 poenam
1422 1122 1478 1232 sa-

300 1275 410 1348 cieatr',
423 1293 538 1358 poeaa
561 1275 698 1360 quidem
718 1295 785 1358 per
808 1282 923 1342 actara
945 1277 997 1341 ael
1020 1275 1096 1342 iare
1119 1277 1253 1342 nattam
1275 1277 1476 1370 incurritur,

298 1399 373 1482 quia
395 1398 451 1464 lex
474 1419 538 1464 non
563 1404 670 1464 actum
694 1399 750 1464 sed
773 1399 895 1464 lactum
917 1398 1053 1484 (ausum)
1077 1405 1224 1476 coercet;
1248 1419 1363 1464 rerum
1378 1404 1413 1464 ut
1426 1399 1477 1482 fa·

298 1528 388 1591 ctam
411 1523 474 1588 dici
498 1525 605 1608 possit,
623 1543 755 1588 necesse
779 1529 829 1589 est
851 1528 887 1588 ut
908 1523 989 1588 nihil
1013 1530 1141 1590 natura
1165 1544 1229 1590 saa
1252 1523 1423 1590 essentiale
1446 1526 1477 1589 ei

297 1647 387 1720 desit,
412 1647 494 1714 idest
517 1653 552 1713 ut
569 1647 654 1712 alias
678 1653 829 1714 constare
849 1654 957 1734 posset
979 1649 1092 1714 saltem
1116 1648 1257 1714 naturali
1281 1651 1368 1724 iure;
1393 1648 1475 1733 quod

297 1771 393 1836 velim
420 1772 632 1838 animadverti
657 1793 687 1836 a.

384 1897 439 1963 20.
464 1898 613 1964 Pressius
637 1897 861 1982 inquirendum
877 1903 927 1962 est
942 1919 984 1962 an
1000 1902 1033 1963 et
1051 1917 1189 1982 quanam
1205 1903 1330 1962 ratione
1353 1917 1474 1983 poenas

295 2018 428 2107 effugiat
443 2024 566 2088 crimen
590 2027 646 2088 aut
668 2043 733 2088 non
757 2029 1031 2091 consummatam
1054 2030 1110 2088 aut
1128 2027 1435 2109 praetacqresram.
1455 2057 1472 2070 -

296 2143 394 2228 Atqui
419 2147 596 2227 quaestioni
623 2151 656 2214 ut
679 2143 822 2219 satisfiat,
842 2145 1017 2212 recolenda
1041 2152 1088 2211 est
1111 2148 1286 2232 praecipua
1301 2145 1472 2219 distinctio,

295 2287 377 2351 quae
389 2287 512 2352 poenae
528 2269 767 2334 ecclesiasticae
791 2271 1017 2335 executionem
1041 2275 1173 2354 spectat.
1189 2269 1300 2334 Poena
1312 2269 1396 2334 enim
1410 2271 1473 2334 alia

293 2399 344 2460 est
367 2397 456 2461 latae
478 2397 676 2477 sentcntiae,
701 2416 758 2462 seu
789 2395 989 2462 incurrenda
1013 2397 1086 2479 ipso
1114 2396 1205 2479 facto
1230 2417 1287 2462 seu
1313 2397 1380 2481 ipso
1404 2415 1472 2461 mo-

294 2524 400 2585 mento
417 2537 478 2602 quo
495 2520 618 2584 crimen
632 2539 652 2583 a
667 2519 740 2604 lege
764 2517 1006 2588 damnatumfit
1022 2524 1295 2594 consummatum;
1321 2519 1472 2585 nimirum

291 2643 367 2725 quin
398 2643 484 2706 aliud
515 2644 700 2726 requiratur
731 2642 842 2709 iudicis
875 2646 1010 2718 iussum;
1035 2644 1099 2708 alia
1122 2649 1171 2708 est
1192 2642 1358 2726 serendae
1388 2661 1465 2707 sea-

291 2766 423 2836 tcatiae,
447 2786 563 2852 nempe
579 2787 598 2830 a
614 2767 718 2832 iudice
735 2769 768 2832 in
785 2788 876 2832 reum
900 2767 1078 2840 indicenda,
1096 2787 1193 2852 quum
1217 2768 1408 2852 cognoverit
1431 2765 1470 2830 de

379 3029 418 3098 (l)
438 3028 545 3082 Poenas
557 3028 630 3082 latas
643 3029 671 3084 in
685 3030 861 3084 mandantem
879 3046 933 3083 noo
952 3033 1080 3084 censetur
1103 3027 1293 3082 mandatarius
1307 3028 1467 3096 incurrisse,

288 3152 432 3206 quousque
442 3137 631 3191 mandatarius
646 3137 807 3192 mandatam
824 3153 878 3192 non
894 3142 1028 3193 executus
1040 3139 1134 3192 fuerit.
1145 3137 1198 3193 Sed
1208 3134 1358 3210 aliquando
1374 3138 1469 3210 poenis

289 3243 422 3312 plectitor
449 3245 523 3298 actio
551 3245 692 3310 ordinata,
718 3251 819 3300 natura
843 3262 908 3310 sua,
928 3246 961 3298 ad
980 3244 1101 3316 aliquem
1127 3247 1270 3310 effectum,
1291 3263 1347 3317 qao
1373 3251 1468 3301 tamea

289 3351 374 3406 etiam
389 3367 443 3404 non
456 3357 562 3418 secuto,
577 3353 651 3405 actio
665 3351 818 3407 intenditur
831 3353 927 3421 poenis
946 3353 1079 3418 obnoxia3
1093 3352 1133 3406 ita
1149 3369 1251 3421 poenas
1269 3355 1345 3408 subit
1354 3354 1468 3423 periurii

291 3457 339 3526 qui
354 3458 489 3526 peierarit
502 3462 533 3510 ut
547 3475 624 3512 ream
637 3457 804 3522 absolveret,
823 3457 876 3512 etsi
895 3455 940 3510 hic
954 3457 1160 3512 condemnetur.
1174 3459 1348 3529 Quapropter
1361 3460 1466 3514 intendi

288 3563 373 3618 debet
390 3563 423 3616 ad
445 3563 627 3619 intentionem
652 3564 731 3634 legis,
757 3581 828 3634 quae
847 3565 997 3636 aliqnando
1021 3565 1102 3634 punit
1129 3570 1223 3620 actam
1243 3582 1292 3634 per
1312 3581 1342 3621 se
1361 3567 1466 3621 malum

288 3670 373 3722 etiam
393 3675 560 3740 anteaquam
580 3675 711 3741 sequatur
730 3671 844 3724 effectos
863 3669 962 3735 malus,
982 3687 1064 3741 qoem
1085 3687 1182 3740 parere
1200 3675 1283 3724 natus
1302 3675 1352 3726 est.

378 3775 417 3846 (2)
437 3777 517 3832 Unde
531 3795 594 3832 cnm
606 3777 652 3831 lex
671 3777 751 3846 punit
771 3777 893 3848 aliquem
912 3789 1012 3844 actam,
1026 3777 1072 3831 hic
1091 3778 1174 3832 debet
1192 3777 1295 3833 habere
1315 3778 1466 3834 consisten-

288 3883 357 3936 tiam
378 3885 523 3953 physicam
543 3888 571 3936 ct
589 3885 742 3949 moralem,
762 3901 810 3940 seu
830 3895 932 3939 natura
952 3889 980 3940 et
1005 3886 1069 3940 iare
1093 3886 1244 3953 perlectam
1265 3887 1294 3938 et
1312 3884 1465 3953 integram

287 3988 369 4042 ilasi
389 3989 485 4057 poenis
509 3987 690 4057 prohibeatur
709 3988 847 4054 venditio,
869 3989 1092 4055 matrimonium
1117 4005 1161 4044 res
1187 3993 1230 4042 est
1254 3987 1289 4042 de
1307 3989 1466 4044 venditione

286 4100 316 4150 et
334 4096 366 4149 do
386 4097 563 4151 matrimonio
581 4096 681 4152 valido.
707 4097 760 4151 Sed
779 4096 928 4166 aliqnando
947 4095 993 4150 lex
1014 4113 1069 4149 non
1089 4093 1170 4165 punit
1187 4105 1288 4160 actam,
1307 4095 1373 4164 quia
1391 4093 1465 4150 hunc

284 4200 378 4254 irritat
395 4217 444 4256 sau
462 4200 570 4255 nullum
589 4203 664 4268 facit,
683 4201 731 4257 aad
750 4201 830 4270 punit
847 4205 954 4272 factam
966 4199 1112 4254 materiale
1130 4200 1295 4254 destitutum
1316 4199 1344 4254 vi
1363 4199 1464 4254 morali

284 4305 315 4356 at
333 4301 456 4370 iuridicis,
477 4303 555 4357 iuxta
573 4303 648 4358 dicta
669 4303 697 4356 in
716 4313 770 4356 aot.
794 4319 822 4372 p.
842 4302 891 4354 29.
912 4301 970 4356 Hac
989 4301 1098 4356 ratione
1123 4301 1237 4370 punitur
1262 4299 1396 4355 alienatio
1421 4302 1463 4356 rei

284 4412 491 4468 ecclesiasticae
510 4413 570 4468 sine
591 4411 765 4482 beneplacito
784 4411 954 4482 Apostolico,
974 4410 1025 4466 etsi
1044 4409 1124 4465 nulla
1142 4411 1203 4464 sit.-
