3312 5108
692 501 875 594 nram
897 505 982 625 rr.

740 773 876 852 PARS
905 775 935 850 Ι.

571 981 635 1062 De
667 984 836 1065 delictis
865 989 909 1065 et
937 987 1106 1086 poenis.

725 1254 905 1321 TlTULUS
929 1254 954 1320 1.

600 1429 644 1476 DE
677 1429 831 1477 DELICTIS
862 1431 898 1477 IN
930 1431 1075 1478 GENEEE.

250 1633 472 1694 summarium.
490 1667 526 1682 -
544 1641 568 1694 5.
584 1639 697 1694 Noticni
716 1641 841 1696 criminis
860 1641 1063 1710 praemittenda
1081 1647 1123 1696 est
1142 1643 1285 1714 inquisitio
1303 1643 1337 1698 de
1351 1661 1430 1698 com-

337 1746 463 1814 petentia
481 1745 591 1816 poenali
604 1745 746 1802 Ecclesiae
760 1775 773 1788 ·
786 1747 813 1804 6.
829 1747 989 1802 Differentia
1002 1763 1073 1818 quae
1086 1747 1233 1802 intercedit
1253 1749 1327 1803 inter
1345 1765 1428 1804 com-

341 1851 494 1920 petentiam
514 1852 659 1921 poenalem
679 1852 895 1907 ecclesiasticam
916 1857 945 1908 et
963 1853 1083 1908 civilem.

338 2050 370 2115 5.
396 2050 501 2126 Quum
517 2051 558 2115 de
578 2050 765 2117 criminibus
788 2053 994 2138 dispiciamus
1016 2073 1098 2137 quae
1122 2051 1335 2129 subiiciunlur
1357 2056 1429 2118 ani-

252 2171 469 2238 madversioni
484 2175 683 2240 auctoritatis
700 2175 949 2256 ecclesiasticae,
965 2175 1042 2240 hinc
1058 2176 1097 2240 de
1113 2175 1220 2242 indole
1232 2175 1326 2242 huius
1342 2185 1428 2262 pote·

249 2299 341 2362 statis
364 2296 486 2381 aliquid
508 2297 775 2382 praemittendum
799 2304 856 2364 est.
883 2299 967 2365 Sane
983 2321 1047 2364 non
1065 2301 1273 2367 immoramur
1288 2303 1322 2365 in
1338 2322 1429 2366 asse-

250 2421 354 2488 renda
366 2423 533 2488 Ecclesiae
550 2428 706 2508 potestate
723 2425 897 2490 coercitiva
913 2424 997 2508 quod
1013 2427 1205 2511 principium
1229 2425 1431 2492 admittimus

247 2555 280 2613 et
306 2554 491 2615 mutuamur
513 2569 556 2615 ex
580 2553 656 2616 lure
681 2550 830 2632 Publico3
854 2551 910 2618 sed
938 2551 977 2617 de
1001 2556 1119 2617 natura
1142 2552 1236 2617 huius
1260 2557 1428 2638 potestatis

245 2673 365 2757 aliquid
390 2675 556 2759 explicare
579 2678 796 2740 necessarium
821 2681 878 2748 est,
903 2681 938 2740 ut
961 2681 1068 2759 pateat
1092 2677 1231 2760 genuina
1256 2677 1342 2741 notio
1367 2675 1424 2740 de·

244 2799 312 2863 licti
336 2801 495 2865 commissi
520 2802 552 2864 in
574 2802 681 2886 legem
704 2801 965 2873 ecclesiasticam,
990 2805 1022 2865 et
1045 2789 1428 2886 ecclesiasticae‘poenae

144 2927 146 2930 ’
249 2923 324 2990 inde
355 2923 497 2992 inflictae
519 2925 560 2990 ad
587 2926 737 2992 delictum
769 2925 1045 3011 compescendum.
1079 2925 1239 3000 Quocirca
1270 2945 1329 2990 nos
1360 2946 1425 2990 nun

248 3049 373 3134 agimus
397 3047 437 3113 de
461 3048 630 3116 abstracta
654 3049 805 3134 puniendi
829 3052 1020 3114 auctoritate
1042 3049 1099 3115 sed
1122 3048 1162 3114 de
1185 3053 1345 3116 concreta
1367 3068 1423 3133 pc-

244 3178 362 3240 testate
393 3175 564 3240 coercendi
595 3195 650 3241 seu
682 3177 722 3242 de
753 3175 930 3241 intentione
954 3175 1102 3243 etmodo
1126 3195 1188 3258 quo
1211 3173 1251 3238 ab
1275 3173 1427 3238 Ecclesia

246 3298 424 3380 puniuntur
447 3303 539 3364 certa
562 3297 677 3366 delicta
692 3319 751 3384 per
767 3305 873 3365 certas
896 3318 1027 3384 poenas,
1052 3319 1110 3382 seu
1134 3299 1258 3383 agimus
1274 3297 1314 3361 de
1333 3317 1424 3364 com-

242 3423 394 3504 petentia
407 3423 567 3506 poeaalt5
579 3423 791 3488 conserantur
815 3441 896 3506 quae
919 3421 1058 3488 diximus
1074 3421 1113 3487 de
1130 3419 1311 3487 differentia
1328 3421 1422 3486 iuris-

247 3543 395 3609 dictionis
418 3553 451 3610 et
474 3547 708 3632 competentiae
732 3547 764 3609 in
780 3546 797 3609 1
815 3543 898 3610 Sect.
921 3543 1018 3611 Libri
1040 3545 1068 3618 Ι,
1087 3545 1133 3610 tit.
1163 3545 1208 3610 De
1230 3544 1308 3628 soro
1333 3563 1425 3610 com-

241 3671 379 3751 petenti,
403 3690 436 3734 a.
461 3669 558 3754 317(
583 3671 603 3754 ).

336 3777 365 3841 6.
384 3777 533 3843 lamvere
545 3777 695 3869 Ecclesia
711 3785 743 3844 et
760 3777 953 3863 Respublica
969 3777 1072 3843 civilis
1088 3777 1286 3862 provinciam
1299 3775 1423 3840 habent

253 3902 383 3964 omnino
397 3899 578 3966 distinctam
592 3902 624 3965 ln
641 3902 799 3965 exercitio
819 3899 973 3966 eiusmodi
993 3901 1169 3984 potestatis,
1186 3900 1302 3983 quippe
1316 3903 1423 3962 aucto·

250 4026 329 4087 ritas
353 4023 456 4088 civilis
471 4026 556 4090 tueri
573 4023 689 4090 debeat
704 4025 820 4089 civium
844 4023 963 4089 bonum
980 4023 1175 4106 temporale,
1192 4005 1346 4086 Ecclesia
1356 4021 1423 4102 rpi-

335 4218 375 4286 (l)
394 4217 435 4271 Ct.
447 4217 488 4273 Cl.
503 4219 649 4288 Cavaguis‚
665 4218 729 4272 last.
744 4217 821 4272 luris
834 4218 916 4272 Pell.
931 4219 1037 4274 Eccles.
1053 4217 1145 4270 Editio
1159 4215 1204 4280 tlt,
1216 4213 1270 4268 vol.
1290 4213 1310 4278 1,
1325 4231 1350 4266 n.
1368 4215 1420 4266 277

248 4337 305 4392 seq.
326 4321 355 4375 ln
375 4319 427 4376 hac
447 4324 531 4376 tertia
550 4321 670 4376 editione
690 4339 752 4392 pag.
772 4339 790 4375 x
816 4321 1005 4391 copiosissime
1030 4321 1151 4376 refertur
1172 4320 1332 4372 litteratura
1353 4318 1424 4372 iuris

246 4430 309 4498 pub.
329 4427 428 4484 eccles.
448 4434 477 4484 et
494 4427 563 4482 alibi
582 4428 684 4497 passim
703 4429 731 4481 in
751 4433 810 4482 toto
829 4443 920 4496 opere.
