3266 5102
519 375 563 422 nn
589 373 742 422 nacionis
767 373 810 420 ar
834 371 953 420 rosum
1281 349 1320 414 91

139 499 265 566 cinctis
286 517 351 582 pez
373 518 478 586 quam
502 497 632 566 homini
648 497 827 584 baptizato,
846 494 1054 580 delinquenti
1077 499 1110 598 et
1132 493 1325 560 conturnact
1350 543 1355 551 .

134 639 205 706 per
223 625 426 703 potestatem
451 618 721 686 Ecclesiasticam
745 617 904 702 aufertur
925 636 1008 682 usus
1031 615 1198 682 bonorum
1221 613 1325 701 spiri-

138 745 287 810 tualium
304 766 335 809 ›.
354 745 471 812 Poena
486 763 567 810 vero
590 749 687 830 prout
709 743 915 828 poenitentiis
931 747 964 808 et
979 741 1126 808 censuris
1141 741 1324 825 opponitur,

138 867 294 936 definitur
320 871 488 958 «flatum
513 868 655 936 actionis
678 874 738 934 unt
757 867 964 952 privationis
987 885 1009 936 a
1028 869 1193 950 potestate
1216 866 1326 934 Eccle-
1365 879 1371 956 ᾗ
1411 919 1418 933 .

139 992 650 1088 affleffletinpuenti
684 991 911 1080 cittipendum
942 991 989 1056 ud
1022 989 1327 1059 ordinamenta

143 1119 479 1186 restaurationem».
505 1119 637 1184 Revera
663 1117 879 1204 poenitentiae
909 1123 983 1182 sunt
1013 1117 1144 1182 mutum
1170 1117 1326 1202 passionis

141 1213 329 1306 voluntarie
341 1210 559 1324 'sus-ceptum
576 1257 734 1304 censurae
757 1238 876 1302 malum
889 1237 1078 1324 privationis
1097 1235 1238 1302 inflictae
1253 1255 1327 1302 con·

139 1368 278 1442 tumaci;
304 1385 427 1452 poenae
449 1366 569 1430 malum
593 1369 649 1430 aut
671 1366 832 1450 passionis
855 1369 912 1430 aut
934 1365 1123 1449 privationis
1153 1365 1273 1430 inlatae
1296 1365 1325 1430 ei

140 1492 195 1576 qui
219 1489 475 1576 incorrigibilem
506 1511 542 1554 se
565 1489 700 1575 praebet
723 1488 803 1554 adeo
827 1495 873 1558 ut.
906 1487 1076 1554 deficiente
1107 1487 1321 1572 delinquentis

140 1612 304 1680 emendati
328 1613 410 1678 bono
433 1611 592 1696 exemplo,
605 1617 753 1697 suppetat
776 1611 1011 1696 exemplaritas
1027 1613 1238 1696 competentis
1254 1631 1326 1696 poe·

141 1757 204 1802 nae
227 1737 270 1802 ad
294 1735 541 1802 instaurandum
565 1734 711 1801 ordinem
735 1737 886 1802 socialem
910 1737 1042 1802 laesum.

231 1863 285 1929 57.
312 1863 407 1927 Patet
422 1861 635 1947 poenitentias
658 1861 717 1926 etsi
743 1861 887 1946 publicas
904 1861 997 1925 valde
1013 1859 1201 1945 discrepare
1217 1881 1236 1925 a
1253 1881 1327 1925 con-

142 1991 238 2072 ceptu
261 2005 395 2072 poenae,
413 1992 445 2052 et
468 2006 635 2052 censurae.
654 1987 697 2051 At
712 1985 746 2050 in
762 1987 830 2050 istis
843 1984 960 2050 diutius
977 1986 1142 2050 immorari
1158 2005 1222 2050 non
1235 1985 1327 2050 debe·

140 2129 222 2192 mus,
240 2130 314 2175 cum
337 2111 409 2176 fere
433 2111 549 2196 ubique
565 2110 702 2196 amplius
726 2129 790 2174 non
815 2110 1075 2193 frequententur,
1092 2109 1148 2174 sed
1165 2111 1327 2194 poeniten·

140 2236 208 2300 tiae
239 2239 364 2299 tantum
397 2236 604 2320 imponuntur
632 2235 778 2319 privatae
810 2239 842 2298 et
873 2235 1019 2300 occultae
1043 2235 1076 2298 in
1099 2235 1171 2300 foro
1197 2236 1326 2300 interno

142 2360 382 2426 sacramentali.
408 2361 498 2435 Quae
521 2367 640 2436 tamen,
665 2366 696 2427 ul
720 2357 834 2426 definit
857 2359 1077 2426 Tridentinum
1102 2361 1139 2425 in
1164 2359 1248 2427 Sese.
1267 2359 1326 2436 at,

142 2487 196 2552 cit.
221 2506 297 2569 cup.
329 2487 362 2558 8,
391 2492 466 2552 sunt
487 2507 553 2552 non
577 2488 679 2552 solum
704 2487 867 2552 salutares
890 2486 930 2551 ad
954 2485 1202 2571 compescendos
1226 2487 1327 2551 malos

141 2610 271 2676 habitus
283 2610 340 2676 sed
351 2613 558 2678 necessariae
570 2611 611 2676 ad
634 2610 896 2678 satisfaciendum
921 2613 996 2676 Deo.
1016 2613 1095 2677 Nam
1119 2613 1253 2676 remisso
1269 2633 1326 2678 seu

141 2733 289 2799 absoluto
319 2740 452 2820 peccato
484 2741 516 2799 at
546 2735 623 2799 hinc
655 2735 762 2800 debito
794 2741 950 2800 aeternae
985 2736 1159 2800 sanctionis
1194 2741 1327 2820 propter

141 2857 343 2922 voluntatem
375 2858 555 2942 peccatoris
586 2857 620 2920 in
650 2858 750 2922 Deum
782 2861 912 2923 sincere
936 2878 1137 2931 conversam,
1163 2863 1258 2944 urget
1280 2863 1327 2922 ta·

145 3001 228 3056 men,
252 2981 295 3048 ad
320 2981 592 3067 compensandum
617 2985 747 3048 matum
771 2983 921 3055 actionis,
943 2984 1119 3048 necessitas
1142 2985 1226 3048 rituti
1247 3002 1326 3066 pas-

142 3104 258 3184 sionis,
283 3104 358 3188 quia
391 3109 519 3190 patrato
550 3105 687 3170 crimine
715 3105 767 3169 vel
797 3109 956 3190 peccato,
985 3107 1090 3170 statim
1123 3107 1327 3173 contrahitur

143 3225 284 3292 debitum
300 3227 528 3293 satisfactionis
541 3247 623 3313 quae
638 3234 711 3292 orta
735 3248 777 3294 ex
802 3234 945 3314 peccato,
963 3235 1110 3294 remanet
1126 3231 1220 3296 etiam
1236 3250 1327 3296 reso-

140 3351 209 3417 luto
239 3359 385 3438 peccato.
410 3355 568 3420 Nimirum
600 3354 718 3420 exinde
750 3375 817 3420 non
844 3355 971 3423 detetur
996 3362 1109 3422 reulus
1133 3357 1246 3442 culpae
1270 3377 1327 3422 seu

141 3477 275 3560 suctum
291 3479 458 3563 culposum
474 3479 592 3564 patrati
609 3481 775 3556 criminis;
801 3481 884 3564 quod
908 3501 967 3566 per
990 3483 1188 3546 contrarium
1209 3481 1327 3546 bonum
1356 3559 1359 3565 ¹

142 3607 251 3667 actum
274 3604 368 3686 quasi
384 3603 459 3668 elidi
475 3609 532 3669 aut
548 3607 750 3690 compensari
767 3579 870 3671 [tebet.
889 3606 969 3672 Inde
985 3605 1196 3673 confirmatur
1213 3627 1327 3672 neces-

143 3724 223 3790 sitas
253 3743 378 3809 poenae
401 3727 454 3791 vel
477 3727 707 3792 satisfactionis
730 3748 773 3793 ex
796 3728 865 3814 ipso
889 3729 1002 3794 ordine
1033 3729 1172 3796 iustitiae
1197 3731 1229 3792 in
1253 3747 1327 3811 quo·

143 3869 281 3934 cumque
305 3850 388 3923 foro,
413 3870 495 3935 quae
519 3855 695 3918 necessitas
724 3873 828 3938 aeque
857 3860 953 3940 urget
980 3856 1039 3920 etsi
1071 3875 1146 3920 reus
1173 3853 1322 3918 videatur

145 3975 275 4038 sincere
306 3975 503 4042 emendatus.
530 3978 569 4042 Iu
603 3977 665 4042 hoc
696 3981 847 4044 statuitur
878 3978 1123 4043 fundamentum
1155 3977 1325 4064 lindulgen-

139 4100 260 4165 tiarum
284 4100 336 4164 vel
362 4101 560 4168 remissionis
583 4105 810 4187 poenitentiae.
836 4101 1053 4189 Indulgentiis
1076 4105 1160 4169 onim
1185 4105 1238 4169 vel
1261 4105 1326 4189 ple-

139 4225 242 4292 nariis
268 4225 325 4290 vel
356 4227 544 4310 partialibus
573 4227 665 4294 locus
689 4237 747 4310 est,
771 4231 846 4313 quia
879 4249 948 4312 ree,
973 4250 1033 4315 pro
1062 4230 1259 4316 poenitentia
1286 4231 1326 4296 ab

141 4367 179 4412 eo
205 4347 335 4423 luenda,
360 4349 591 4423 attribuuntur,
618 4370 660 4416 ex
683 4356 845 4435 potestate
869 4352 1018 4426 clavium,
1036 4352 1067 4417 vi
1092 4352 1325 4420 communionis

142 4475 341 4546 sanctorum,
370 4473 487 4537 merita
509 4471 631 4540 Christi
655 4473 692 4538 D.
710 4473 747 4538 N.
765 4477 798 4538 et
822 4473 1012 4540 Sanctorum
1036 4477 1177 4540 omnium
1204 4477 1237 4541 in
1262 4477 1326 4540 Ec-
