3296 5108
542 323 586 369 nn
613 321 764 371 narreris
788 323 831 372 nr
854 321 973 370 ronnrs
1280 298 1348 362 443

169 442 332 510 sufficiunt
361 445 402 510 ad
433 445 661 513 incurrendam
693 445 938 512 damnationem.
966 480 983 495 ·
1018 442 1181 511 Eiusmodi
1213 461 1347 508 errores

167 567 373 632 accommode
389 569 529 653 explicat
544 568 701 653 exemplis
715 569 757 634 cl.
775 567 963 636 Pennacchi
979 567 1001 634 l.
1014 587 1041 633 c.
1054 585 1092 650 p.
1107 565 1153 632 88
1168 583 1236 650 sep.
1250 564 1307 650 (1).
1325 598 1343 612 -

170 693 368 758 Damnautur
382 691 457 758 libri
470 695 523 780 qui
538 693 610 760 ideo
621 693 814 774 detrabunt,
827 692 883 758 sed
895 711 960 757 non
972 693 1118 756 innuitur
1133 709 1174 756 an
1191 689 1345 756 damnen-

166 820 222 880 tur
246 817 272 882 si
296 817 379 883 dala
409 837 516 901 opera
546 824 602 884 aut
627 838 670 884 ex
691 817 851 901 professo
882 816 1065 885 detrahant.
1092 849 1109 864 -
1134 819 1179 882 At
1198 812 1258 880 <ubi
1287 814 1346 880 lem

142 943 239 1008 'noa
261 941 437 1027 distinpait
460 961 523 1010 nec
547 961 611 1010 nos
640 942 849 1028 distinpaere
879 940 1038 1008 debemus
1069 945 1101 1005 et
1124 936 1343 1006 tantummodo

168 1065 364 1132 attendenda
388 1071 437 1131 est
460 1067 626 1133 materiae
647 1067 809 1153 prauitas.

258 1193 296 1257 In
320 1192 429 1257 altera
452 1192 582 1256 articuli
604 1197 698 1276 parte
721 1191 910 1256 decernitur
927 1211 945 1254 ι
962 1189 1073 1258 eidem
1094 1186 1346 1272 reprobationis

169 1313 294 1382 iudicio
318 1314 515 1382 subiaceant
537 1331 644 1398 opera
666 1315 703 1380 in
727 1313 849 1400 quibas
874 1313 1110 1398 inspirationis
1134 1311 1168 1378 S.
1194 1311 1345 1394 Scripta·

166 1455 230 1501 rae
252 1442 432 1518 conceptas
449 1435 661 1520 pervertitur
682 1442 743 1502 ant
766 1436 917 1504 cetensio
939 1435 1042 1500 nimis
1065 1438 1258 1501 coarctatur
1275 1453 1305 1498 s.

259 1560 337 1626 Cum
360 1567 505 1626 nostrum
525 1579 590 1624 non
606 1563 648 1628 sit
662 1559 799 1626 definire
821 1565 1013 1646 conceptum
1036 1558 1263 1645 inspirationis,
1281 1555 1344 1622 suf·

167 1681 254 1750 ficiat
276 1683 405 1750 referre
429 1685 563 1750 Concilii
584 1685 735 1750 Vaticani
751 1684 854 1750 verba
869 1683 982 1768 quibus
998 1681 1121 1750 definiti
1137 1687 1212 1755 sunt
1226 1681 1346 1747 limites

167 1814 341 1894 conceptus
364 1810 599 1893 inspirationis;
624 1810 744 1876 etenim
760 1827 834 1893 cap.
852 1811 899 1890 ΙΙ,
916 1808 1056 1874 edictum
1080 1812 1131 1873 est
1153 1827 1170 1869 c
1189 1805 1252 1877 Qui
1268 1805 1344 1889 qai-

166 1932 245 1998 dem
278 1931 402 1998 Veteris
425 1937 455 1998 el
478 1931 568 1999 Noai
600 1933 786 2000 testamenti
817 1931 895 2026 libri
925 1931 1049 2018 intepri
1080 1949 1158 1996 enm
1189 1927 1346 1996 omnibus

165 2059 238 2126 suis
256 2057 414 2141 partibus
431 2059 552 2141 pronti
575 2058 613 2124 in
634 2059 784 2124 eimaem
817 2058 957 2125 Consilii
980 2056 1187 2141 (Tridentini)
1210 2055 1345 2121 decreto

167 2187 385 2250 recensentur
407 2187 438 2248 ct
463 2182 501 2250 in
531 2184 635 2248 aeteri
665 2185 804 2268 oalpata
834 2183 961 2248 Latina
982 2182 1135 2250 ectitione
1158 2157 1342 2254 babenber,

165 2325 231 2389 pro
254 2307 362 2373 sacris
385 2313 416 2373 et
439 2307 611 2374 canonicis
634 2307 840 2391 suscipiendi
862 2316 950 2375 sunl.
982 2308 1050 2374 Eos
1082 2324 1163 2372 aero
1191 2304 1342 2370 Ecclesia

161 2453 231 2517 pro
254 2436 363 2502 sacris
386 2440 416 2500 el
440 2435 612 2502 canonicis
635 2434 741 2508 babet,
765 2454 836 2502 non
866 2435 942 2501 ialeo
974 2435 1056 2519 qaia
1085 2434 1159 2501 sola
1189 2433 1343 2497 bumana

165 2557 338 2625 industria
362 2559 566 2640 concinnati,
588 2577 653 2624 saa
676 2558 799 2624 deinde
829 2556 1029 2624 auctoritate
1050 2558 1117 2624 sint
1140 2555 1321 2640 approbati
1328 2575 1344 2638 ‚·

166 2703 230 2750 nec
243 2683 320 2751 icleo
344 2685 528 2750 darntomal
543 2685 635 2770 qaod
650 2683 892 2751 revelationem
907 2683 979 2750 sine
995 2701 1113 2748 errore
1129 2681 1321 2748 contineant
1329 2701 1344 2762 ,·

166 2809 226 2875 secl
238 2816 424 2892 propterea
437 2811 529 2895 qaod
542 2809 674 2893 Spiritu
688 2807 812 2876 Sancto
828 2809 1020 2892 inspirante
1034 2807 1214 2889 conscripti
1229 2804 1343 2871 Deam

168 2930 313 2997 babeant
336 2935 510 2996 auctorem
534 2935 636 3014 alque
652 2935 690 2994 at
705 2931 787 2996 tales
801 2929 868 3012 ipsi
883 2929 1053 2995 Ecclesiae
1077 2928 1193 2994 traditi
1215 2932 1294 2993 sunl
1311 2945 1343 2990 a.

169 3055 210 3120 Et
240 3055 323 3120 haec
353 3056 462 3122 altera
494 3071 570 3140 pars
600 3037 734 3120 articuli
762 3061 795 3120 et
825 3056 923 3122 tertia
954 3074 1037 3138 quae
1071 3055 1215 3138 sequitur
1246 3053 1343 3119 nulli-

166 3178 259 3244 mode
284 3179 486 3245 habebantur
509 3182 540 3246 in
565 3183 636 3246 iure
658 3183 772 3246 veteri.

257 3304 295 3368 ln
311 3305 410 3370 tertia
426 3311 518 3389 parte
534 3305 661 3370 articuli
675 3311 821 3370 cavetur.
838 3303 1099 3371 «Prohibentar
1114 3322 1249 3388 qaoque
1265 3303 1344 3370 libri

167 3422 228 3506 qni
251 3423 333 3488 data
353 3442 458 3507 opera
482 3424 741 3492 ecclesiasticam
762 3425 991 3491 hierarchiam
1014 3429 1074 3490 aat
1095 3429 1221 3490 statam
1244 3425 1342 3489 cleri-

168 3549 275 3614 calem
298 3551 350 3616 uel
373 3549 571 3636 relipiosnm
590 3551 730 3634 probris
752 3551 905 3635 afficiant
920 3571 950 3614 r.
970 3550 1032 3615 Hic
1048 3569 1068 3614 a
1083 3549 1212 3635 probris
1235 3549 1344 3614 defen«

168 3675 288 3742 duntur
314 3696 378 3743 non
402 3678 548 3762 singulae
570 3696 746 3762 personae,
770 3678 827 3743 sed
855 3681 923 3763 ipsa
946 3677 1133 3742 hierarchia
1159 3682 1215 3742 aut
1241 3681 1345 3742 slatus

168 3799 338 3884 religiosus
360 3806 416 3865 aul
435 3801 607 3865 clericalis.
624 3799 734 3876 Quare
756 3801 804 3866 illi
825 3799 900 3864 libri
923 3799 1120 3866 damnentur
1142 3802 1195 3884 qui
1219 3799 1344 3864 hierar·

167 3923 273 3989 chiam
297 3926 342 3989 ita
363 3927 520 4011 impetunt
543 3931 579 3991 ut
601 3931 758 4000 asserant,
776 3925 895 4013 gradus
919 3927 1152 4007 hierarchicos,
1173 3927 1217 3990 ita
1240 3924 1343 3990 distri-

257 4118 296 4192 (l)
315 4117 367 4173 Hic
386 4119 496 4185 Ductor,
522 4123 639 4188 crottam,
658 4121 690 4176 de
716 4137 770 4192 quo
796 4123 890 4190 agitur
914 4123 943 4175 in
969 4120 1098 4184 articulo,
1117 4120 1255 4174 mordicus
1276 4135 1343 4173 con-

167 4224 264 4289 tendit,
283 4223 407 4295 intelligi
426 4225 526 4281 debere
544 4231 734 4281 reuerentiam
752 4237 778 4282 et
795 4229 1005 4282 submissionem
1024 4227 1168 4282 Ecclesiae
1186 4227 1314 4281 debitam.
1329 4255 1342 4266 -

167 4325 220 4382 Sed
239 4343 290 4382 nos
309 4329 477 4383 arbitramur
496 4331 564 4384 inibi
584 4331 780 4400 comprehendi
800 4333 978 4402 conrplemrm
995 4334 1101 4386 rituam
1123 4335 1221 4403 quibas
1240 4333 1298 4385 Deo
1318 4341 1344 4384 ot

167 4434 275 4491 &ncta
294 4447 320 4492 et
338 4439 423 4492 rebus
442 4443 530 4494 sacris
547 4441 638 4494 bonor
655 4442 808 4496 enubiletur.
828 4439 870 4496 lta
890 4441 975 4495 etiam
994 4441 1185 4497 Vermearsch.
1208 4442 1226 4494 l.
1246 4459 1268 4494 o.
1290 4443 1343 4496 58.
