3290 5100
313 283 379 352 514
836 304 920 350 runs
942 305 966 348 1.

308 429 422 494 Bullae
439 449 497 514 per
514 430 675 494 Datariam
694 437 726 493 et
741 428 977 494 cancellariam
991 429 1114 512 Apost.‚
1131 429 1183 492 vel
1202 430 1234 492 in
1251 429 1357 491 forma
1372 429 1489 492 Brevis

308 573 366 638 per
389 553 607 620 Secretariam
633 553 783 617 Brevinm
800 553 860 632 (l).
885 551 1079 636 Signaturae
1101 557 1177 618 suut
1200 553 1362 636 supplices
1385 551 1489 615 libelli

307 698 387 763 quos
403 680 492 763 Papa
507 678 645 744 admittit
659 677 699 742 ad
717 676 955 763 expeditionem
970 677 1127 763 signando
1140 677 1229 742 riae.
1249 712 1267 724 -
1285 676 1332 742 Gt.
1350 676 1419 742 Vct.
1439 676 1490 748 ΙΙ,

304 823 340 885 p.
364 803 450 868 258.

398 928 488 994 Unde
512 928 671 1013 rescripta
693 926 725 992 S.
742 926 775 994 S.
798 927 1091 1014 Congregationum
1107 932 1141 993 et
1155 928 1254 992 etiam
1272 927 1491 994 Poenitentia-

310 1053 378 1116 riae
393 1053 504 1136 Apost.
528 1071 593 1116 non
617 1052 752 1116 veniunt
773 1051 832 1116 sub
855 1053 984 1116 nomine
1007 1053 1190 1116 litterarum
1215 1052 1490 1137 Apostolicarum.

308 1176 420 1254 Quoad
449 1174 588 1242 officium
620 1175 890 1242 vicecancellarii
922 1165 956 1244 et
988 1179 1058 1243 eius
1085 1177 1186 1243 Vices
1210 1179 1362 1244 Gereatis
1394 1197 1489 1241 reco-

308 1301 403 1366 lenda
425 1306 500 1366 sunt
522 1321 605 1385 quae
628 1302 843 1386 exposuimus,
869 1301 938 1368 Vol.
964 1303 1011 1374 Il,
1031 1321 1069 1385 p.
1093 1301 1169 1368 235
1191 1321 1262 1387 seq.

397 1427 555 1500 Falconi,
580 1429 632 1512 qui
656 1427 743 1492 hano
765 1427 1129 1494 excommunicationem
1154 1429 1336 1510 incurrunt,
1365 1429 1389 1492 ii
1412 1434 1491 1492 sunt

308 1553 361 1635 qui
392 1555 604 1636 corrumpunt
634 1551 759 1617 litteras
792 1553 995 1638 apostolicas
1027 1572 1086 1637 per
1116 1553 1255 1636 aliquem
1287 1551 1415 1617 modum
1446 1573 1490 1616 ex

308 1676 476 1741 recensitis
500 1676 532 1740 in
555 1675 654 1742 allato
677 1677 853 1742 uermcuto.
881 1712 898 1725 -
924 1677 1019 1742 Falsa'
1042 1697 1121 1741 vero
1149 1677 1323 1742 criminosa
1350 1677 1490 1741 intentio

308 1799 471 1866 obtinetur
496 1819 592 1884 quum
624 1820 667 1865 ex
695 1800 777 1866 falso
807 1800 902 1866 alteri
935 1801 1085 1868 damnum
1109 1802 1161 1866 vel
1192 1801 1252 1866 sibi
1284 1799 1488 1866 commodum

308 1931 523 2011 comparatur.
549 1925 659 2000 Quare
681 1928 707 1991 si
730 1926 801 2009 quis
825 1926 941 1991 falsum
972 1931 1089 2011 patrat,
1112 1925 1213 1991 veluti
1240 1928 1489 1992 exercitationis

308 2055 415 2130 causd,
438 2053 564 2118 litteras
587 2072 664 2118 mox
686 2053 898 2135 laceraturus,
923 2074 1060 2134 poenam
1084 2074 1149 2119 non
1174 2055 1351 2119 committit.

398 2175 499 2242 Falto
528 2174 681 2258 publicat
702 2176 756 2260 qui
780 2174 907 2242 litteras
931 2177 983 2240 vel
1007 2176 1263 2259 complesset
1292 2175 1382 2258 falso
1406 2195 1488 2242 con-

308 2299 398 2366 fictas
422 2299 455 2364 in
477 2300 609 2386 vulgum
633 2298 708 2364 edit.
734 2299 804 2364 Non
834 2301 918 2364 enim
948 2301 1056 2385 agitur
1078 2299 1118 2364 de
1142 2301 1270 2365 formali
1298 2300 1489 2386 promulga-

307 2427 393 2492 tione
416 2424 472 2490 sed
494 2424 535 2490 de
557 2424 694 2509 simplici
717 2425 750 2488 in
777 2424 908 2510 vulgum
941 2424 1092 2490 editione.
1124 2425 1215 2490 Unde
1239 2425 1272 2490 in
1303 2426 1366 2492 hoc
1396 2425 1488 2492 facto

307 2549 398 2616 adest
420 2549 561 2634 parvitas
584 2549 759 2631 materiae,
783 2550 810 2614 si
834 2569 1014 2635 paucorum
1038 2548 1077 2613 ad
1102 2551 1246 2632 notitiam
1277 2551 1356 2616 istae
1385 2551 1486 2616 dedn-

307 2682 432 2744 cantur.

396 2803 497 2868 Falso
528 2801 642 2888 epact
672 2803 922 2888 supplicationes
952 2805 1006 2887 qui
1038 2821 1102 2867 non
1138 2799 1293 2887 confingit
1321 2807 1378 2867 aut
1408 2823 1486 2867 cor-

307 2928 426 3013 rumpit
447 2927 696 3012 supplicationes
719 2923 795 3012 (hoc
815 2929 899 2992 enim
921 2929 954 2992 in
973 2933 1065 2992 textu
1086 2947 1150 2992 non
1174 2925 1330 3013 cavetur),
1348 2928 1404 2992 sed
1429 2931 1484 3012 qui

306 3055 528 3140 supplicationi
555 3053 643 3120 addit
665 3052 799 3118 verbum
826 3089 843 3102 -
868 3053 947 3119 Fiat
972 3025 1048 3119 -'et
1071 3059 1181 3139 postea
1212 3053 1484 3140 subscriptionem

305 3179 401 3245 addit.

395 3303 458 3370 Sed
481 3303 520 3370 de
543 3302 751 3389 complicibus
774 3303 863 3368 nulla
886 3302 922 3371 tlt
947 3305 1076 3369 mentio.

395 3429 471 3495 447.
495 3429 578 3504 Quia
592 3449 671 3494 vero
693 3429 775 3513 fatti
791 3430 920 3496 camec
935 3429 1114 3496 admittitur
1128 3431 1225 3498 etiam
1239 3448 1314 3503 usu.
1332 3431 1379 3495 uti
1396 3429 1482 3495 dixi-

306 3577 385 3629 mus,
410 3557 454 3621 ita
477 3555 666 3622 constitutio
689 3555 754 3637 Ap.
772 3553 848 3620 Sed.
873 3559 1004 3620 coercet
1029 3575 1090 3640 per
1113 3555 1480 3621 excommunicationem

304 3682 325 3746 l.
350 3701 375 3746 s.
397 3678 579 3746 Ordinariis
602 3683 813 3752 reservatam,
837 3697 869 3742 n.
895 3679 932 3745 3:
961 3679 1132 3745 «merces
1155 3678 1358 3762 Apostolicis
1379 3679 1483 3762 fatris

304 3807 446 3873 scienter
456 3809 595 3879 utentes,
611 3805 664 3870 vel
680 3803 816 3870 ommim
829 3803 866 3869 in
877 3823 919 3870 ea
929 3824 968 3870 re
980 3808 1242 3887 cooperantes».
1258 3797 1377 3871 -Ante
1393 3802 1480 3869 hanc

304 3929 567 3996 Constitutionem
598 3926 733 3993 diversis
765 3927 876 4013 poenis
906 3925 1101 3992 tenebantur
1131 3926 1244 3991 clerici
1272 3930 1307 3992 et
1335 3925 1409 3990 laici
1438 3926 1478 3990 ob

302 4077 403 4124 asum
427 4056 621 4122 Litterarum
647 4055 707 4139 Ap.
731 4053 896 4126 falsarum,
921 4058 957 4118 ut
976 4057 1065 4138 patet
1088 4073 1131 4118 ex
1154 4071 1230 4136 cap.
1247 4052 1280 4128 7,
1298 4052 1328 4116 lt.
1346 4057 1367 4117 t.
1393 4050 1477 4135 quod

391 4233 430 4304 (1)
450 4231 525 4301 Ergo
544 4247 598 4285 non
618 4229 888 4300 comprehenduntur
901 4229 1002 4284 Brevia
1021 4229 1054 4283 ad
1075 4231 1227 4298 Principes,
1244 4228 1288 4283 vel
1308 4229 1410 4283 Brevis
1430 4232 1478 4282 aut

303 4335 400 4391 Bullee
420 4335 671 4402 Poenitenttariae3
690 4337 724 4389 et.
744 4335 802 4388 Vol.
824 4334 861 4402 ll,
879 4353 907 4404 p.
926 4335 987 4387 251
1006 4350 1071 4405 sep,
1090 4337 1119 4389 et
1143 4334 1310 4389 d'Annibale
1332 4334 1407 4388 Com.
1431 4335 1477 4387 cit.

300 4463 375 4500 num.
400 4444 449 4511 79,
467 4453 521 4498 not.
542 4445 585 4498 12.
