3290 5100
290 287 356 353 468
812 309 896 356 rens
920 308 942 354 1.

378 433 548 497 Articulus
561 433 634 497 311¹·
650 432 877 519 intelligendus
893 437 942 498 est
957 432 997 497 de
1011 432 1103 498 libris
1115 430 1284 516 prohibitis
1299 430 1363 497 aS.
1377 431 1475 500 Sede,

287 557 481 642 specialibus
497 557 647 624 decretis.
663 559 742 623 Nam
758 557 833 624 libri
849 577 928 642 quos
944 557 1118 644 prohibent
1132 557 1315 623 Generatia
1327 557 1477 623 Decreta

289 682 383 747 huius
407 683 658 758 constitutionis,
683 703 748 747 non
770 683 914 767 proprie
936 682 1087 748 dicuntur
1110 682 1264 768 prohibiti
1286 701 1307 745 a
1329 681 1361 747 S.
1382 683 1475 767 Apo·

289 805 411 870 stolica.
437 805 565 869 Etenim
593 804 776 872 Generalis
803 806 948 872 Decreta
971 807 1139 871 continent
1162 804 1411 891 prohibitionem
1438 804 1473 866 vi

288 928 375 993 iaris
399 929 598 1010 communis,
615 928 671 994 sed
688 949 853 1013 quousque
870 949 933 994 non
950 915 1178 1014 supelvenerit
1192 928 1338 1011 speciale
1361 927 1476 994 decre

288 1057 355 1116 tum
379 1057 435 1117 aut
458 1053 608 1138 Episcopi
632 1059 688 1118 eut
711 1053 742 1118 S.
769 1053 860 1120 Sedis
884 1052 1084 1119 denuncians
1110 1053 1250 1136 aliquem
1281 1052 1402 1118 librum
1425 1055 1475 1118 uti

289 1175 485 1262 prohibitum
516 1179 548 1242 vi
575 1177 796 1245 Generatium
818 1179 1050 1260 Decretoram,
1081 1179 1215 1262 quisque
1241 1176 1345 1244 fidelis
1377 1178 1476 1244 debet

290 1305 358 1390 ipse
382 1303 564 1369 deliberare
587 1305 621 1369 In
644 1324 702 1369 sua
725 1305 933 1378 consolentia
958 1323 999 1368 an
1024 1305 1140 1388 aliquis
1163 1303 1248 1370 liber
1271 1304 1477 1390 percellatur

290 1429 507 1514 prohibitione
530 1430 563 1494 vi
585 1430 665 1494 iuris
686 1431 874 1496 communis.

378 1555 504 1621 Verum
517 1540 628 1639 eliqua
643 1575 771 1640 semper
786 1554 918 1620 subesse
935 1560 1039 1640 potest
1050 1554 1204 1622 dubitatio
1220 1555 1254 1619 in
1270 1555 1474 1619 conscientia

290 1675 447 1754 fidelium3
479 1680 632 1762 quocirca
662 1676 702 1742 ad
731 1680 911 1745 anxietates
943 1677 1146 1762 repellendas
1177 1677 1230 1743 edi
1260 1677 1366 1742 solent
1398 1697 1477 1762 spe-

209 1805 211 1813 ’
290 1801 386 1865 cialia
409 1800 541 1866 decreta
564 1800 798 1886 prohibitionis.
825 1800 952 1866 Exinde
976 1800 1073 1866 dictio
1105 1799 1207 1866 libros
1234 1799 1277 1866 ab
1300 1801 1366 1883 Ap.
1391 1797 1475 1866 Sed.

285 1925 497 2010 promptos
513 1931 625 2010 aperte
642 1923 811 2011 significat,
827 1926 882 1992 hic
902 1924 1134 2011 comprehendi
1158 1925 1258 1990 libros
1274 1945 1293 1989 a
1309 1925 1392 1992 Sede
1409 1927 1476 2010 Ap.

289 2052 429 2134 spectati
459 2053 591 2119 decreto
623 2052 818 2138 prohibitos,
843 2051 984 2118 exclusis
1015 2052 1106 2117 libris
1131 2052 1301 2138 prohibitis
1321 2051 1363 2117 ab
1391 2053 1476 2139 Epi-

290 2176 405 2261 scopIs.
429 2176 473 2239 Et
496 2176 570 2258 quia
592 2174 709 2240 stricta
733 2176 1000 2260 interpretatione
1023 2177 1068 2240 uti
1094 2173 1256 2250 debemus,
1274 2177 1336 2240 iste
1357 2196 1478 2242 sensus

289 2298 525 2384 praeferendus
556 2305 614 2364 est.
639 2298 687 2365 cf.
713 2300 866 2382 Genneri,
886 2318 922 2381 p.
948 2300 988 2364 71
1014 2305 1046 2365 et
1069 2300 1267 2375 Pennacchi‚
1288 2319 1325 2382 p.
1348 2300 1428 2366 199.
1454 2337 1477 2348 -

290 2424 367 2489 Iure
391 2424 532 2507 antiquo,
549 2445 592 2488 ex
609 2425 747 2490 Instruc.
765 2425 939 2490 Clementis
955 2422 1041 2490 VIII
1065 2425 1115 2490 De
1138 2425 1346 2491 correctione
1371 2423 1476 2491 libre·

290 2565 380 2620 ram,
397 2547 462 2629 51,
486 2545 561 2611 libri
584 2546 737 2633 prohibiti
754 2528 874 2633 corrig'i
900 2547 1059 2613 debebant
1076 2553 1108 2612 et
1123 2549 1362 2613 correctionem
1378 2567 1478 2613 cura-

290 2669 367 2733 bant
379 2669 529 2755 Episcopi
546 2675 578 2735 et
591 2671 800 2754 Inquisitores
812 2671 866 2754 qui
878 2670 976 2736 libros
989 2675 1155 2737 correctos
1168 2670 1218 2735 edi
1230 2669 1437 2736 mandabant.
1453 2706 1474 2718 -

291 2791 396 2857 Hodie
423 2791 505 2858 liber
528 2813 548 2856 a
572 2792 602 2858 S.
627 2793 814 2878 Apostolica
839 2793 1019 2879 prohibItus
1047 2796 1107 2858 etsi
1132 2799 1300 2862 correctus
1327 2792 1379 2859 edi
1406 2813 1477 2858 non

290 2919 377 2983 valet
400 2919 461 2983 nisi
485 2917 615 2982 obtenta
639 2920 670 2984 S.
696 2919 813 3004 Congr.
839 2918 959 2985 Indicis
983 2919 1123 2984 licentia.

380 3039 455 3105 393.
481 3041 565 3105 Aer.
583 3039 641 3104 32:
662 3061 679 3102 c
698 3040 790 3111 Quae
806 3040 853 3106 act
868 3059 992 3106 causas
1004 3040 1299 3126 Beatificatioaum
1314 3046 1345 3106 et
1366 3038 1480 3107 Cana

290 3165 502 3232 aizatioaam
528 3163 714 3232 Servorum
737 3165 800 3232 Det
822 3170 1004 3252 atcumque
1022 3167 1204 3250 pertineat,
1229 3165 1357 3252 absque
1377 3165 1479 3232 bene·

287 3289 414 3372 placito
429 3289 709 3375 Coaqreqatc'onis
722 3282 837 3356 Sacris
851 3289 984 3356 Rittbas
996 3289 1130 3356 tuendis
1140 3289 1350 3374 propositae,
1362 3289 1478 3371 nubti-

291 3413 365 3481 cart
388 3419 559 3498 nequeant
573 3435 604 3476 ».

381 3541 466 3604 Aer.
487 3539 549 3604 33:
569 3561 587 3601 ‹
604 3539 701 3606 Idem
717 3540 899 3607 dicendam
916 3542 958 3608 cte
977 3539 1231 3608 Cottectioaibas
1246 3541 1478 3608 Decretomm

291 3663 507 3751 riaqatarum
530 3663 604 3729 RH.
629 3663 958 3750 Coaqreqatioaam:
983 3666 1046 3732 bae
1067 3665 1235 3731 nimirum
1253 3665 1478 3732 Collecttcnes

292 3789 347 3857 edi
369 3793 540 3874 nequeant
563 3789 630 3854 aiei
652 3789 785 3856 obtenta
804 3789 904 3872 prius
932 3789 1068 3857 licentia
1091 3795 1123 3856 ct
1144 3789 1287 3856 servatis
1310 3790 1479 3858 conditio

291 3912 391 3981 aibas
413 3932 436 3978 a
458 3911 730 3980 rnoderatoribas
761 3915 1028 4000 uniuscuiusque
1061 3914 1343 4002 Conpreqattcm’s
1368 3933 1478 3997 prae-

290 4036 425 4122 scriptis
440 4058 471 4102 r.

381 4161 457 4228 394.
467 4163 556 4229 Unus
569 4168 601 4228 et
613 4163 696 4228 alter
707 4162 863 4229 articulus
875 4183 993 4228 norum
1005 4165 1204 4230 constituunt
1215 4167 1426 4250 praeceptum
1439 4165 1477 4227 in

291 4286 367 4352 iare
382 4286 565 4354 communi.
580 4287 669 4360 Nem,
687 4287 720 4352 in
734 4287 858 4371 primis,
873 4292 946 4353 acte
962 4306 1133 4352 causarum
1150 4286 1328 4353 Servorum
1341 4287 1400 4352 Dei
1416 4292 1478 4352 aut

292 4412 465 4476 Beatorum
479 4429 560 4495 quae
572 4411 656 4497 apud
669 4411 700 4478 S.
714 4413 812 4498 Gong.
827 4413 956 4478 Rituum
974 4413 1148 4498 agitantur,
1165 4410 1309 4478 inaudita
1321 4412 1354 4479 S.
1368 4411 1475 4498 cong.
