3202 5104
252 281 319 348 272
771 299 856 346 rans
880 299 902 346 1.

317 445 319 452 ·
386 424 420 508 2)
444 421 495 490 Ob
519 425 654 490 crimina
669 443 749 488 vero
772 425 835 488 iem
859 427 1080 488 consummata
1102 441 1185 506 quae
1209 424 1373 488 continent
1396 425 1429 490 in

253 547 364 636 primis
387 567 451 612 non
476 553 619 633 spretum
642 547 842 613 auctoritatis
859 547 1108 622 ecclesiasticae,
1133 545 1189 611 sed
1212 551 1429 632 contemptum

253 671 370 736 iurium
394 670 589 735 naturalium
613 670 659 734 uti
686 670 820 740 furtum,
845 669 1060 750 homicidium,
1081 687 1215 754 poenae
1238 667 1353 734 inferri
1377 687 1431 733 so·

253 793 322 858 lent
343 792 383 857 ab
408 794 508 866 initio,
533 799 565 858 et
591 800 701 879 postea
724 800 902 877 sequuntur
928 813 1093 859 censurae
1116 793 1157 858 ad
1180 791 1357 858 curandam
1381 793 1433 856 rei

254 916 518 982 emendationem.

388 1043 421 1128 3)
453 1043 597 1110 Clericus
627 1051 723 1108 antea
752 1022 924 1124 depositus
954 1045 1065 1127 postea
1097 1041 1431 1122 excommunicatur,

255 1169 329 1250 quia
351 1168 432 1233 haec
455 1187 595 1234 censura
626 1170 758 1252 gravior
781 1173 831 1232 est
853 1167 1050 1252 depositione
1080 1187 1162 1251 quae
1192 1168 1300 1252 privat
1326 1163 1434 1231 officio

255 1289 398 1354 clericali
426 1290 499 1356 dum
527 1292 815 1356 excommunicatio
838 1296 973 1356 arcete
997 1292 1220 1356 communione
1243 1289 1433 1360 christiane,

256 1415 315 1480 etsi
339 1435 403 1480 non
431 1418 463 1480 ia
487 1424 686 1502 perpetuum.

389 1541 425 1620 4)
449 1540 612 1605 Cessurae
635 1545 784 1626 satagunt
800 1539 952 1606 directius
976 1559 1067 1604 reum
1083 1558 1104 1603 a
1120 1539 1255 1603 crimine
1273 1533 1435 1622 patrando

254 1663 424 1730 deterrere
446 1665 499 1729 uel
521 1683 542 1728 a
565 1666 701 1729 crimine
724 1665 787 1727 iam
810 1669 937 1749 patrato
962 1665 1007 1728 ita
1043 1681 1213 1728 removere
1241 1659 1434 1744 deliuquen-

255 1795 319 1854 tem
344 1788 495 1854 ethica
525 1786 738 1872 delinquendo
768 1788 903 1852 ulterius
935 1786 1076 1859 desistat,
1101 1787 1127 1850 si
1159 1786 1283 1850 crimen
1315 1781 1436 1848 haheat

254 1915 394 1976 tractum
410 1911 636 1984 successivum,
661 1915 718 1975 aut
740 1912 765 1974 si
783 1909 956 1975 nullimode
972 1909 1038 1974 tale
1062 1909 1103 1974 sit
1129 1910 1264 1980 crimen,
1282 1911 1437 1992 satagunt

257 2041 290 2100 ut
314 2035 408 2100 huius
431 2035 526 2120 plane
550 2036 713 2120 poeniteat
735 2035 984 2119 delinquentem,
1009 2034 1095 2100 uude
1130 2052 1289 2099 censurae
1312 2031 1436 2096 habent

255 2162 404 2257 praevias
427 2161 627 2227 monitiones
644 2168 676 2225 et
698 2159 737 2225 ab
761 2160 852 2226 hisce
868 2159 1083 2245 incipiendum
1108 2165 1166 2224 est.
1185 2161 1233 2224 Re
1245 2177 1325 2224 sane
1342 2177 1435 2240 uera,

257 2286 320 2351 hac
343 2286 536 2371 procedendi
560 2289 697 2367 ratione,
719 2285 838 2352 Concil.
856 2285 943 2351 Trid.
967 2291 1034 2352 tum
1061 2293 1176 2350 contra
1199 2287 1337 2351 clericos
1360 2305 1435 2351 con·

256 2409 439 2476 cubinarios
455 2417 521 2476 tum
534 2416 648 2476 contra
665 2412 848 2496 Episcopos
863 2411 1023 2496 parochos
1042 2417 1097 2476 aut
1113 2410 1193 2476 alios
1209 2408 1437 2476 beneficiarios

187 2545 218 2618 J
256 2556 322 2601 non
345 2536 523 2602 residentes
546 2539 755 2623 praescripsit
788 2542 884 2602 antea
918 2557 938 2602 a
972 2536 1200 2603 monitionibus
1223 2542 1256 2602 et
1287 2537 1436 2602 censuris

257 2657 488 2723 exordiendum
514 2679 601 2724 esse:
626 2659 667 2724 ci.
686 2659 829 2742 cupid,
853 2678 931 2724 sess.
949 2659 1009 2740 25,
1033 2665 1066 2725 et
1088 2677 1163 2742 cap.
1184 2659 1216 2732 6,
1240 2677 1319 2724 sess.
1337 2658 1381 2722 21
1403 2663 1437 2723 et

257 2799 331 2864 cap.
355 2781 383 2854 1,
405 2799 485 2846 sess.
510 2781 533 2845 6
556 2785 587 2846 et
609 2799 683 2864 cap.
708 2781 735 2860 1,
759 2798 836 2846 sess.
861 2779 921 2852 23.
946 2779 1000 2846 De
1023 2779 1087 2862 ref.
1107 2781 1231 2847 Concil.
1255 2780 1350 2844 Trici.

389 2904 422 2987 5)
438 2905 563 2970 Verum
582 2905 770 2970 advertatur
786 2905 869 2988 quod
886 2905 966 2970 nihil
984 2903 1142 2990 prohibet,
1160 2923 1223 2987 quo
1239 2905 1345 2970 minus
1360 2924 1437 2969 cum

256 3028 319 3090 iam
342 3031 418 3091 sunt
439 3025 579 3093 inflictae
602 3028 728 3112 aliquae
750 3047 884 3113 poenae,
908 3037 1021 3113 postea
1037 3047 1191 3093 recursus
1212 3027 1383 3130 habeatur,
1400 3028 1437 3090 in

257 3150 368 3216 eodem
383 3152 519 3215 crimine
535 3151 775 3236 compescendo,
800 3151 840 3216 ad
864 3171 1019 3216 censuras
1034 3171 1073 3216 eo
1089 3152 1226 3217 consilio
1243 3155 1278 3216 ut
1294 3152 1438 3216 obtinea-

255 3280 310 3340 tur
322 3274 534 3359 delinquentis
546 3276 734 3340 emendatio.
750 3276 821 3340 Hoc
836 3281 948 3362 aperte
961 3277 1113 3340 statuitur
1125 3277 1159 3341 in
1175 3277 1281 3360 capite
1297 3277 1338 3342 10
1351 3275 1438 3359 quod

257 3405 519 3472 commentamur,
544 3399 734 3464 decernitur
758 3398 843 3464 enim
870 3421 919 3464 s...
936 3400 966 3465 si
981 3399 1223 3486 incorripibitis
1245 3400 1352 3482 suerit
1375 3419 1438 3466 esc-

258 3521 504 3588 communicari
516 3521 658 3588 dehet.»
672 3522 712 3587 ad
724 3523 972 3609 procurandam,
986 3528 1148 3608 postremo
1162 3522 1315 3594 remedio,
1330 3541 1440 3587 emen·

258 3646 427 3712 dationem.
441 3646 531 3712 Unde
547 3649 671 3712 crimen
684 3649 746 3712 iam
763 3648 933 3714 admissum
947 3648 1131 3714 uindicatur
1146 3668 1206 3733 per
1221 3667 1358 3732 poenam
1375 3647 1440 3712 cri-

258 3773 334 3838 mini
350 3773 635 3857 proportionatam.
653 3774 685 3840 Si
708 3779 814 3839 autem
839 3775 872 3838 in
891 3793 1017 3839 cassum
1035 3774 1153 3840 cedant
1167 3774 1276 3838 omnia
1291 3771 1440 3838 remedia

258 3902 291 3962 et
305 3917 381 3962 reus
404 3917 439 3961 se
462 3897 716 3983 incorrigibilem
740 3897 895 3971 ostendat,
913 3903 991 3964 tunc
1006 3902 1231 3984 aggravantur
1256 3917 1381 3983 poenae
1405 3903 1441 3964 et

258 4023 354 4086 etiam
377 4019 533 4108 infligitur
555 4041 693 4088 censura
704 4025 1045 4089 excommunicationis
1061 4043 1126 4088 non
1142 4023 1182 4088 ob
1199 4023 1325 4088 crimen
1342 4041 1439 4108 prae-

256 4147 388 4211 teritum
411 4145 467 4210 sed
491 4145 531 4211 ob
554 4147 740 4212 continuum
757 4150 880 4213 crimen
900 4149 1122 4212 contumaciae
1141 4149 1175 4212 in
1191 4147 1360 4212 Ecclesiae
1378 4165 1439 4210 au·

259 4271 448 4335 cleritatem.

392 4393 424 4481 6)
448 4395 591 4470 Damam,
608 4397 636 4461 si
650 4399 826 4462 auctoritas
841 4399 1080 4479 Ecclesiastica,
1097 4398 1278 4482 persentiat
1300 4416 1337 4462 se
1360 4415 1439 4482 ope·
