3202 5104
536 319 580 366 nn
604 319 757 366 unnicrrs
781 319 824 366 nr
848 319 966 365 renuis
1275 295 1342 362 263

160 463 264 528 quare
287 446 320 510 in
343 464 402 510 sua
425 449 543 510 natura
558 463 630 509 cum
647 443 760 528 poenis
783 448 908 508 arctam
927 441 1048 507 habent
1071 443 1340 523 coniunctionem,

159 572 208 637 uti
230 573 308 657 ipse,
334 571 355 635 l.
379 591 406 637 o.
430 571 551 636 fatetur
577 571 764 635 «Attamen
779 569 1005 654 irregularitas
1021 587 1064 633 ex
1087 567 1204 634 delicto
1228 573 1277 634 est
1293 569 1340 634 ud

158 696 271 763 tristor
289 715 424 780 poeitae
450 695 675 782 praemortua
706 714 787 780 quae
818 714 861 760 ex
889 694 944 760 illo
975 693 1092 759 delicto
1124 693 1339 767 contrahitur,

159 823 232 886 iure
255 823 412 887 canonice
441 823 487 887 ita
517 827 677 888 statuente
700 842 732 886 ›.
765 821 927 896 Quocirca
956 821 1086 906 integer
1112 823 1269 886 tractatus
1299 819 1339 884 de

159 945 272 1030 poenis
296 945 387 1038 reddi
411 965 476 1010 non
499 951 605 1030 potest
626 945 746 1029 absque
762 945 956 1012 tractatione
971 943 1010 1008 de
1034 943 1336 1030 irregularitatibus,

159 1087 199 1132 ea
221 1070 419 1154 potissimum
442 1069 482 1134 de
505 1089 612 1150 causa,
637 1069 711 1153 quia
734 1067 994 1154 irregularitates
1016 1085 1062 1134 eoo
1081 1067 1201 1134 delicto
1224 1086 1338 1152 prove-

157 1192 286 1258 nientes
308 1195 453 1279 apprime
476 1193 612 1278 intelligi
636 1212 701 1257 non
725 1196 858 1277 possunt
879 1191 940 1256 nisi
957 1189 1063 1256 delicti
1081 1192 1168 1256 notio
1185 1198 1217 1257 et
1234 1193 1338 1274 requi·

157 1321 218 1384 sita
242 1321 403 1405 explicata
426 1321 499 1386 sint.
527 1321 576 1386 Re
599 1318 725 1404 quidem
749 1336 830 1384 vera
854 1319 979 1384 inistis
1002 1317 1211 1403 explicandis,
1236 1337 1335 1402 quae·

156 1445 242 1508 ritur
265 1463 306 1507 an
328 1445 404 1527 ipso
427 1444 503 1509 iure
526 1445 748 1516 incurrantur,
766 1462 808 1506 an
830 1444 991 1508 sententia
1009 1442 1198 1524 requiratur
1221 1437 1335 1506 saltem

156 1569 395 1651 declarator-ia,
419 1589 460 1634 an
484 1574 517 1634 et
539 1567 697 1653 quomodo
720 1570 843 1634 crimen
866 1567 981 1634 debeat
1005 1586 1076 1632 esse
1098 1573 1279 1634 catomum
1304 1571 1336 1631 et

156 1701 429 1761 consummatum
452 1700 485 1760 et
508 1715 647 1779 quanam
663 1672 787 1760 ratione
804 1695 885 1759 istae
901 1692 1142 1778 distinguantur
1163 1711 1183 1756 a
1204 1712 1335 1778 suspen·

154 1818 306 1898 sionibus,
331 1839 351 1882 a
373 1817 632 1903 depositionibus.

246 1943 423 2008 Praeterea
446 1943 645 2017 advertatur,
663 1942 829 2030 systhema
844 1941 979 2028 poenale
996 1941 1249 2006 ecclesiasticum
1265 1959 1331 2002 non

154 2084 226 2130 esse
251 2065 395 2131 absolute
420 2068 582 2133 evolutum
606 2069 666 2133 nisi
691 2069 860 2152 explicatis
886 2064 1181 2150 irregularitatibus
1205 2069 1238 2131 ei
1260 2063 1332 2128 aliis

153 2189 386 2274 privationibus
408 2191 522 2276 quibus
541 2193 685 2258 insontes
699 2191 870 2277 aliquando
885 2191 925 2256 ab
943 2189 1092 2256 Ecclesia
1108 2188 1330 2260 subiiciuntur,

152 2315 244 2380 iuxta
267 2317 412 2402 regulam
436 2319 515 2383 iuris
538 2318 582 2383 23
605 2319 638 2382 in
662 2317 700 2383 6:
727 2317 844 2384 <Sine
866 2317 978 2400 culpa,
1003 2315 1070 2380 uisi
1091 2314 1197 2381 subsit
1213 2333 1328 2386 causo,

151 2458 251 2506 uento
270 2441 468 2522 puniendus
492 2446 539 2507 est
563 2462 593 2506 ›.
618 2438 778 2506 Sisthema
802 2442 887 2504 enim
911 2440 1078 2505 Ecclesiae
1101 2440 1238 2524 poenale
1263 2417 1334 2502 non

151 2567 200 2627 est
214 2565 346 2648 proprie
360 2563 614 2645 uindicaliuum,
631 2564 687 2629 sed
703 2565 806 2649 magis
821 2565 992 2630 eriminum
1005 2570 1039 2630 et
1049 2562 1328 2628 deordinationum

146 2691 406 2770 praeventurum
437 2694 470 2755 et
493 2689 746 2773 delinquentium
779 2689 1011 2763 remotiorem,
1037 2688 1236 2772 respondens
1261 2688 1329 2751 eins

150 2831 261 2896 scopo,·
275 2813 472 2896 procurandi
495 2815 695 2899 singulorum
719 2820 751 2880 et
774 2815 947 2880 universae
963 2813 1199 2879 communitatis
1215 2813 1327 2876 sancti·

148 2941 247 3003 tatem
271 2937 328 3024 (1).
354 2938 444 3014 Quod
469 2939 580 3004 sedulo
603 2940 728 3008 adverti
752 2938 857 3007 debet.
882 2940 991 3014 Quare
1015 2939 1112 3004 etiam
1136 2938 1329 3023 irregulari·

146 3065 231 3126 tates
247 3082 290 3127 ex
306 3062 434 3128 defectu
451 3064 645 3146 derivantes,
662 3067 688 3130 si
705 3065 813 3130 demas
829 3065 941 3130 vitium
958 3065 1112 3149 corporis,
1131 3083 1243 3128 omnes
1258 3062 1328 3127 lun-

148 3181 268 3250 dantur
292 3187 324 3249 in
348 3188 455 3272 aliqua
477 3191 737 3274 praesumptione
761 3191 858 3254 animi
882 3187 1073 3254 incrimine
1095 3187 1325 3273 propensioris,

147 3309 248 3374 veluti
271 3312 495 3397 irregularitas
518 3333 560 3378 ex
584 3313 712 3379 defectu
736 3314 900 3386 natalium,
925 3333 967 3379 ex
990 3314 1120 3378 haeresi
1144 3316 1323 3397 parentum.

147 3433 200 3498 Ex
215 3435 329 3518 quibus
345 3435 490 3502 omnibus
506 3438 725 3504 concludimus
748 3439 835 3504 hanc
858 3439 966 3504 sedem
987 3454 1047 3525 pro
1066 3438 1261 3504 tractatione
1284 3434 1325 3502 de

145 3558 438 3644 irregularitatlbus
461 3581 532 3627 esse
555 3563 699 3648 apprime
722 3562 972 3628 accomodatam.

234 3805 274 3875 (l)
294 3805 352 3859 Hac
371 3806 404 3862 de
417 3823 501 3861 causa
517 3809 569 3862 UD,
582 3810 655 3880 quod
672 3810 749 3865 dolet
768 3809 803 3863 cl.
817 3810 957 3880 Gesperri‚
971 3809 1055 3864 etiem
1075 3809 1212 3862 maximae
1231 3811 1323 3874 notae,

142 3912 185 3966 nti
205 3911 316 3980 suarez,
329 3912 441 3985 seyme,
455 3914 613 3970 Thesaurus
632 3917 857 3986 irregularitates
870 3918 898 3971 in
913 3919 1081 3973 tractatione
1094 3917 1126 3971 de
1140 3917 1237 3986 poenis
1250 3932 1324 3970 oom-

142 4015 319 4086 prehendunt
337 4023 366 4071 et
385 4019 534 4089 explicant.
549 4021 598 4076 Ait
616 4021 783 4089 Thesaurus,
798 4023 866 4090 P.I‚
886 4042 907 4078 c.
923 4025 978 4076 43:
997 4037 1015 4080 (t
1031 4024 1110 4078 Certe
1129 4022 1235 4094 (irreg.)
1255 4023 1322 4076 tatis

137 4124 312 4192 participant
324 4124 360 4177 de
372 4125 480 4178 ratione
489 4143 600 4196 poenae
612 4129 674 4182 idco
684 4130 713 4181 iu
726 4131 777 4183 hoc
787 4139 908 4183 tractatu
918 4131 1191 4200 comprehenduntur
1201 4145 1225 4180 a.
1236 4127 1323 4198 Equi-

141 4228 203 4284 dem
223 4229 344 4284 arbitror
363 4231 586 4302 irregularitates
604 4251 660 4289 non
679 4236 807 4290 absolute
826 4240 855 4290 et
873 4235 999 4289 intimius
1015 4236 1150 4307 explicari
1169 4253 1247 4306 posse
1266 4237 1320 4292 nisi

140 4337 310 4406 comparatis
328 4353 392 4392 oum
410 4341 533 4394 censuris
546 4345 575 4396 et
587 4343 692 4411 poenis,
712 4347 791 4397 tanta
810 4343 992 4413 estaffinitas
1011 4361 1065 4415 que
1085 4343 1151 4399 illae
1172 4345 1236 4400 istis
1254 4361 1319 4399 con·

140 4443 305 4517 iunguntur.
