3296 5108
541 290 585 336 nn
608 288 762 336 nsnrorrs
786 289 829 334 nr
853 287 972 334 nonius
1279 267 1345 332 449

261 413 415 478 Tueatur
437 410 470 476 id
494 417 544 477 est
566 431 630 476 nou
647 411 754 478 obiter
776 410 831 475 sed
857 409 932 476 data
948 427 1048 494 opera
1071 408 1257 482 detendunt,
1275 429 1346 474 sen-

163 539 283 603 tentiae
306 537 424 603 nedum
449 537 635 604 haereticas
658 535 714 602 sed
738 537 834 601 etiam
857 540 992 616 tantum,
1013 536 1059 599 uti
1084 553 1255 616 erroneae,
1272 555 1345 600 oon-

165 662 331 728 demnatas
362 662 402 727 ab
434 661 621 747 Apostolioa
651 661 749 741 Sede,
781 680 838 726 seu
868 659 1086 725 immediatate
1116 679 1135 722 a
1165 659 1265 744 Papa
1291 661 1344 724 vel

75 760 88 786 ⁸
164 786 325 852 mediante
355 789 473 871 aliqua
503 785 601 854 Rom.
631 783 909 872 Conprepationa
935 785 1133 870 potissimum
1158 785 1342 871 Congrega·

163 912 252 976 tione
279 909 312 975 S.
341 911 447 996 offic-i,
474 911 643 976 dummodo
673 911 885 976 damnationis
915 911 1095 974 sententiae
1123 911 1344 994 confirmatae

163 1035 293 1118 suerint
317 1056 336 1100 a
359 1035 391 1102 S.
417 1033 593 1112 Pontifloe;
618 1043 650 1102 et
673 1035 886 1122 confirmatio
910 1039 960 1100 est
983 1034 1078 1120 plane
1101 1035 1287 1099 necessaria
1309 1039 1344 1099 ut

163 1163 338 1248 propositio
355 1162 481 1228 dicatur
500 1163 682 1248 proscripta
705 1183 725 1226 a
749 1161 835 1228 Sede
851 1160 1056 1244 Apostolioa.
1077 1160 1125 1228 Cf.
1144 1159 1343 1227 D'Annibala

168 1287 296 1354 Coram.
324 1287 434 1354 Const.
451 1289 601 1370 Apostol.
626 1286 702 1354 Sed.
726 1285 867 1368 a.105,·
891 1286 1036 1358 Genioot
1062 1287 1104 1366 ΙΙ,
1130 1287 1232 1362 8593;
1256 1285 1343 1351 Pen-

164 1412 281 1477 nacohi
305 1414 325 1478 l.
344 1433 370 1478 c.
395 1433 424 1497 p.
446 1411 519 1478 125.
538 1448 555 1462 -
574 1411 729 1496 Equidem
746 1411 863 1495 passim
887 1412 920 1475 in
944 1411 1006 1476 hoo
1029 1413 1228 1496 propositum
1252 1413 1341 1477 invo-

164 1542 241 1601 cant
262 1537 337 1607 DD..
359 1539 406 1603 uti
430 1536 662 1609 Vermeersoh‚
683 1555 718 1619 p.
737 1535 784 1600 66
799 1536 1040 1620 responsionem
1057 1535 1090 1600 S.
1112 1535 1344 1621 017101181ᾳηί-

163 1659 235 1725 dem
260 1661 290 1727 S.
317 1658 466 1727 Officium
489 1660 540 1724 die
563 1659 606 1726 13
629 1661 705 1726 Ion.
729 1660 822 1726 1892
846 1659 886 1724 ad
909 1659 1098 1725 seeundum
1121 1659 1296 1745 respondit,
1323 1696 1341 1708 -

163 1785 284 1850 merito
312 1784 379 1850 diei
402 1785 488 1851 Aeta
517 1784 552 1850 S.
578 1785 675 1852 Sedis
703 1804 791 1869 qaae
817 1784 964 1850 nzediate
988 1802 1010 1848 a
1032 1783 1106 1848 ΗΕ.
1134 1785 1197 1850 CC.
1218 1804 1342 1867 prooe-

162 1909 263 1975 miunt
280 1945 297 1958 -
315 1910 370 1974 sed
393 1911 426 1974 in
451 1911 514 1976 hao
537 1911 747 1996 responsione
777 1927 883 1974 sermo
908 1915 956 1975 est
980 1909 1020 1974 de
1043 1908 1166 1974 actibus
1189 1911 1243 1993 qui
1265 1931 1342 1994 pro-

165 2037 300 2098 manant
317 2032 356 2097 ab
373 2032 539 2098 ordinaria
561 2038 718 2118 potestate
735 2033 788 2098 SS.
806 2033 921 2118 Cong.;
939 2037 970 2096 et
993 2031 1074 2096 haeo
1091 2031 1177 2098 Aeta
1193 2033 1226 2097 S.
1245 2031 1343 2098 Sedis

162 2165 357 2244 promanant
386 2158 526 2225 nomiae
553 2158 607 2224 SS.
638 2159 797 2243 Congreg.
823 2162 855 2222 et
883 2157 1082 2223 auctoritate
1108 2156 1139 2222 S.
1165 2156 1340 2222 Pontifiois.

162 2281 321 2346 Econtra
344 2283 545 2365 proscriptae
569 2299 591 2344 a
608 2281 695 2347 Sede
713 2281 908 2364 Apostotiea
932 2279 1085 2344 dicuntur
1108 2283 1342 2365 propositiones

162 2424 243 2489 quae
275 2405 413 2473 notoriae
444 2411 473 2470 et
497 2406 696 2474 auctoritate
727 2405 758 2471 S.
784 2405 874 2471 Sedis
905 2404 1100 2470 damnantur
1131 2409 1275 2488 quamvis
1300 2427 1342 2472 ex

163 2529 308 2594 consulto
332 2530 466 2596 alicuius
490 2531 520 2596 S.
547 2531 822 2615 congregationis.
849 2529 895 2595 Of.
921 2531 996 2594 Vol.
1016 2531 1058 2604 ΙΙ,
1083 2549 1113 2592 n.
1139 2531 1205 2596 284
1229 2551 1295 2615 seq.

253 2651 432 2717 Praeterea
456 2655 656 2738 interrogata
681 2649 713 2716 S.
732 2653 831 2738 Gong.
855 2651 990 2718 Indicis:
1011 2653 1100 2717 «Aa
1124 2672 1230 2736 opera
1253 2673 1342 2738 quoe

156 2777 332 2856 peras-utta
360 2781 438 2842 sum
462 2775 637 2842 amoribus
660 2775 786 2858 inserta
810 2795 831 2840 a
857 2775 995 2862 Syllaba
1020 2777 1207 2852 darrzaatis,
1231 2777 1342 2844 ambis

161 2905 226 2964 art.
244 2899 286 2963 14
297 2899 472 2982 prohibita
496 2907 707 2976 censeantur,
725 2906 892 2985 quatenus
910 2921 1045 2967 errores
1068 2901 1111 2967 ab
1127 2902 1243 2984 apost.
1263 2899 1340 2968 Sed.

161 3024 343 3091 darnaatos
367 3025 572 3092 coutinentia
587 3062 605 3073 -
622 3025 677 3091 die
700 3023 750 3090 23
765 3024 853 3090 Maii
869 3025 960 3090 1898
982 3025 1166 3110 respondit:
1183 3025 1342 3110 Affirma-

162 3147 237 3230 tiae,
262 3149 292 3213 si
316 3149 375 3214 hos
399 3167 533 3215 errores
558 3155 717 3215 tueantur
739 3168 799 3214 seu
817 3153 1083 3234 propagarent.»

251 3273 396 3357 Denique
418 3274 483 3338 huo
506 3294 570 3338 non
587 3275 750 3359 pertinent
774 3294 905 3339 errores
929 3273 1131 3338 condemnati
1155 3272 1341 3340 aConeiliis

161 3415 288 3480 quoque
312 3396 545 3464 Oeoumenicis.
581 3449 584 3454 ,
