3202 5104
307 271 373 338 278
645 345 647 350 ,
825 289 913 338 rens
937 291 959 338 1.

305 415 383 480 satis
406 415 569 500 previsum
587 419 635 479 est
651 415 736 479 sacri
756 413 878 479 ordinis
901 414 1010 480 decori
1027 413 1083 500 (cl.
1100 412 1266 480 Reiffenst.
1289 416 1322 488 V,
1347 415 1410 480 Til.
1428 416 1490 492 37,

304 550 339 601 n.
350 535 397 600 67
408 536 506 624 seq.);
524 557 566 602 ex
581 537 695 618 altero,
708 536 802 601 modo
810 537 963 620 practice
981 537 1050 603 lere
1066 536 1268 623 impossibilis
1283 543 1332 602 est
1343 537 1491 617 inductio

304 664 553 748 irregularitatis
569 684 628 749 per
644 665 859 730 universalem
876 664 1138 730 consuetudinem
1155 684 1237 749 quae
1256 669 1366 730 tamen
1385 664 1492 730 lateat

305 787 484 854 Romanum
500 787 704 862 Pontificem:
721 790 824 874 posita
839 809 918 853 vero
935 789 1048 853 notitia
1063 789 1217 872 sequitur,
1232 809 1274 854 ex
1286 795 1379 875 parte
1394 789 1491 852 Prin-

304 914 392 998 cipis,
410 915 585 980 necessitas
604 913 839 999 reprobationis
862 920 918 979 aut
941 933 1118 980 consensus
1133 916 1247 980 saltem
1263 915 1375 981 taciti:
1399 913 1490 978 unde

304 1057 366 1102 non
391 1043 538 1103 remanet
561 1038 651 1103 locus
675 1039 845 1104 consensui
870 1038 972 1124 lepali
987 1059 1043 1103 seu
1061 1043 1278 1126 praesumpte,
1296 1039 1380 1104 unde
1397 1040 1492 1124 viget

304 1163 352 1226 ius
376 1182 441 1226 non
465 1163 630 1248 scriptum.

395 1289 467 1354 186.
486 1290 716 1374 Irregularitas
732 1291 835 1374 primo
852 1295 885 1354 et
898 1291 1203 1376 principaliternon
1219 1295 1268 1355 est
1287 1288 1490 1356 inhabilitae

302 1431 364 1478 nec
382 1433 506 1497 poeno,
531 1414 586 1480 sed
609 1414 891 1498 impedimentum
909 1415 1097 1498 prohibens
1119 1433 1299 1482 removens
1320 1412 1360 1478 ob
1383 1419 1489 1480 notae

302 1539 474 1604 maculam
497 1541 626 1604 insitam
649 1539 689 1604 ob
713 1540 864 1605 delictum
888 1545 1034 1606 nostrum
1056 1541 1111 1605 vel
1133 1541 1269 1608 alterius
1285 1542 1342 1605 aut
1366 1538 1407 1603 ob
1432 1539 1490 1603 ali·

202 1644 205 1650 ’
302 1659 385 1746 quod
410 1664 560 1728 naturale
582 1665 694 1730 vitium
725 1663 907 1730 abhorrens
929 1683 950 1728 a
972 1664 1122 1730 decentia
1145 1670 1179 1731 et
1200 1665 1371 1732 honestate
1399 1665 1488 1727 sacri

302 1786 481 1851 ministerii.
507 1787 587 1852 Inde
617 1789 770 1872 sequitur,
802 1787 948 1854 eamdem
979 1789 1103 1855 incurri
1133 1789 1209 1872 ipso
1239 1789 1323 1864 iure,
1350 1757 1487 1871 etipse

300 1908 391 1992 sacto
414 1910 534 1995 absque
558 1912 624 1976 ulla
647 1914 807 1977 sententia
830 1912 944 1978 iudicis
960 1913 1242 1980 condemnatorio
1264 1918 1297 1978 et
1321 1910 1487 1998 irregula-

301 2039 429 2103 ritatem
445 2029 510 2104 non
525 2037 663 2124 intelligi
681 2005 763 2122 qnae
786 2039 827 2104 sit
849 2038 913 2122 fer.
930 2046 1012 2106 sent.
1034 2039 1144 2106 veleb
1162 2040 1306 2107 bomine.
1323 2038 1408 2104 Nam
1429 2038 1487 2103 rel

300 2166 403 2249 posito
426 2164 526 2230 semel
549 2169 624 2230 actu
640 2166 813 2230 criminoso
829 2166 889 2230 etsi
905 2165 1121 2231 occultissimo
1137 2167 1191 2232 vel
1206 2151 1313 2250 aliquo
1330 2165 1484 2231 obstante

301 2289 438 2364 defectu,
456 2293 569 2375 suapte
588 2291 630 2363 ri,
648 2290 752 2354 oritur
767 2291 850 2355 haec
866 2290 1048 2354 indecentia
1067 2311 1130 2376 qua
1146 2292 1217 2374 quis
1233 2290 1359 2355 alienus
1376 2289 1485 2355 eradit

300 2433 368 2480 as.
393 2413 557 2480 ordinibus
585 2414 795 2500 suscipiendis
819 2415 874 2479 vel
895 2435 915 2480 a
937 2417 1095 2502 susceptis
1124 2413 1353 2480 ministrandis.
1379 2413 1482 2488 Quem

299 2541 551 2626 irregularitatis
572 2538 721 2606 effectum
738 2540 884 2614 Berardi‚
910 2544 931 2607 t.
949 2562 976 2608 e.
1002 2561 1077 2625 cop.
1094 2542 1142 2615 ΙΙ,
1168 2542 1213 2606 ita
1235 2541 1406 2626 eleganter
1429 2560 1483 2604 ex-

298 2668 425 2752 primit:
451 2689 468 2730 o
492 2668 584 2733 Dum
601 2668 779 2734 'indicitur
808 2663 1050 2753 imepularitos
1079 2687 1150 2734 non
1181 2673 1251 2732 tom
1277 2665 1484 2749 prolabatur

297 2793 502 2880 irregularis
525 2813 569 2858 oe
593 2794 640 2859 ad
662 2813 765 2860 soora
788 2793 937 2870 accedat,
955 2811 1060 2877 qnam
1082 2795 1260 2876 praelatus
1281 2812 1326 2858 ne
1348 2792 1481 2878 irrepu-

299 2919 407 2984 lorem
423 2920 531 2985 sacris
547 2919 665 3004 officiis
685 2938 752 3001 per
767 2918 1021 2985 ordinationem
1037 2917 1176 2984 addicet
1193 2938 1223 2982 ›.
1241 2916 1385 2982 Proinde
1401 2918 1483 2982 irre

298 3045 453 3130 gularitas
472 3045 588 3128 primo
613 3049 646 3108 et
666 3043 909 3128 principaliter
931 3063 995 3108 non
1017 3049 1065 3108 est
1081 3062 1186 3129 poena
1201 3043 1276 3126 quia
1291 3061 1357 3106 non
1379 3047 1482 3110 atten-

298 3171 383 3236 ditur
401 3172 525 3237 directe
547 3189 607 3236 nec
622 3170 838 3255 delinquentis
855 3169 1034 3236 emendatio
1050 3189 1113 3234 nec
1128 3168 1237 3233 delicti
1253 3167 1406 3239 vindicta.
1425 3167 1481 3233 sed

297 3295 395 3360 decor
422 3295 508 3360 sacri
528 3295 715 3369 ministerii;
745 3313 849 3377 neque
877 3293 1157 3365 ammirabiliter,
1182 3291 1339 3376 siquidem
1368 3311 1481 3356 omnes

297 3441 403 3486 mares
426 3419 576 3505 baptizati
604 3420 688 3486 inre
706 3419 831 3494 divino,
856 3425 930 3485 sunt
954 3419 1081 3485 habites
1111 3420 1214 3484 sacris
1245 3417 1422 3490 ordinibus,
1448 3422 1479 3483 vi

296 3531 498 3611 characteris
520 3541 726 3626 baptismalis.
747 3542 838 3616 Quae
853 3559 933 3608 vero
950 3540 1172 3606 conceduntur
1194 3541 1272 3606 iure
1286 3539 1403 3607 divino
1420 3541 1481 3604 Ec

296 3669 396 3732 olesia
418 3667 553 3732 anferre
576 3685 641 3731 non
657 3670 777 3751 potest:
795 3667 840 3730 ita
856 3667 923 3730 Dir.
942 3665 1055 3730 Thom.
1073 3665 1116 3731 In
1131 3663 1226 3732 Sum.
1243 3665 1312 3746 ΙΙΙ,
1330 3664 1387 3739 64,
1403 3663 1442 3728 2.
1460 3699 1478 3712 -

295 3788 514 3864 Quamobrem
529 3789 730 3876 irregulares
746 3794 822 3856 sunt
837 3788 959 3874 indigni
981 3789 1037 3854 vel
1061 3788 1202 3854 inidonei
1226 3793 1260 3854 et
1276 3789 1355 3855 hine
1379 3789 1480 3874 quad

295 3913 463 4000 ramma
487 3914 543 4000 (ι).

385 4105 423 4178 (ll
444 4105 569 4161 Ecclesia
593 4106 670 4161 valet
694 4107 809 4161 reddere
833 4108 969 4162 inhabiles
989 4108 1120 4176 personas
1144 4105 1178 4160 od
1202 4107 1411 4160 matrimonium
1432 4123 1478 4159 ra·

295 4215 372 4292 tiope
391 4218 558 4268 contractus
569 4212 706 4266 naturalis
724 4214 752 4267 in
771 4230 852 4284 quem
865 4214 991 4268 Ecclesia
1003 4218 1126 4269 statuere
1140 4217 1232 4282 potest
1250 4213 1425 4268 conditiones
1442 4213 1476 4266 ad

295 4317 485 4385 validitatem
502 4319 549 4374 sed
569 4321 598 4372 io
610 4337 634 4372 s.
647 4319 822 4374 ordinatione
836 4319 903 4376 licet
916 4320 1074 4390 requiratur
1094 4335 1244 4375 consensus
1261 4320 1290 4373 in
1307 4320 1476 4390 suscipiente

295 4424 398 4492 adulto,
418 4429 511 4480 tamen
531 4425 598 4479 ordo
617 4425 797 4480 constituitur
817 4430 845 4481 et
863 4427 982 4482 efficitur
1000 4445 1034 4480 ex
1053 4427 1146 4481 divine
1165 4427 1351 4482 institutione.
1366 4457 1381 4467 -
1398 4427 1475 4482 Unde
