3312 5108
305 302 348 368 te
832 323 915 375 enas
940 328 961 373 1.

394 449 446 511 46.
473 448 522 514 Ob
546 449 751 536 privilegium
778 451 841 515 fori
872 453 1066 517 clericorum
1096 452 1278 537 personale,
1308 451 1426 518 accidit
1449 456 1488 516 ut

302 572 478 636 auctoritas
503 573 726 638 ecclesiastica
745 573 915 657 privative
938 581 1032 640 vacet
1055 574 1095 640 ad
1118 574 1322 641 diiudicanda
1345 575 1485 642 clerico-

300 714 373 760 rum
390 696 497 760 civilia
512 698 663 773 crimina;
689 699 752 763 imo
767 701 911 765 severius
928 720 1056 785 semper
1071 699 1135 764 hoc
1150 700 1357 786 privilegium
1373 703 1483 766 custo-

300 815 402 882 ditum
417 817 516 882 fuerit
531 821 563 882 in
579 823 685 886 causis
701 821 920 887 criminalibus
936 841 1031 904 quam
1055 822 1087 885 in
1111 821 1268 895 civilibus,
1285 824 1402 907 quippe
1419 821 1484 886 hoc

301 947 523 1031 expostulabat
546 948 653 1012 honor
675 953 786 1014 coetus
810 949 980 1014 clericalis.
1007 950 1078 1014 Hac
1101 949 1140 1014 de
1163 969 1263 1015 causa
1285 951 1312 1014 si
1336 950 1483 1034 gravitas

300 1071 446 1136 oriminis
469 1076 623 1156 exposcat
645 1092 781 1157 poenam
805 1074 970 1158 sanguinis
985 1094 1005 1139 a
1021 1093 1082 1158 quo
1106 1069 1300 1138 effundendo
1324 1071 1484 1137 abhorret

300 1201 457 1280 Ecclesia,
490 1207 618 1266 cautum
642 1207 690 1266 est
721 1202 858 1267 clericos
882 1204 1015 1286 praevia
1038 1199 1279 1286 degradatione,
1311 1200 1436 1265 scilicet
1461 1219 1482 1263 a

299 1320 389 1386 clero
413 1323 639 1406 expunctiona
663 1323 748 1388 tradi
772 1322 906 1389 brachio
934 1323 1094 1388 saeculari
1122 1321 1301 1406 puniendos
1331 1320 1482 1387 civilibus

300 1442 472 1508 ordinariis
487 1447 608 1528 poenis;
625 1465 695 1530 arg.
712 1465 739 1510 c.
755 1466 783 1510 c.
797 1445 847 1511 De
861 1446 932 1512 iud.
951 1445 1001 1519 10,
1016 1447 1048 1512 X
1059 1444 1116 1531 (Il,
1131 1433 1164 1532 l)
1177 1451 1210 1510 et
1223 1445 1255 1519 7,
1269 1445 1303 1509 X
1313 1443 1366 1510 De
1382 1445 1481 1510 mitta.

298 1565 381 1646 falsi
403 1566 456 1651 (V,
482 1566 548 1652 20).
574 1567 637 1634 Sed
660 1567 701 1632 ob
725 1589 875 1655 magnam
899 1571 1118 1634 reverentiam
1143 1571 1175 1633 in
1200 1574 1317 1633 statum
1341 1568 1481 1634 clerica-

296 1690 370 1762 lem,
396 1692 499 1756 serius
527 1691 704 1773 dumtaxat,
736 1693 959 1776 frequentatus
982 1697 1033 1760 est
1056 1713 1132 1758 usus
1156 1692 1338 1759 traditionis
1366 1692 1480 1756 clerici

296 1812 429 1878 brachio
454 1815 623 1890 saeculari,
648 1837 723 1882 nam
746 1817 922 1900 antiquitus
945 1837 1001 1882 seu
1026 1815 1189 1900 usquead
1213 1816 1377 1880 saeculum
1402 1834 1480 1886 vua

297 1937 409 2002 clerici
433 1939 485 2002 vel
509 1921 643 2023 publicis
668 1943 872 2024 poenitentiis
896 1940 1120 2026 plectebantur
1147 1940 1274 2006 reducti
1298 1939 1338 2004 ad
1360 1939 1480 2004 laicam

297 2067 564 2136 communionem,
589 2086 646 2132 seu
669 2067 803 2152 depositi
827 2073 859 2134 et
882 2066 1059 2152 degradati,
1076 2067 1129 2131 vel
1144 2068 1178 2130 in
1194 2069 1386 2150 perpetuum
1403 2082 1480 2129 car-

296 2307 422 2364 homines
439 2311 611 2366 discedentes
630 2329 647 2365 a
665 2313 754 2366 tutela
773 2330 828 2383 qua
847 2313 1067 2368 subiiciebantur
1086 2311 1236 2380 religiosae
1256 2310 1400 2380 potestati,
1422 2311 1480 2364 sibi

296 2417 421 2484 fingunt,
441 2419 609 2472 auctoritate
628 2418 764 2483 humana,
783 2423 890 2474 statuta
912 2419 998 2474 etiam
1018 2418 1146 2488 poenalia
1164 2417 1212 2473 aad
1233 2416 1303 2470 haec
1323 2417 1480 2470 informant

295 2521 444 2576 abstractis
463 2523 606 2593 principiis
625 2524 838 2594 philosophicis,·
856 2525 897 2577 uti
911 2525 1093 2593 prestiterunt
1108 2523 1195 2589 Kant,
1212 2522 1391 2591 Romagnosi,
1405 2523 1481 2576 Ben-

294 2629 380 2684 tham.
401 2631 453 2684 Sed
472 2633 526 2685 ista
545 2633 649 2701 placita
667 2650 804 2703 quaenon
817 2635 994 2688 consentiunt
1013 2649 1075 2686 cum
1095 2637 1214 2686 externa
1230 2649 1325 2686 rerum
1344 2632 1477 2696 veritate,

295 2751 442 2804 progressu
461 2738 601 2806 temporis,
621 2738 667 2792 diu
687 2739 784 2808 rigere
803 2737 877 2792 haud
897 2744 1028 2807 possunt,·
1046 2743 1074 2791 et
1095 2741 1161 2790 tunc
1187 2737 1332 2790 exorditur
1354 2736 1477 2790 stadium

293 2847 517 2900 titelheiaaticum
543 2861 598 2916 quo
622 2863 720 2900 rarum
743 2850 882 2916 eucratitas
907 2851 936 2900 et
961 2863 1096 2901 iiteasura
1120 2845 1390 2908 delei·mi11atur;et
1416 2845 1478 2913 ipse

294 2948 343 3012 ait,
357 2947 438 3002 hodie
453 2949 599 3002 scientiam
618 2949 800 3014 criminalem,
813 2950 848 3002 ab
859 2949 940 3003 initio
950 2948 1032 3002 buius
1044 2947 1149 3002 saeculi
1161 2949 1283 3002 maxime
1295 2947 1477 3017 progredien-

294 3061 360 3118 tem,
375 3056 427 3108 buc
446 3057 612 3125 pervenisse.
630 3086 645 3094 -
664 3056 738 3110 ldem
751 3057 868 3110 Carrara
882 3061 899 3122 ἓ
914 3057 955 3109 83
974 3067 1028 3110 not.
1043 3054 1186 3125 applicans
1200 3054 1302 3109 thesim
1322 3055 1476 3110 historico-

292 3163 418 3216 criticam
438 3163 642 3232 competentiae
660 3161 875 3226 ecclesiasticae,
894 3162 948 3214 ait:
965 3178 980 3213 c
995 3162 1095 3229 Lampe
1114 3162 1129 3214 t
1149 3161 1178 3214 lo
1197 3165 1286 3216 storia
1305 3163 1385 3217 delle
1407 3163 1477 3215 lette

293 3272 342 3322 elie
361 3271 383 3321 tl
399 3271 570 3337 socerdozio,
589 3271 783 3322 contremendo
802 3285 820 3321 c
835 3269 933 3338 palmo
951 3285 969 3321 a
987 3269 1082 3337 patino
1102 3267 1125 3320 il
1144 3276 1258 3320 terreno
1278 3269 1341 3320 alla
1363 3273 1474 3336 potestat

292 3380 421 3434 seratura
438 3387 564 3431 sostcnac
585 3393 641 3446 per
663 3385 825 3430 incitauere
851 3375 879 3427 la
898 3375 1020 3444 propria
1042 3375 1247 3443 piurisdtzione
1270 3377 1475 3444 speciatmente

291 3488 370 3541 nelle
397 3486 515 3538 arietaria
542 3483 719 3536 criminali»
744 3480 869 3534 Sufficiat
895 3478 966 3532 banc
994 3479 1122 3533 retulisse
1146 3479 1289 3548 periodum
1317 3487 1349 3536 ut
1372 3489 1472 3552 pateat

291 3597 343 3652 hoc
362 3612 422 3651 esse
441 3593 573 3647 iudicium
592 3591 797 3660 praeiudicatae
810 3589 947 3658 opinionis
960 3589 989 3640 in
1009 3587 1069 3640 iura
1083 3587 1233 3654 Ecclesiae,
1247 3607 1319 3659 quae
1333 3609 1390 3648 non
1405 3603 1474 3651 sunt

292 3697 429 3768 acquisita
447 3695 556 3749 ratione
574 3695 693 3748 alicuius
711 3694 813 3748 aetatis
837 3691 884 3747 sed
905 3695 969 3744 sunt
994 3691 1112 3760 desuper
1138 3689 1250 3745 collata.
1280 3693 1476 3757 Nihilominus

291 3799 361 3854 illud
380 3815 475 3854 verum
495 3803 546 3864 est,
565 3797 728 3854 exercitium
748 3797 950 3868 competentiae
969 3797 998 3850 in
1020 3796 1137 3850 crimina
1156 3813 1224 3866 pure
1243 3797 1341 3854 civilia
1360 3806 1476 3862 ratione

285 3912 403 3978 peccati,
417 3907 570 3962 Ecclesiam
583 3907 669 3961 latius
682 3906 837 3962 exercuisse
851 3907 900 3958 sub
914 3905 1005 3958 media
1021 3909 1123 3968 aetate,
1136 3904 1247 3975 quando
1261 3906 1355 3962 civilis
1373 3918 1477 3990 aucto-

290 4019 359 4070 ritas
378 4014 585 4083 religiosissime
604 4014 808 4082 obsequebatur
826 4008 989 4065 auctoritati
1002 4009 1142 4064 Ecclesiae
1156 4010 1238 4081 eique
1254 4012 1379 4070 libenter
1398 4018 1478 4076 defe-

290 4123 370 4175 rebat
397 4119 585 4188 cognitionem
610 4122 640 4174 et
664 4117 929 4171 animadversionem
954 4116 983 4168 in
1009 4117 1127 4170 crimina
1155 4117 1252 4172 civilia
1278 4125 1310 4175 ut
1334 4123 1476 4182 directius

288 4229 475 4296 compesceret
492 4234 608 4294 peccata
624 4228 653 4277 et
671 4223 830 4278 emendaret
844 4226 1013 4291 peccatores.
1028 4221 1103 4274 Haec
1118 4225 1307 4292 competentia
1324 4226 1477 4288 Ecclesiae

288 4333 318 4385 in
336 4331 454 4384 crimina
472 4331 581 4383 ratione
602 4330 712 4398 peccati
730 4344 784 4382 non
803 4331 846 4382 est
865 4328 1047 4381 abiudicanda
1067 4327 1209 4386 Ecclesiae
1232 4330 1325 4398 hodie,
1341 4335 1384 4389 uti
1408 4339 1477 4407 opi-

289 4445 373 4494 natur
389 4438 515 4497 Cartare.
536 4439 553 4490 i.
577 4455 598 4490 c.
