3296 5108
565 334 609 380 nn
634 332 785 379 nunionis
810 332 852 376 nr
876 331 997 377 nonnis
1305 311 1367 374 371

192 457 224 522 S.
258 457 356 542 Oong.
390 455 523 522 Consilii
554 455 595 520 ad
629 475 754 520 summa
788 456 895 540 capita
920 453 1112 520 reducentes
1141 453 1284 538 potiores
1315 451 1370 517 de-

192 581 300 647 tectus
325 582 381 663 (1).

279 705 355 771 284.
374 704 507 770 Morbus
530 705 727 788 epilepticus
747 723 803 769 seu
820 703 999 770 comitialis
1014 724 1076 790 quo
1091 705 1145 788 qui
1160 701 1299 769 afficitur
1315 703 1370 770 vel

191 832 223 894 in
236 835 356 896 terram
371 833 437 898 ruit
445 831 568 897 viribus
580 831 727 915 corporis
740 827 960 895 deficientibus
973 836 1005 894 et
1018 835 1112 896 extra
1124 848 1237 894 sensus
1247 830 1371 914 rapitur

189 958 243 1024 vel
262 957 523 1023 convulsionibus
547 959 690 1042 quatitur
713 976 889 1023 nervorum
907 955 990 1022 unde
1007 977 1117 1021 omnes
1132 963 1223 1025 actus
1239 959 1368 1024 externi

188 1080 358 1147 deliberati
381 1081 608 1168 impediuntur,
633 1087 682 1146 est
707 1101 787 1147 sane
819 1080 949 1146 morbus
981 1083 1218 1165 quammaxime
1249 1083 1370 1148 distans

190 1228 210 1272 a
235 1210 420 1275 reverentia
443 1213 475 1274 et
497 1210 674 1274 securitate
705 1209 859 1290 requisita
891 1209 922 1271 in
947 1208 1126 1272 ministerio
1154 1229 1262 1284 sacr0;
1287 1209 1371 1274 unde

190 1334 242 1416 qui
266 1339 344 1399 actu
368 1331 519 1398 eiusmodi
542 1331 652 1397 morbo
677 1331 802 1396 laborat
817 1335 867 1396 est
882 1333 1012 1395 omnino
1028 1331 1178 1397 inhabilis
1194 1338 1227 1399 et
1246 1332 1369 1419 dispen-

189 1459 303 1522 sationi
327 1458 418 1522 locus
441 1477 512 1522 esse
535 1476 600 1521 non
624 1461 737 1542 potest.
763 1458 807 1520 At
830 1455 974 1520 nonnulli
999 1457 1146 1539 quiante
1169 1456 1370 1541 pubertatem

189 1585 272 1668 passi
296 1593 372 1650 sunt
394 1583 482 1648 huno
505 1584 662 1658 morbum,
687 1588 798 1668 postea
829 1583 923 1668 plene
955 1583 1187 1649 convalescunt
1210 1603 1314 1667 neque
1337 1585 1370 1648 in

189 1711 335 1776 eumdem
369 1711 560 1776 reincidunt.
594 1709 685 1785 Quod
718 1710 743 1776 si
779 1711 809 1774 in
841 1708 984 1795 probatis
1015 1711 1135 1774 existat
1164 1708 1252 1774 nulla
1282 1711 1372 1795 viget

189 1837 422 1922 irregularitas.
443 1834 612 1911 -Quando
638 1855 716 1900 vero
741 1841 813 1920 post
831 1835 1047 1919 pubertatem
1070 1835 1172 1901 morbi
1189 1837 1369 1921 aggressio-

190 1980 248 2023 nes
270 1959 441 2031 habentur,
466 1963 559 2024 caute
583 1958 614 2023 S.
642 1959 740 2043 Gong.
768 1957 902 2023 Consilii
925 1957 1103 2041 dispensat;
1128 1958 1225 2024 veluti
1250 1961 1281 2023 in
1307 1979 1372 2022 una

191 2082 329 2146 Reatina
352 2087 385 2146 et
408 2081 548 2145 Nursina
571 2080 625 2146 die
651 2081 693 2144 14
716 2080 801 2146 maii
823 2078 909 2145 1831
932 2079 1126 2164 dispensavit
1142 2100 1212 2145 cum
1234 2080 1369 2164 quodam

189 2211 306 2274 iuvene
329 2208 382 2292 qui
407 2207 480 2272 dum
504 2207 541 2273 in
564 2207 750 2274 seminario
775 2211 972 2273 moraretur
987 2213 1108 2291 quater
1122 2209 1175 2273 vel
1191 2208 1371 2292 quinquies

188 2335 226 2399 in
249 2334 367 2400 ultimo
392 2332 555 2400 domicilii
578 2333 631 2397 sui
654 2353 747 2400 anuo
772 2333 832 2398 tali
845 2333 914 2415 suit
928 2335 1068 2416 affectus
1090 2333 1208 2400 morbo
1234 2369 1251 2382 -
1276 2335 1322 2398 ita
1338 2336 1370 2398 in

190 2461 355 2545 precibus;
377 2466 410 2526 et
425 2460 488 2525 hoc
503 2459 622 2545 prodiit
646 2461 836 2543 rescriptum
856 2479 873 2522 e
893 2457 961 2523 Pro
978 2460 1093 2544 pratia
1108 2459 1370 2541 dispensationis

189 2585 232 2650 ab
255 2586 509 2670 irrequtaritate
532 2584 717 2651 dummodo
742 2591 820 2650 aute
838 2585 1092 2667 promotionem
1113 2583 1161 2649 ud
1192 2579 1369 2650 subdiaco-

161 2789 164 2795 Ι
188 2715 310 2774 natum
333 2709 369 2774 in
392 2709 549 2776 morbum
572 2728 642 2774 non
665 2707 822 2773 inciderit
845 2713 875 2774 et
899 2710 1001 2793 firma
1031 2708 1152 2774 codem
1180 2707 1370 2773 conditione

185 2854 252 2917 pro
275 2835 485 2918 susceptione
506 2834 719 2918 reliquarum
743 2833 904 2900 ordinum
920 2833 1007 2899 citro
1023 2832 1309 2915 dispensationem
1326 2832 1369 2898 ab

189 2960 375 3026 interstitiis
398 2958 540 3025 arbitrio
557 2964 587 3023 et
604 2957 807 3024 conscientia
832 2957 993 3041 Episcopi
1009 2957 1145 3023 Reatini
1159 2957 1250 3040 facto
1267 2956 1369 3023 verim

190 3105 268 3150 eum
292 3084 448 3151 SSrira».
472 3085 553 3148 Item
586 3086 617 3147 in
649 3085 818 3148 Treviren.
851 3084 906 3149 die
937 3084 974 3147 11
1006 3085 1081 3148 lan.
1116 3081 1212 3148 1868.
1244 3083 1369 3148 Verum

190 3209 221 3274 S.
246 3209 345 3293 Gong.
369 3209 504 3275 concilii
529 3209 561 3272 in
584 3228 648 3273 una
671 3208 847 3273 Tudertins
874 3243 891 3256 -
916 3209 971 3274 die
995 3208 1037 3273 19
1060 3207 1140 3273 Iulii
1166 3206 1261 3273 1704
1285 3209 1369 3273 irre

190 3332 336 3416 gularem
359 3333 489 3396 minime
513 3351 583 3398 esse
606 3333 731 3398 censuit
761 3332 916 3395 clericum
948 3333 1001 3415 qui
1033 3331 1172 3414 deliquio
1202 3332 1298 3396 animi
1328 3351 1369 3398 ex

189 3457 383 3540 improvviso
406 3461 577 3542 correptus
600 3455 695 3541 (quod
711 3461 819 3522 tamen
843 3456 984 3522 medicus
1000 3477 1042 3522 ex
1063 3456 1174 3522 morbo
1198 3457 1369 3543 epileptico

279 3721 318 3793 (l)
340 3721 368 3774 ln
392 3721 443 3774 hac
470 3722 631 3777 recensione
656 3723 796 3793 sequimur
819 3723 991 3792 potissimum
1016 3721 1221 3777 Colleotaneam
1245 3723 1298 3778 iam
1321 3725 1368 3778 cit.

190 3845 288 3898 nempe
304 3829 409 3884 Causae
421 3829 541 3884 selectae
555 3829 584 3882 in
597 3830 622 3882 S.
636 3831 719 3900 Conp.
734 3830 837 3884 concil.
849 3831 1009 3901 propositae
1019 3847 1074 3900 per
1085 3835 1240 3885 summario
1250 3849 1368 3903 precum

189 3936 325 3992 collectae
344 3955 361 3990 a
382 3936 488 4006 bingen
507 3942 537 3992 et
556 3937 645 3993 Reuss
664 3937 705 3992 ed.
726 3937 824 3992 Pnstet
845 3937 922 3992 1871.
942 3967 956 3978 -
978 3937 1031 3992 Ubi
1052 3937 1145 4007 plures
1170 3938 1226 4008 legi
1252 3946 1367 4010 possunt

190 4059 239 4113 per
257 4047 401 4098 extensum
419 4059 519 4098 causae
538 4061 606 4115 quas
624 4044 781 4098 citabimus.
796 4073 809 4085 -
824 4047 875 4098 Ast
890 4043 997 4098 adverti
1011 4043 1093 4099 debet
1106 4044 1261 4100 huiusmodi
1276 4047 1367 4103 Colle·

188 4151 309 4204 ctionem
331 4147 484 4204 nullimode
509 4167 569 4205 esse
592 4154 792 4218 authenticum,-
811 4167 898 4221 quare
924 4151 1058 4220 rescripte
1082 4150 1120 4206 ibi
1148 4152 1238 4206 relata
1262 4152 1367 4206 nullam

190 4255 294 4310 babent
312 4257 368 4310 vim
389 4255 441 4309 nisi
461 4261 599 4327 quatenus
623 4262 688 4311 sunt
709 4257 863 4311 conformia
888 4257 1073 4326 ampinalibus
1096 4274 1167 4328 quee
1192 4261 1321 4328 prostant
1338 4259 1367 4312 in

188 4361 303 4418 archivo
321 4362 347 4416 S.
367 4361 396 4417 C.
416 4391 430 4405 ·
449 4364 574 4418 lamvero
598 4364 746 4436 aliquando
769 4381 804 4418 ex
822 4363 973 4418 oscitantia
997 4365 1206 4420 amanuensium
1233 4365 1368 4437 rescripta

189 4487 244 4525 non
263 4472 334 4526 bene
353 4470 444 4526 relata
462 4476 535 4538 sunt,
554 4470 635 4543 quod,
654 4475 766 4542 arrepta
785 4471 940 4537 occasione,
957 4471 1159 4527 adnotabimus.
