3202 5104
470 300 514 348 ou
538 299 693 348 nnnrcms
718 301 760 348 nr
784 300 908 349 nonnus
1217 281 1283 350 195
1315 288 1317 298 ’

103 421 212 506 perior
234 421 386 488 relaxare
401 442 466 488 non
482 423 590 488 valeat
612 423 714 510 ipsam
736 424 842 510 legem
866 430 922 490 aut
941 423 1125 489 mandatum
1141 427 1197 490 aut
1212 443 1284 490 sen·

103 545 235 610 tendam
252 544 336 611 unde
351 546 458 612 femur
473 567 623 613 censura.

192 667 266 734 130.
291 669 373 743 Quia
395 669 529 772 absolpt'
522 690 552 734 ιο
575 669 680 772 danda
703 691 768 735 non
791 677 841 737 est
856 673 917 738 nisi
934 669 1148 738 absolvendus
1164 671 1205 738 sit
1220 673 1284 738 rite

102 789 279 878 dispositus,
294 755 527 861 mmo-demum
550 797 661 862 caveri
685 795 835 870 debetur
814 797 1037 882 utappositae
1060 795 1283 880 dispositiones

102 916 214 998 adsint,
231 939 337 1003 neque
352 919 417 984 sint
403 920 628 986 tdiridiculae
651 925 706 986 aut
693 888 875 986 tfallaces.
899 917 986 984 Sane
1010 939 1159 986 recessus
1174 941 1194 984 a
1210 939 1284 985 con-

102 1043 238 1108 tumacia
261 1019 436 1109 secumfert
459 1049 495 1111 ut
516 1043 706 1130 delinquens
729 1045 754 1112 si
778 1064 874 1129 quem
889 1045 1031 1130 laeserit,
1049 1045 1079 1110 ei
1093 1044 1281 1118 satisfaciat,

103 1186 173 1252 orp.
197 1189 225 1234 c.
251 1167 303 1234 52
329 1169 380 1235 De
401 1175 484 1236 sent.
509 1189 639 1236 ccccm.
664 1170 698 1234 X
703 1189 719 1254 ;
740 1174 914 1256 praeterea
944 1174 1135 1236 censuratus
1165 1167 1284 1235 obtem

102 1311 215 1377 parare
240 1293 336 1360 debet
358 1295 517 1360 mandatis
533 1296 700 1361 Ecclesiae
724 1315 781 1362 seu
803 1295 939 1381 legitimi
955 1296 1004 1360 sui
1020 1295 1174 1369 Praelati,
1191 1295 1283 1362 cuius

103 1419 291 1503 contempsit
320 1421 563 1496 auctoritatem
593 1439 663 1506 arg.
697 1441 725 1486 c.
753 1440 780 1486 o.
807 1421 850 1486 15
881 1420 931 1486 De
960 1425 1042 1486 sent.
1070 1437 1201 1487 emcom.
1230 1419 1265 1484 X
1269 1439 1284 1503 ,·

102 1539 162 1616 20,
184 1542 240 1618 21,
264 1541 326 1609 23.
355 1544 406 1610 De
439 1545 562 1628 appell.
586 1545 621 1610 X
641 1543 698 1630 (ll,
722 1544 789 1630 28),
818 1549 852 1610 et
880 1543 932 1612 23
965 1545 1016 1611 De
1048 1545 1140 1612 verb.
1164 1544 1227 1630 sip.
1250 1543 1286 1610 Χ

103 1663 244 1753 (v,10);
271 1673 303 1732 et
327 1668 453 1752 quidem
477 1669 560 1735 haec
583 1669 760 1736 satisfactio
775 1669 973 1756 praecedere
996 1669 1092 1735 debet
1115 1671 1141 1736 si
1165 1668 1283 1736 iniuria

103 1795 147 1856 est
178 1793 351 1858 manifesta
373 1797 430 1858 aut
455 1813 557 1880 grave
581 1800 630 1860 est
652 1793 857 1870 scandalum;
881 1798 914 1860 et
935 1795 1008 1868 hoc,
1033 1798 1186 1880 quantum
1210 1793 1282 1860 deri

103 1920 209 1999 potest,
234 1937 297 2002 pro
323 1915 481 1984 adiunctis
504 1938 617 1984 rerum
640 1923 673 1984 et
696 1938 920 2004 personarum,
945 1937 1016 2004 arg.
1041 1937 1067 1984 c.
1093 1916 1137 1984 ou
1158 1915 1210 1984 23
1232 1913 1283 1984 De

102 2039 186 2105 aab.
209 2040 328 2127 agnis.
352 2047 385 2107 ot
407 2042 459 2108 29
482 2043 531 2108 De
555 2045 610 2127 off.
635 2043 743 2128 delep.
767 2043 802 2107 X
822 2041 861 2128 (Ι,
886 2041 953 2130 29).

185 2165 337 2231 Proinde
352 2167 406 2255 qui
421 2166 662 2234 'absolutionem
688 2167 819 2242 obtinet,
837 2167 980 2232 nondum
997 2166 1122 2233 reddita
1136 2167 1282 2252 legitima

104 2257 326 2366 satisfactione,
345 2311 462 2357 cavere
486 2291 581 2358 debet
603 2293 656 2357 uel
680 2293 830 2357 cautione
849 2289 1083 2378 pignoraticia
1098 2291 1151 2356 vel
1167 2289 1280 2358 saltem

102 2414 330 2499 fideiussoris,
357 2417 428 2490 vel,
453 2416 494 2482 ad
517 2419 632 2492 minus,
650 2417 823 2484 iuratorio
839 2436 875 2484 se
889 2418 1070 2503 paritumm
1086 2417 1281 2483 absolventis

103 2539 266 2606 mandatis.
291 2577 309 2590 -
335 2541 447 2616 Quoad
471 2543 700 2609 necessitatem
724 2541 964 2616 satisfactionis,

186 2665 218 2751 1)
242 2664 444 2740 advertatur,
470 2667 558 2732 hanc
583 2686 649 2731 non
673 2665 872 2752 suspendere
896 2663 1047 2732 effectum
1073 2665 1280 2732 absolutionis

103 2803 261 2872 quousque
278 2771 476 2856 satisfactum
488 2791 598 2856 fuerit.
617 2793 821 2858 Revocamus
837 2791 1049 2876 principium;
1066 2809 1182 2877 nempe
1198 2809 1280 2874 quae

102 2913 192 2978 tacite
211 2916 323 2980 insunt
345 2917 405 2980 etsi
428 2914 663 3000 exprimantur,
679 2935 747 2982 non
766 2916 877 2981 facere
893 2921 1002 2981 actum
1018 2913 1277 2981 conditionatum.
1318 2936 1322 2943 ·

185 3038 423 3146 2lei
447 3041 499 3106 cui
523 3039 691 3126 delegetur
713 3045 857 3126 potestas
884 3039 1071 3106 absolvendi
1102 3037 1159 3106 sub
1191 3039 1280 3108 clau-

105 3160 178 3234 sula,
202 3163 380 3245 sotissoclc
399 3171 509 3248 porte,
527 3165 581 3230 vel
597 3166 783 3232 dummodo
807 3164 1034 3232 absolvendus
1055 3169 1118 3232 slel
1138 3165 1281 3230 monda-

106 3271 143 3350 ιιι
173 3289 359 3362 Ecclesiae,
388 3289 471 3355 haec
505 3290 650 3355 clausula
683 3291 1030 3364 lacit,uou1rronnu
1064 3310 1128 3354 non
1165 3309 1278 3356 counr-

103 3428 242 3490 r1ouuu3
267 3411 467 3479 D’Annibale
490 3411 531 3498 (l
549 3413 635 3486 352,
650 3420 717 3482 ιιοι
735 3415 850 3503 5);at
816 3414 1020 3480 atnonnulli
1041 3418 1117 3480 cont
1103 3414 1278 3498 tradicunt,

103 3535 155 3600 sed
187 3537 305 3604 sufficit
339 3559 398 3624 pro
432 3541 570 3606 veritate
606 3540 832 3624 conclusionis,
856 3561 916 3606 nos
951 3540 1080 3605 versari
1113 3540 1149 3607 io
1177 3517 1279 3608 dubio

104 3657 190 3726 iuris.
215 3663 350 3729 Veritas
373 3667 481 3728 autem
503 3663 718 3728 conclusionis
741 3663 832 3728 hisce
854 3663 1002 3730 terminis
1026 3665 1219 3740 continetur,
1244 3667 1280 3730 ut

104 3782 161 3846 nisi
175 3803 330 3870 expresse
346 3785 502 3870 Superior
516 3789 572 3850 aut
587 3785 643 3850 lex
658 3784 831 3851 traducant
846 3785 879 3851 in
896 3785 1123 3853 conditionem
1137 3805 1279 3870 suspec-
1351 3817 1354 3820 ·

104 3904 207 3973 coam
236 3911 463 3977 necessitatem
494 3909 712 3976 satisfaciendi
743 3910 829 3996 parti
860 3910 978 3994 laesae,
1002 3909 1166 3976 clausulae
1198 3929 1281 3996 quae

105 4029 191 4099 istam
214 4035 388 4109 inculcant,
412 4035 636 4121 intelligantur
666 4035 778 4101 facere
808 4035 1038 4112 monitionem,
1067 4057 1133 4102 non
1164 4037 1279 4105 coadi-

106 4153 231 4224 lionae.

107 4420 274 4491 congruam
283 4358 466 4492 praestare
489 4407 740 4474 satisfactionem
764 4411 797 4474 et
819 4352 907 4475 stare
927 4407 1064 4476 mandat
1044 4415 1084 4475 trs
1099 4409 1276 4486 Ecclesiae,
