3302 5100
650 306 855 355 antecessu
878 307 912 354 v.
1300 283 1366 350 585

189 424 289 478 divites
307 425 355 479 cel
374 441 452 496 spem
475 445 595 496 maqnoe
620 429 802 482 haereditatis
827 430 966 496 habentes,
986 430 1069 482 minis
1088 438 1114 481 et
1130 429 1228 497 poenis
1252 426 1365 495 adiqant

190 547 253 582 cum
272 531 307 584 iis
325 534 536 586 matrimonium
555 535 654 588 inuitos
674 537 849 602 contrahere,
869 551 936 607 quos
954 535 1009 605 ipsi
1026 535 1134 588 domini
1150 533 1197 587 vel
1214 532 1365 602 moqistra·

189 645 233 688 tus
252 637 313 688 illis
327 639 575 708 praescripserint.
596 639 697 705 Quare,
717 657 803 710 quum
827 642 950 693 manime
975 639 1119 706 nefarium
1137 639 1173 690 sit
1191 636 1366 691 Matrimonii

190 741 349 795 libertatem
374 744 484 798 uiolare
504 753 531 798 et
548 745 583 798 ab
603 745 642 799 eis
667 745 787 800 iniurias
810 749 897 810 nasci,
916 763 933 798 a
958 747 1057 815 quibus
1081 748 1146 798 iura
1172 751 1364 814 expectantur,

185 850 326 918 praecipit
346 848 447 903 &ncta
467 849 595 918 Synodus
614 852 750 916 omnihus,
765 855 962 921 cuiuscumque
979 852 1095 920 qradus,
1108 851 1250 919 diqnitotis
1264 859 1289 903 et
1302 865 1365 903 con·

188 956 301 1008 ditionis
321 957 449 1021 existant,
467 958 519 1011 suh
537 959 719 1011 anathematis
742 975 844 1028 poena,
864 975 947 1028 quam
971 960 1031 1028 ipso
1056 962 1130 1028 sacto
1155 959 1311 1020 incurrant,
1329 973 1365 1011 ne

189 1065 385 1130 quovismodo
404 1063 510 1118 directe
534 1063 581 1118 ael
609 1065 745 1118 indirecte
770 1065 895 1118 subditos
920 1079 984 1117 suos
1008 1065 1055 1118 vel
1083 1079 1269 1134 quoscumque
1293 1063 1365 1116 alios

188 1178 295 1237 coqant,
314 1171 462 1238 quominus
482 1171 570 1225 libere
588 1172 766 1224 matrimonia
785 1173 948 1224 contrahant
962 1189 986 1226 ».

187 1412 472 1454 EXCOMMUNIGANTUR
491 1413 539 1460 QUI
557 1413 675 1454 cotum*
686 1413 840 1454 ttuttstttstt
859 1415 897 1453 AD
919 1414 1138 1453 INGREDIENDUM
1158 1413 1363 1452 MONASTERIUM

652 1523 709 1561 vlit.
730 1522 898 1562 sustentetis·

258 1700 329 1760 Sess.
355 1703 391 1755 25
415 1719 475 1770 cap.
504 1702 536 1756 18
561 1701 593 1757 de
623 1701 951 1771 [tegumentorum
976 1703 1077 1756 Sancta
1104 1703 1232 1771 Synodns
1256 1705 1364 1757 subiicit

185 1821 281 1859 omnes
300 1816 327 1861 et
345 1805 472 1876 sinqulas
495 1823 642 1877 personas,
661 1807 862 1877 cuiuscumque
886 1808 1028 1877 qualitatis
1052 1807 1099 1861 vel
1117 1807 1280 1861 conditionis
1298 1810 1363 1877 sue·

186 1914 252 1978 rint,
272 1921 328 1965 tam
349 1911 475 1966 Clericos
496 1929 581 1983 quam
607 1911 716 1978 Laicos,
736 1913 900 1968 saeculares
924 1913 971 1966 uel
993 1914 1153 1982 requlcres,
1175 1923 1257 1983 atque
1281 1914 1363 1967 etiarn

185 2017 308 2086 qualibet
327 2017 462 2087 diqnitate
481 2019 640 2086 [unqentes
659 2018 685 2070 si
704 2019 963 2086 quomodocumque
989 2017 1131 2087 coeperint
1154 2018 1279 2087 aliquam
1304 2021 1362 2072 oir-

186 2129 281 2196 qinem
308 2127 356 2180 ael
383 2126 507 2191 viduam,
525 2135 575 2179 out
593 2127 680 2180 aliam
703 2141 907 2196 quamcumque
933 2125 1093 2192 mulierem,
1110 2137 1310 2196 praeterquam
1334 2130 1364 2180 in

185 2233 295 2286 casibus
313 2233 342 2284 in
360 2234 422 2286 iure
443 2233 594 2302 expressis,
616 2233 654 2285 ad
679 2232 897 2301 inqrediendum
918 2233 1119 2286 monasterinm
1142 2231 1190 2286 uel
1213 2235 1250 2286 ud
1274 2235 1362 2288 susci·

183 2343 319 2410 piendum
338 2341 462 2394 habitum
481 2341 679 2409 cuiuscumque
696 2340 859 2409 reliqionis,
878 2338 925 2394 vel
948 2340 987 2393 ad
1012 2341 1191 2394 emittendam
1211 2342 1365 2410 professio-

185 2465 258 2514 nem,
277 2449 377 2518 qnique
397 2448 554 2512 eonsilium,
572 2446 715 2501 auxilium
740 2447 787 2500 vel
812 2449 941 2516 fauorem
966 2447 1104 2512 dederint,
1122 2449 1223 2517 quique
1247 2449 1363 2502 scientes

185 2573 248 2610 eam
266 2573 323 2609 non
340 2567 437 2626 sponte
455 2556 568 2626 inqredi
585 2556 791 2608 monasterium
810 2539 859 2608 out
876 2555 1000 2608 habitum
1019 2554 1172 2624 suscipere,
1184 2565 1233 2608 aut
1247 2560 1362 2627 profes·

184 2664 291 2717 sionem
311 2666 445 2728 emittere,
465 2663 673 2733 quoquomodo
693 2663 785 2716 eidem
805 2661 881 2715 actui
898 2662 946 2714 oel
960 2663 1152 2732 praesentiam
1174 2661 1221 2716 vel
1247 2677 1363 2716 consen·

184 2785 248 2822 sum
270 2770 317 2824 vel
340 2771 535 2825 auctoritatem
560 2771 785 2840 interposuerint.
813 2770 906 2822 Simili
928 2786 1035 2840 quoque
1062 2773 1233 2825 anathemati
1255 2773 1363 2826 subiicit

183 2892 239 2942 eos,
259 2878 307 2948 qui
325 2887 451 2932 sanctam
470 2878 611 2947 virqinum
629 2878 678 2932 oel
695 2877 824 2930 aliarum
842 2877 996 2930 mulierum
1017 2877 1189 2932 uoluntatem
1214 2879 1271 2932 oeli
1291 2881 1364 2934 acci·

182 2986 281 3053 piendi
298 2985 345 3039 oei
363 2987 421 3038 ooti
440 2985 584 3039 emittendi
601 3000 709 3054 quoquo
728 2985 811 3037 modo
830 2986 889 3038 sine
909 2985 982 3038 iusta
1001 3001 1087 3039 causa
1104 2986 1322 3056 impedierint».

320 3231 604 3272 sxcouuusttchuwtt
623 3230 807 3270 nossemus
827 3231 864 3270 m
884 3231 1009 3283 mmm,
1028 3231 1076 3280 Qut
1095 3233 1227 3274 nusLLtttt

185 3339 269 3386 Qunst
283 3339 434 3380 ttotsttswst
449 3337 655 3378 SPEGTAGULUM
676 3337 864 3377 Psuuttsuss
884 3339 941 3377 vttt.
960 3339 1115 3390 ΔΒΙΠἾΔΝΤ,
1128 3341 1185 3379 vet.
1200 3341 1361 3382 Asstssvtss.

257 3517 328 3574 Sess.
348 3520 383 3574 25
405 3535 440 3575 ex
465 3536 524 3589 cap.
553 3519 586 3575 to
609 3518 641 3574 de
667 3518 727 3574 Rei.
749 3537 765 3570 ι
782 3519 948 3590 imperator,
968 3519 1067 3589 nequ,
1087 3519 1188 3588 Duces,
1207 3520 1362 3592 Principes,

184 3626 371 3692 Hermiones,
399 3627 518 3682 Comites
537 3636 563 3680 et
582 3643 756 3697 quocumque
775 3627 833 3680 alio
853 3627 963 3680 nomine
988 3627 1095 3680 domini
1120 3629 1296 3698 temporales,
1316 3632 1364 3699 qui

186 3729 278 3784 locum
296 3732 333 3784 ad
351 3731 573 3786 monomachiam
592 3733 621 3784 in
640 3732 726 3784 terris
744 3733 802 3784 suis
822 3732 897 3784 inter
921 3731 1084 3784 christianos
1108 3734 1303 3798 concesserint,
1328 3749 1361 3787 eo

184 3839 243 3908 ipso
262 3839 317 3892 sint
336 3840 576 3893 excommunicati.
602 3838 656 3897 Qui
680 3854 747 3892 vero
771 3854 898 3908 puqnam
923 3838 1120 3903 commiserint,
1139 3847 1167 3892 et
1190 3838 1238 3908 qui
1263 3855 1362 3893 eorum

180 3943 289 4014 patrini
306 3953 451 4009 uocantur,
470 3945 790 3998 excommunicationis...
807 3959 928 4013 poenam
947 3943 1120 3997 incurrant...
1139 3941 1192 3994 Illi
1211 3944 1301 4010 etiam,
1314 3945 1363 4013 qni

184 4051 333 4104 consilinm
352 4052 381 4103 in
400 4067 484 4104 causa
503 4051 596 4105 duelli
613 4061 671 4104 tarn
689 4051 719 4103 in
737 4053 809 4114 iure,
828 4067 912 4119 quam
931 4049 960 4102 in
978 4053 1052 4120 sacto
1078 4051 1209 4104 dederint
1232 4061 1280 4104 aut
1303 4051 1363 4104 alia

183 4173 357 4227 quacumque
374 4159 485 4210 ratione
498 4158 535 4210 ad
548 4158 577 4210 id
590 4172 756 4226 quemquam
768 4158 918 4221 suaserint,
927 4173 979 4210 nec
992 4172 1047 4210 non
1059 4166 1238 4226 spectatores,
1250 4173 1362 4212 encom-

182 4265 380 4318 municationis
398 4281 430 4316 ac
447 4273 602 4334 perpetuae
620 4263 826 4318 maledictionis
846 4262 958 4316 vinculo
978 4272 1164 4318 teneantur».
