3302 5100
289 243 356 310 000
712 261 819 310 merx
842 261 1046 311 eruorrrccs

287 383 512 452 8111111111
534 401 664 446 censura
685 385 835 445 sortiatur
855 385 1064 446 executionem
1084 389 1117 445 et
1137 403 1177 446 au
1198 403 1328 464 suspen-

399 493 499 568 datur,
520 491 630 552 saltem
648 511 708 570 per
737 495 987 570 appellationem.
1016 493 1133 553 Exinde
1154 491 1331 572 explicatur

398 602 566 660 necessitas
586 603 768 660 monitionis
789 603 967 663 canonicae.
995 601 1162 678 Suspensio
1184 604 1215 659 et
1235 601 1330 660 inter·

399 708 511 768 dictum
532 709 558 766 si
579 709 640 768 iam
672 708 733 768 sint
753 707 886 786 incursa,
907 709 1050 786 suspendi
1071 706 1178 767 valent
1205 707 1329 769 decreto

397 815 514 889 iudicis,
535 832 595 904 non
616 831 691 874 roro
712 815 986 876 excommunicatio
1015 862 1273 878 ......
1311 833 1388 892 pap.
1411 813 1469 876 131

287 921 337 986 87.
359 921 402 982 De
424 939 564 1000 censura,
585 922 636 982 vel
657 925 750 996 iusta,
776 922 826 981 rel
848 925 975 1000 iniusta,
1002 925 1097 984 irrita
1118 927 1146 983 et
1173 921 1328 984 invalido.
1370 939 1388 984 1
1412 919 1472 981 130

288 1027 338 1090 88.
352 1027 396 1087 De
410 1027 567 1088 effectibus
582 1044 729 1087 censurae
745 1027 847 1088 nullae
862 1029 893 1087 iu
907 1027 974 1088 foro
989 1031 1120 1108 interno,
1135 1029 1189 1089 sed
1207 1027 1331 1089 validae

399 1135 430 1194 in
451 1134 518 1194 foro
538 1142 676 1198 esterno.
699 1135 743 1194 De
765 1151 898 1196 censura
920 1135 975 1194 sub
996 1135 1171 1196 conditione
1184 1133 1251 1196 lata
1274 1131 1333 1214 (re-

400 1241 537 1320 missive)
569 1288 1329 1305 ................
1371 1259 1389 1302 1
1413 1240 1474 1301 138

290 1347 342 1412 89.
364 1350 412 1410 An
427 1351 458 1408 et
471 1351 619 1428 quomodo
635 1349 798 1428 prohibitio
812 1367 891 1429 quae
906 1367 1139 1427 percensuram
1153 1349 1228 1409 ferri
1243 1347 1330 1423 solet,

399 1456 475 1516 ferri
494 1456 602 1516 valeat
621 1458 709 1534 quasi
729 1467 829 1534 poena
850 1473 908 1515 non
931 1457 1129 1517 medicinalis
1157 1457 1211 1516 sed
1232 1455 1334 1515 vindi·

400 1563 505 1623 cetico
517 1607 1331 1625 .................
1372 1578 1390 1621 1
1415 1558 1476 1618 110

371 1779 390 1852 5
411 1777 439 1838 1.
463 1777 606 1838 Potiores
627 1781 760 1853 repulus
779 1777 884 1857 pecori
900 1783 1083 1853 potestatem
1098 1775 1223 1857 ferendi
1243 1793 1394 1838 censuras

294 1891 322 1944 et
344 1871 925 1962 borumpuo'aci‘ibbie‘cium
945 1885 1091 1952 activum,
1113 1903 1280 1964 eorumque
1304 1883 1477 1943 subiectum

794 2009 965 2068 possessore.

290 2157 340 2222 90.
362 2160 492 2226 Quinam
512 2159 544 2217 in
564 2175 676 2238 genere
691 2161 875 2237 potestatem
890 2160 1005 2220 habeat
1019 2159 1135 2220 ferendi
1157 2173 1304 2218 censuras
1314 2175 1394 2235 pop.
1418 2157 1478 2216 142

290 2265 341 2329 91.
362 2267 471 2326 Utrum
486 2269 594 2327 eadem
608 2268 793 2328 auctoritate
807 2271 839 2326 61
852 2269 958 2327 eodem
980 2267 1088 2328 effectu
1103 2267 1182 2327 haec
1195 2267 1337 2326 ferantur

402 2393 424 2434 o
443 2375 520 2452 iure,
542 2373 593 2432 rei
614 2376 652 2434 ab
674 2377 798 2434 bomine
819 2418 1332 2438 ...........
1374 2391 1393 2434 1
1436 2373 1480 2432 ibi

292 2477 342 2542 92.
363 2480 407 2539 Dc
428 2482 742 2542 excommunicatione
763 2499 816 2542 seu
848 2484 885 2541 de
907 2498 1039 2544 censura
1060 2500 1139 2559 quae
1161 2481 1261 2541 fertur
1282 2497 1337 2559 per

403 2589 589 2648 sententiam
609 2592 819 2650 universalem
821 2634 1334 2652 ...........
1375 2605 1393 2648 1
1436 2587 1480 2647 ibi

291 2692 340 2756 93.
362 2695 517 2756 Censurac
538 2695 682 2755 terendae
704 2699 775 2756 sunt
795 2699 830 2755 111
850 2695 988 2755 subditos
1025 2741 1336 2758 .......
1377 2711 1396 2754 1
1420 2693 1481 2752 144

291 2799 340 2862 04.
363 2801 518 2862 Oensurse
539 2803 758 2863 ratihabitione
780 2821 841 2862 non
863 2801 1085 2863 convalescunt
1127 2823 1137 2864 .·
1178 2849 1184 2864 .
1227 2848 1235 2862 .
1278 2847 1286 2864 .
1328 2848 1337 2862 .
1378 2799 1482 2862 >145

292 2906 341 2970 95.
364 2909 411 2969 An
432 2908 524 2968 iudex
555 2913 725 2988 recusatus,
758 2911 937 2988 exceptione
969 2910 1160 2987 suspicionis,
1182 2910 1214 2967 in
1243 2925 1339 2969 csusa

381 3034 442 3093 qua
462 3020 632 3094 recusatur,
654 3035 799 3078 censuras
825 3017 907 3077 forre
929 3017 1037 3078 valeat
1071 3063 1078 3078 .
1122 3063 1129 3079 .
1172 3063 1179 3078 .
1223 3049 1243 3078 .·
1274 3062 1282 3077 .
1323 3062 1332 3078 .
1376 3034 1394 3075 1
1438 3015 1482 3074 ibi

293 3121 342 3183 96.
364 3122 408 3182 De
430 3125 583 3200 potestate
604 3125 721 3184 Vicarii
743 3127 820 3186 Gen.
872 3167 1338 3187 ..........
1380 3140 1399 3184 1
1423 3119 1483 3181 146

293 3226 343 3290 97.
364 3228 408 3289 De
429 3246 560 3290 censura
581 3231 636 3290 sub
659 3234 743 3290 metu
764 3229 831 3292 lata
869 3275 1336 3294 ..........
1378 3247 1398 3290 1
1439 3228 1484 3288 ibi

480 3411 484 3420 ¹
547 3429 566 3502 ἓ
587 3427 616 3489 2.
639 3429 686 3487 De
706 3429 838 3487 subiecto
856 3429 987 3504 persico
1009 3443 1225 3500 censeremur.

294 3593 346 3658 98.
368 3595 505 3657 Censura
535 3565 634 3656 ierffir
663 3597 694 3654 in
727 3595 832 3656 fideles
864 3595 1045 3674 baptizatos.
1075 3593 1218 3654 infideles
1244 3592 1341 3660 veluti

405 3704 510 3765 iudaei
530 3703 734 3764 excluduntur
754 3721 774 3762 a
796 3702 1005 3762 communione
1026 3702 1123 3764 cicili.
1146 3701 1180 3760 in
1201 3703 1340 3761 mortuos

404 3810 544 3869 feruntur
556 3810 898 3880 excommunicationes,
910 3808 1085 3885 improprie,
1101 3823 1156 3867 seu
1168 3809 1208 3866 ed
1218 3811 1342 3867 restau-

404 3919 555 3976 rationem
577 3913 689 3993 publici
711 3915 835 3978 ordiuis.
857 3916 959 3981 Quare
984 3912 1190 3974 absolvantur
1232 3960 1239 3974 .
1282 3960 1290 3975 .
1324 3931 1403 3990 pap.
1425 3913 1487 3974 147

293 4023 342 4084 09.
365 4023 521 4084 censurae
535 4041 555 4081 a
570 4024 639 4083 iure
652 4021 737 4082 lateo
753 4021 810 4080 nisi
822 4035 967 4098 expresse
989 4021 1101 4098 dicant,
1123 4037 1185 4080 non
1207 4037 1343 4099 compre-

428 4129 564 4189 hendunt
576 4131 748 4204 impuberes
764 4133 795 4186 et
812 4129 966 4188 sententia
978 4127 1193 4204 suspensionis
1204 4129 1237 4187 et
1250 4129 1344 4188 inter·

424 4235 500 4296 dicti
509 4233 577 4315 (seu
588 4237 718 4312 excepta
728 4237 1058 4310 excommunicatione)
1070 4250 1131 4292 non
1143 4233 1343 4312 eomprehen-

426 4341 539 4400 duntur
559 4342 701 4419 Episcopi
722 4341 779 4400 nisi
800 4355 945 4416 expresse
964 4341 1104 4399 edicatur
1127 4385 1339 4402 .....
1382 4358 1401 4402 1
1427 4339 1489 4400 149
