3290 5100
301 302 369 370 502
825 323 909 371 rins
932 323 955 370 1.

301 447 379 512 dem
402 445 552 513 Pomaai
574 447 749 534 Pontificio
767 465 835 530 pro
859 459 1011 531 tempore
1028 447 1202 513 assistentis
1217 446 1264 511 acl
1286 446 1485 510 uniuersale

299 570 456 653 futuram
479 571 659 638 concilium
682 573 894 656 appellantia
910 593 940 638 l.
962 571 1105 638 Proinde
1127 591 1287 657 personae
1310 589 1393 654 quae
1416 570 1483 634 hoc

301 693 506 760 interdictum
529 697 711 770 incurrunt,
728 697 881 763 videntur
896 699 1055 762 immunes
1070 695 1111 761 ab
1127 696 1483 768 excommunicatione;

301 835 377 883 nem
399 818 605 883 interdictum
629 827 678 886 est
701 839 785 884 nove
801 840 904 905 poena
920 825 953 886 et
971 820 1121 906 specialis
1144 837 1207 903 qua
1229 823 1383 884 tenentur
1406 837 1484 882 cor·

301 957 382 1024 pora
404 942 557 1017 moralia;
581 942 624 1008 cs.
641 941 850 1024 D’Anuibule‚
867 941 998 1008 Suram.
1016 944 1044 1016 I,
1063 942 1145 1023 396,
1164 947 1233 1008 aot.
1250 943 1277 1016 1,
1296 947 1328 1006 et
1344 959 1486 1025 eaquae

302 1063 537 1148 explicavimus
552 1085 585 1130 a.
600 1064 648 1131 76
658 1085 727 1150 seq.
744 1065 959 1140 Quamobrem
974 1067 1092 1150 singuli
1105 1067 1306 1152 pertinentes
1321 1082 1485 1150 personae

301 1189 416 1252 morali
439 1209 602 1274 quousque
626 1193 810 1276 pertineant
825 1211 887 1257 nec
907 1211 972 1256 non
987 1191 1044 1255 alii
1060 1192 1112 1274 qui
1130 1191 1298 1276 pertinere
1314 1189 1485 1275 incipiant,

300 1314 335 1378 vi
357 1313 451 1379 huius
474 1314 644 1381 interdicti
666 1316 881 1401 prohibentur
902 1315 942 1380 ab
966 1336 1027 1380 usu
1051 1313 1261 1400 quorumdam
1286 1315 1405 1379 iuriam
1422 1315 1487 1398 spi·

301 1439 475 1504 ritualium.

391 1563 516 1629 Verum
540 1565 744 1630 consulentes
770 1569 825 1630 aut
849 1565 992 1631 lautores
1016 1565 1078 1631 hoc
1104 1564 1283 1630 interdicto
1314 1583 1381 1627 non
1411 1581 1487 1648 per-

301 1687 464 1754 celluntur
488 1692 562 1775 quia
584 1691 752 1776 praeteriti
784 1695 868 1755 sunt.
895 1725 912 1737 -
938 1691 1092 1755 Attamen
1114 1689 1179 1754 hoc
1201 1687 1409 1754 interdictum
1434 1694 1487 1752 est

302 1813 402 1898 magis
425 1814 563 1897 privatio
586 1831 680 1897 quam
704 1831 852 1892 censura,
875 1810 960 1876 unde
984 1811 1123 1877 clericus
1147 1813 1199 1896 qui
1226 1811 1285 1877 tali
1308 1809 1486 1877 interdicto

302 1937 447 2002 irretitus
463 1936 616 2014 celebrat,
641 1957 705 2002 non
728 1934 764 2002 fit
787 1937 990 2022 irregularis.
