<?xml version="1.0" encoding="UTF-8"?>
<!DOCTYPE html PUBLIC "-//W3C//DTD XHTML 1.0 Transitional//EN"
    "http://www.w3.org/TR/xhtml1/DTD/xhtml1-transitional.dtd">
<html xmlns="http://www.w3.org/1999/xhtml" xml:lang="en" lang="en">
 <head>
  <title>
</title>
<meta http-equiv="Content-Type" content="text/html;charset=utf-8" />
  <meta name='ocr-system' content='tesseract 3.04.00' />
  <meta name='ocr-capabilities' content='ocr_page ocr_carea ocr_par ocr_line ocrx_word'/>
</head>
<body>
  <div class='ocr_page' id='page_1' title='image "./praelectionesin02legagoog_0188.png"; bbox 0 0 3266 5102; ppageno 0'>
   <div class='ocr_carea' id='block_1_1' title="bbox 509 297 1318 370">
    <p class='ocr_par' dir='ltr' id='par_1_1' title="bbox 509 297 1318 370">
     <span class='ocr_line' id='line_1_1' title="bbox 509 297 1318 370; baseline -0.007 -2"><span class='ocrx_word' id='word_1_1' title='bbox 509 323 553 370; x_wconf 83' lang='lat' dir='ltr'>us</span> <span class='ocrx_word' id='word_1_2' title='bbox 578 323 732 370; x_wconf 80' lang='lat' dir='ltr'>numcrrs</span> <span class='ocrx_word' id='word_1_3' title='bbox 755 323 797 369; x_wconf 81' lang='lat' dir='ltr'>ar</span> <span class='ocrx_word' id='word_1_4' title='bbox 821 319 941 370; x_wconf 76' lang='lat' dir='ltr'>sonnis</span> <span class='ocrx_word' id='word_1_5' title='bbox 1254 297 1318 363; x_wconf 84' lang='lat'>183</span> 
     </span>
    </p>
   </div>
   <div class='ocr_carea' id='block_1_2' title="bbox 133 440 1320 2406">
    <p class='ocr_par' dir='ltr' id='par_1_2' title="bbox 133 440 1319 1148">
     <span class='ocr_line' id='line_1_2' title="bbox 136 440 1317 520; baseline -0.007 -8"><span class='ocrx_word' id='word_1_6' title='bbox 136 445 326 512; x_wconf 89' lang='lat' dir='ltr'>Ordinariis</span> <span class='ocrx_word' id='word_1_7' title='bbox 356 447 502 512; x_wconf 91' lang='lat' dir='ltr'>locorum</span> <span class='ocrx_word' id='word_1_8' title='bbox 531 445 718 511; x_wconf 83' lang='lat' dir='ltr'>absolvendi</span> <span class='ocrx_word' id='word_1_9' title='bbox 749 465 815 510; x_wconf 92' lang='lat' dir='ltr'>non</span> <span class='ocrx_word' id='word_1_10' title='bbox 845 449 894 509; x_wconf 89' lang='lat' dir='ltr'>est</span> <span class='ocrx_word' id='word_1_11' title='bbox 923 443 1011 510; x_wconf 81' lang='lat' dir='ltr'>iacta</span> <span class='ocrx_word' id='word_1_12' title='bbox 1041 441 1216 512; x_wconf 84' lang='lat' dir='ltr'>concessio,</span> <span class='ocrx_word' id='word_1_13' title='bbox 1247 440 1317 520; x_wconf 88' lang='lat' dir='ltr'>etsi,</span> 
     </span>
     <span class='ocr_line' id='line_1_3' title="bbox 133 567 1318 650; baseline -0.008 -12"><span class='ocrx_word' id='word_1_14' title='bbox 133 578 258 639; x_wconf 83' lang='lat' dir='ltr'>mutato</span> <span class='ocrx_word' id='word_1_15' title='bbox 274 573 445 647; x_wconf 85' lang='lat' dir='ltr'>domicilio,</span> <span class='ocrx_word' id='word_1_16' title='bbox 463 577 655 639; x_wconf 89' lang='lat' dir='ltr'>censuratus</span> <span class='ocrx_word' id='word_1_17' title='bbox 671 572 805 638; x_wconf 90' lang='lat' dir='ltr'>istorum</span> <span class='ocrx_word' id='word_1_18' title='bbox 822 569 965 636; x_wconf 86' lang='lat' dir='ltr'>subditus</span> <span class='ocrx_word' id='word_1_19' title='bbox 980 568 1085 634; x_wconf 85' lang='lat' dir='ltr'>factus</span> <span class='ocrx_word' id='word_1_20' title='bbox 1101 567 1158 642; x_wconf 89' lang='lat' dir='ltr'>sit;</span> <span class='ocrx_word' id='word_1_21' title='bbox 1182 572 1318 650; x_wconf 85' lang='lat' dir='ltr'>excepto</span> 
     </span>
     <span class='ocr_line' id='line_1_4' title="bbox 134 691 1319 783; baseline -0.006 -21"><span class='ocrx_word' id='word_1_22' title='bbox 134 717 216 764; x_wconf 89' lang='lat' dir='ltr'>casu</span> <span class='ocrx_word' id='word_1_23' title='bbox 239 698 442 766; x_wconf 84' lang='lat' dir='ltr'><strong>necessitatis</strong></span> <span class='ocrx_word' id='word_1_24' title='bbox 463 699 497 762; x_wconf 91' lang='lat' dir='ltr'>in</span> <span class='ocrx_word' id='word_1_25' title='bbox 521 718 584 782; x_wconf 91' lang='lat' dir='ltr'>quo</span> <span class='ocrx_word' id='word_1_26' title='bbox 607 716 667 783; x_wconf 89' lang='lat' dir='ltr'>pro</span> <span class='ocrx_word' id='word_1_27' title='bbox 683 695 786 761; x_wconf 88' lang='lat' dir='ltr'>salute</span> <span class='ocrx_word' id='word_1_28' title='bbox 809 696 989 761; x_wconf 88' lang='lat' dir='ltr'>animarum</span> <span class='ocrx_word' id='word_1_29' title='bbox 1013 694 1114 758; x_wconf 92' lang='lat' dir='ltr'>omnis</span> <span class='ocrx_word' id='word_1_30' title='bbox 1138 691 1319 756; x_wconf 78' lang='lat' dir='ltr'>reservatio</span> 
     </span>
     <span class='ocr_line' id='line_1_5' title="bbox 134 817 1319 903; baseline -0.005 -16"><span class='ocrx_word' id='word_1_31' title='bbox 134 827 253 889; x_wconf 71' lang='lat' dir='ltr'>cessat</span> <span class='ocrx_word' id='word_1_32' title='bbox 279 823 399 888; x_wconf 88' lang='lat' dir='ltr'>Suarez</span> <span class='ocrx_word' id='word_1_33' title='bbox 431 821 505 898; x_wconf 87' lang='lat' dir='ltr'>Vll,</span> <span class='ocrx_word' id='word_1_34' title='bbox 529 823 563 897; x_wconf 89' lang='lat'>5,</span> <span class='ocrx_word' id='word_1_35' title='bbox 588 822 648 888; x_wconf 80' lang='lat'>29.</span> <span class='ocrx_word' id='word_1_36' title='bbox 676 857 693 868; x_wconf 98' lang='lat'>-</span> <span class='ocrx_word' id='word_1_37' title='bbox 719 822 786 886; x_wconf 88' lang='lat' dir='ltr'>Aut</span> <span class='ocrx_word' id='word_1_38' title='bbox 816 821 888 885; x_wconf 88' lang='lat' dir='ltr'>iure</span> <span class='ocrx_word' id='word_1_39' title='bbox 912 821 1073 884; x_wconf 90' lang='lat' dir='ltr'>communi</span> <span class='ocrx_word' id='word_1_40' title='bbox 1096 817 1319 903; x_wconf 84' lang='lat' dir='ltr'>promulgatae</span> 
     </span>
     <span class='ocr_line' id='line_1_6' title="bbox 135 941 1318 1018; baseline -0.006 -5"><span class='ocrx_word' id='word_1_41' title='bbox 135 953 213 1013; x_wconf 90' lang='lat' dir='ltr'>sunt</span> <span class='ocrx_word' id='word_1_42' title='bbox 229 955 262 1012; x_wconf 90' lang='lat' dir='ltr'>et</span> <span class='ocrx_word' id='word_1_43' title='bbox 285 953 472 1014; x_wconf 81' lang='lat' dir='ltr'>reservatae</span> <span class='ocrx_word' id='word_1_44' title='bbox 494 949 641 1012; x_wconf 88' lang='lat' dir='ltr'>Romano</span> <span class='ocrx_word' id='word_1_45' title='bbox 666 943 825 1018; x_wconf 88' lang='lat' dir='ltr'>Pontifici,</span> <span class='ocrx_word' id='word_1_46' title='bbox 850 951 883 1011; x_wconf 87' lang='lat' dir='ltr'>et</span> <span class='ocrx_word' id='word_1_47' title='bbox 905 951 982 1010; x_wconf 85' lang='lat' dir='ltr'>tunc</span> <span class='ocrx_word' id='word_1_48' title='bbox 1005 945 1039 1008; x_wconf 91' lang='lat' dir='ltr'>in</span> <span class='ocrx_word' id='word_1_49' title='bbox 1062 945 1134 1009; x_wconf 87' lang='lat' dir='ltr'>iure</span> <span class='ocrx_word' id='word_1_50' title='bbox 1157 941 1318 1008; x_wconf 90' lang='lat' dir='ltr'>communi</span> 
     </span>
     <span class='ocr_line' id='line_1_7' title="bbox 135 1077 355 1148; baseline 0.009 -12"><span class='ocrx_word' id='word_1_51' title='bbox 135 1078 268 1138; x_wconf 62' lang='lat' dir='ltr'>mutum</span> <span class='ocrx_word' id='word_1_52' title='bbox 292 1077 355 1148; x_wconf 89' lang='lat' dir='ltr'>est;</span> 
     </span>
    </p>

    <p class='ocr_par' dir='ltr' id='par_1_3' title="bbox 134 1183 1319 1780">
     <span class='ocr_line' id='line_1_8' title="bbox 229 1183 1318 1284; baseline -0.007 -20"><span class='ocrx_word' id='word_1_53' title='bbox 229 1199 261 1284; x_wconf 93' lang='lat' dir='ltr'>l)</span> <span class='ocrx_word' id='word_1_54' title='bbox 286 1199 339 1264; x_wconf 82' lang='lat' dir='ltr'>Ex</span> <span class='ocrx_word' id='word_1_55' title='bbox 362 1183 616 1265; x_wconf 62' lang='lat' dir='ltr'>Concilio&#39;Trid.</span> <span class='ocrx_word' id='word_1_56' title='bbox 642 1197 728 1265; x_wconf 84' lang='lat' dir='ltr'>Sess.</span> <span class='ocrx_word' id='word_1_57' title='bbox 752 1198 812 1273; x_wconf 75' lang='lat'>24,</span> <span class='ocrx_word' id='word_1_58' title='bbox 837 1215 911 1280; x_wconf 83' lang='lat' dir='ltr'>cap.</span> <span class='ocrx_word' id='word_1_59' title='bbox 937 1197 968 1270; x_wconf 86' lang='lat'>6,</span> <span class='ocrx_word' id='word_1_60' title='bbox 997 1195 1048 1262; x_wconf 87' lang='lat' dir='ltr'>De</span> <span class='ocrx_word' id='word_1_61' title='bbox 1069 1194 1210 1278; x_wconf 83' lang='lat' dir='ltr'>reform.</span> <span class='ocrx_word' id='word_1_62' title='bbox 1234 1191 1318 1277; x_wconf 91' lang='lat' dir='ltr'>quod</span> 
     </span>
     <span class='ocr_line' id='line_1_9' title="bbox 136 1315 1317 1408; baseline -0.007 -20"><span class='ocrx_word' id='word_1_63' title='bbox 136 1324 292 1408; x_wconf 84' lang='lat' dir='ltr'>Episcopi</span> <span class='ocrx_word' id='word_1_64' title='bbox 322 1324 444 1408; x_wconf 90' lang='lat' dir='ltr'>pos&#39;sint</span> <span class='ocrx_word' id='word_1_65' title='bbox 472 1323 642 1389; x_wconf 87' lang='lat' dir='ltr'>absolvere</span> <span class='ocrx_word' id='word_1_66' title='bbox 663 1325 696 1387; x_wconf 92' lang='lat' dir='ltr'>in</span> <span class='ocrx_word' id='word_1_67' title='bbox 725 1321 858 1388; x_wconf 79' lang='lat' dir='ltr'>casibus</span> <span class='ocrx_word' id='word_1_68' title='bbox 881 1320 1019 1388; x_wconf 81' lang='lat' dir='ltr'>occultis</span> <span class='ocrx_word' id='word_1_69' title='bbox 1055 1319 1184 1386; x_wconf 88' lang='lat' dir='ltr'>Summo</span> <span class='ocrx_word' id='word_1_70' title='bbox 1207 1315 1317 1382; x_wconf 90' lang='lat' dir='ltr'>Ponti·</span> 
     </span>
     <span class='ocr_line' id='line_1_10' title="bbox 134 1442 1319 1533; baseline -0.006 -19"><span class='ocrx_word' id='word_1_71' title='bbox 134 1447 189 1514; x_wconf 84' lang='lat' dir='ltr'>fici</span> <span class='ocrx_word' id='word_1_72' title='bbox 214 1449 393 1513; x_wconf 86' lang='lat' dir='ltr'>reservatis</span> <span class='ocrx_word' id='word_1_73' title='bbox 409 1449 640 1533; x_wconf 77' lang='lat' dir='ltr'>delinquentes</span> <span class='ocrx_word' id='word_1_74' title='bbox 660 1465 891 1532; x_wconf 82' lang='lat' dir='ltr'>quoscumque</span> <span class='ocrx_word' id='word_1_75' title='bbox 913 1445 977 1512; x_wconf 80' lang='lat' dir='ltr'>sibi</span> <span class='ocrx_word' id='word_1_76' title='bbox 999 1443 1148 1510; x_wconf 83' lang='lat' dir='ltr'>subditos</span> <span class='ocrx_word' id='word_1_77' title='bbox 1170 1444 1209 1508; x_wconf 91' lang='lat' dir='ltr'>in</span> <span class='ocrx_word' id='word_1_78' title='bbox 1231 1442 1319 1508; x_wconf 90' lang='lat' dir='ltr'>dice·</span> 
     </span>
     <span class='ocr_line' id='line_1_11' title="bbox 136 1566 1318 1656; baseline -0.008 -16"><span class='ocrx_word' id='word_1_79' title='bbox 136 1573 205 1640; x_wconf 83' lang='lat' dir='ltr'>cesi</span> <span class='ocrx_word' id='word_1_80' title='bbox 228 1593 294 1640; x_wconf 83' lang='lat' dir='ltr'>sua</span> <span class='ocrx_word' id='word_1_81' title='bbox 313 1593 381 1656; x_wconf 83' lang='lat' dir='ltr'>per</span> <span class='ocrx_word' id='word_1_82' title='bbox 402 1593 437 1638; x_wconf 88' lang='lat' dir='ltr'>se</span> <span class='ocrx_word' id='word_1_83' title='bbox 459 1575 551 1656; x_wconf 84' lang='lat' dir='ltr'>ipsos</span> <span class='ocrx_word' id='word_1_84' title='bbox 574 1577 636 1638; x_wconf 84' lang='lat' dir='ltr'>ant</span> <span class='ocrx_word' id='word_1_85' title='bbox 666 1571 838 1638; x_wconf 74' lang='lat' dir='ltr'>Vivarium</span> <span class='ocrx_word' id='word_1_86' title='bbox 862 1569 908 1636; x_wconf 90' lang='lat' dir='ltr'>ad</span> <span class='ocrx_word' id='word_1_87' title='bbox 930 1569 971 1636; x_wconf 87' lang='lat' dir='ltr'>id</span> <span class='ocrx_word' id='word_1_88' title='bbox 989 1567 1183 1652; x_wconf 78' lang='lat' dir='ltr'>specialiter</span> <span class='ocrx_word' id='word_1_89' title='bbox 1212 1566 1318 1648; x_wconf 84' lang='lat' dir='ltr'>depa-</span> 
     </span>
     <span class='ocr_line' id='line_1_12' title="bbox 135 1692 1318 1780; baseline -0.008 -18"><span class='ocrx_word' id='word_1_90' title='bbox 135 1697 285 1763; x_wconf 82' lang='lat' dir='ltr'>tandam</span> <span class='ocrx_word' id='word_1_91' title='bbox 300 1697 337 1762; x_wconf 88' lang='lat' dir='ltr'>in</span> <span class='ocrx_word' id='word_1_92' title='bbox 347 1697 425 1779; x_wconf 78' lang='lat' dir='ltr'>soro</span> <span class='ocrx_word' id='word_1_93' title='bbox 438 1696 678 1779; x_wconf 84' lang='lat' dir='ltr'>conscientiae;</span> <span class='ocrx_word' id='word_1_94' title='bbox 690 1715 768 1780; x_wconf 88' lang='lat' dir='ltr'>quas</span> <span class='ocrx_word' id='word_1_95' title='bbox 782 1693 980 1761; x_wconf 89' lang='lat' dir='ltr'>conditiones</span> <span class='ocrx_word' id='word_1_96' title='bbox 997 1694 1061 1757; x_wconf 90' lang='lat' dir='ltr'>iam</span> <span class='ocrx_word' id='word_1_97' title='bbox 1075 1692 1318 1778; x_wconf 82' lang='lat' dir='ltr'>explicavimus.</span> 
     </span>
    </p>

    <p class='ocr_par' dir='ltr' id='par_1_4' title="bbox 135 1817 1320 2406">
     <span class='ocr_line' id='line_1_13' title="bbox 227 1817 1319 1910; baseline -0.007 -21"><span class='ocrx_word' id='word_1_98' title='bbox 227 1821 263 1910; x_wconf 78' lang='lat'>2)</span> <span class='ocrx_word' id='word_1_99' title='bbox 288 1823 342 1888; x_wconf 80' lang='lat' dir='ltr'>Ex</span> <span class='ocrx_word' id='word_1_100' title='bbox 369 1824 440 1888; x_wconf 88' lang='lat' dir='ltr'>iure</span> <span class='ocrx_word' id='word_1_101' title='bbox 461 1820 677 1890; x_wconf 87' lang='lat' dir='ltr'>Decretalium</span> <span class='ocrx_word' id='word_1_102' title='bbox 700 1826 833 1908; x_wconf 86' lang='lat' dir='ltr'>possunt</span> <span class='ocrx_word' id='word_1_103' title='bbox 858 1821 1009 1906; x_wconf 87' lang='lat' dir='ltr'>Episcopi</span> <span class='ocrx_word' id='word_1_104' title='bbox 1033 1817 1203 1883; x_wconf 84' lang='lat' dir='ltr'>absolvere</span> <span class='ocrx_word' id='word_1_105' title='bbox 1227 1821 1319 1900; x_wconf 86' lang='lat' dir='ltr'>quot-</span> 
     </span>
     <span class='ocr_line' id='line_1_14' title="bbox 141 1941 1319 2032; baseline -0.008 -19"><span class='ocrx_word' id='word_1_106' title='bbox 141 1952 222 2032; x_wconf 86' lang='lat' dir='ltr'>quot</span> <span class='ocrx_word' id='word_1_107' title='bbox 244 1947 336 2011; x_wconf 88' lang='lat' dir='ltr'>adire</span> <span class='ocrx_word' id='word_1_108' title='bbox 353 1947 559 2032; x_wconf 87' lang='lat' dir='ltr'>Superiorem</span> <span class='ocrx_word' id='word_1_109' title='bbox 582 1966 645 2011; x_wconf 93' lang='lat' dir='ltr'>non</span> <span class='ocrx_word' id='word_1_110' title='bbox 662 1957 794 2032; x_wconf 91' lang='lat' dir='ltr'>possunt</span> <span class='ocrx_word' id='word_1_111' title='bbox 816 1946 922 2029; x_wconf 90' lang='lat' dir='ltr'>aliquo</span> <span class='ocrx_word' id='word_1_112' title='bbox 938 1944 1059 2010; x_wconf 89' lang='lat' dir='ltr'>detenti</span> <span class='ocrx_word' id='word_1_113' title='bbox 1076 1941 1319 2028; x_wconf 89' lang='lat' dir='ltr'>impedimento;</span> 
     </span>
     <span class='ocr_line' id='line_1_15' title="bbox 136 2065 1319 2156; baseline -0.006 -21"><span class='ocrx_word' id='word_1_114' title='bbox 136 2073 196 2135; x_wconf 80' lang='lat' dir='ltr'>lex</span> <span class='ocrx_word' id='word_1_115' title='bbox 211 2072 299 2136; x_wconf 90' lang='lat' dir='ltr'>enim</span> <span class='ocrx_word' id='word_1_116' title='bbox 315 2069 534 2136; x_wconf 87' lang='lat' dir='ltr'>ecclesiastica</span> <span class='ocrx_word' id='word_1_117' title='bbox 556 2071 596 2136; x_wconf 92' lang='lat' dir='ltr'>ad</span> <span class='ocrx_word' id='word_1_118' title='bbox 620 2070 813 2156; x_wconf 89' lang='lat' dir='ltr'>impossibile</span> <span class='ocrx_word' id='word_1_119' title='bbox 834 2070 965 2136; x_wconf 86' lang='lat' dir='ltr'>morale</span> <span class='ocrx_word' id='word_1_120' title='bbox 984 2073 1040 2132; x_wconf 89' lang='lat' dir='ltr'>aut</span> <span class='ocrx_word' id='word_1_121' title='bbox 1058 2065 1240 2152; x_wconf 77' lang='lat' dir='ltr'>physicam</span> <span class='ocrx_word' id='word_1_122' title='bbox 1255 2084 1319 2128; x_wconf 91' lang='lat' dir='ltr'>non</span> 
     </span>
     <span class='ocr_line' id='line_1_16' title="bbox 135 2191 1320 2282; baseline -0.005 -22"><span class='ocrx_word' id='word_1_123' title='bbox 135 2195 260 2281; x_wconf 89' lang='lat' dir='ltr'>obligat</span> <span class='ocrx_word' id='word_1_124' title='bbox 275 2216 333 2261; x_wconf 89' lang='lat' dir='ltr'>seu</span> <span class='ocrx_word' id='word_1_125' title='bbox 348 2215 414 2260; x_wconf 90' lang='lat' dir='ltr'>non</span> <span class='ocrx_word' id='word_1_126' title='bbox 429 2201 525 2281; x_wconf 88' lang='lat' dir='ltr'>urget</span> <span class='ocrx_word' id='word_1_127' title='bbox 540 2197 633 2282; x_wconf 87' lang='lat' dir='ltr'>gravi</span> <span class='ocrx_word' id='word_1_128' title='bbox 649 2215 722 2260; x_wconf 88' lang='lat' dir='ltr'>cum</span> <span class='ocrx_word' id='word_1_129' title='bbox 737 2193 953 2268; x_wconf 90' lang='lat' dir='ltr'>incommodo;</span> <span class='ocrx_word' id='word_1_130' title='bbox 971 2194 1124 2277; x_wconf 89' lang='lat' dir='ltr'>quocirca</span> <span class='ocrx_word' id='word_1_131' title='bbox 1140 2191 1320 2277; x_wconf 82' lang='lat' dir='ltr'>generatim</span> 
     </span>
     <span class='ocr_line' id='line_1_17' title="bbox 135 2317 1320 2406; baseline -0.005 -22"><span class='ocrx_word' id='word_1_132' title='bbox 135 2324 273 2406; x_wconf 84' lang='lat' dir='ltr'>possunt</span> <span class='ocrx_word' id='word_1_133' title='bbox 296 2321 329 2384; x_wconf 92' lang='lat' dir='ltr'>in</span> <span class='ocrx_word' id='word_1_134' title='bbox 353 2319 532 2386; x_wconf 90' lang='lat' dir='ltr'>huiusmodi</span> <span class='ocrx_word' id='word_1_135' title='bbox 556 2320 681 2386; x_wconf 84' lang='lat' dir='ltr'>casibus</span> <span class='ocrx_word' id='word_1_136' title='bbox 704 2318 873 2385; x_wconf 85' lang='lat' dir='ltr'>absolvere</span> <span class='ocrx_word' id='word_1_137' title='bbox 888 2319 1058 2394; x_wconf 83' lang='lat' dir='ltr'>mulieres,</span> <span class='ocrx_word' id='word_1_138' title='bbox 1074 2336 1180 2398; x_wconf 84' lang='lat' dir='ltr'>senes,</span> <span class='ocrx_word' id='word_1_139' title='bbox 1196 2317 1320 2382; x_wconf 71' lang='lat' dir='ltr'>caieta</span> 
     </span>
    </p>
   </div>
   <div class='ocr_carea' id='block_1_3' title="bbox 136 2433 1321 2530">
    <p class='ocr_par' dir='ltr' id='par_1_5' title="bbox 136 2433 1321 2530">
     <span class='ocr_line' id='line_1_18' title="bbox 136 2433 1321 2530; baseline -0.005 -20"><span class='ocrx_word' id='word_1_140' title='bbox 136 2433 304 2512; x_wconf 78' lang='lat' dir='ltr'>dinarios</span> <span class='ocrx_word' id='word_1_141' title='bbox 320 2449 353 2510; x_wconf 92' lang='lat' dir='ltr'>et</span> <span class='ocrx_word' id='word_1_142' title='bbox 377 2465 487 2511; x_wconf 88' lang='lat' dir='ltr'>ornnes</span> <span class='ocrx_word' id='word_1_143' title='bbox 510 2465 575 2510; x_wconf 92' lang='lat' dir='ltr'>non</span> <span class='ocrx_word' id='word_1_144' title='bbox 598 2445 647 2512; x_wconf 91' lang='lat' dir='ltr'>sui</span> <span class='ocrx_word' id='word_1_145' title='bbox 670 2447 749 2510; x_wconf 89' lang='lat' dir='ltr'>iuris</span> <span class='ocrx_word' id='word_1_146' title='bbox 772 2445 821 2509; x_wconf 91' lang='lat' dir='ltr'>uti</span> <span class='ocrx_word' id='word_1_147' title='bbox 844 2463 968 2519; x_wconf 78' lang='lat' dir='ltr'>saraca,</span> <span class='ocrx_word' id='word_1_148' title='bbox 988 2443 1076 2530; x_wconf 76' lang='lat' dir='ltr'>filios</span> <span class='ocrx_word' id='word_1_149' title='bbox 1097 2442 1272 2526; x_wconf 77' lang='lat' dir='ltr'>familias;</span> <span class='ocrx_word' id='word_1_150' title='bbox 1288 2443 1321 2504; x_wconf 91' lang='lat' dir='ltr'>et</span> 
     </span>
    </p>
   </div>
   <div class='ocr_carea' id='block_1_4' title="bbox 130 2564 1323 4530">
    <p class='ocr_par' dir='ltr' id='par_1_6' title="bbox 131 2564 1321 4274">
     <span class='ocr_line' id='line_1_19' title="bbox 135 2564 1319 2656; baseline -0.005 -21"><span class='ocrx_word' id='word_1_151' title='bbox 135 2572 236 2636; x_wconf 86' lang='lat' dir='ltr'>etiam</span> <span class='ocrx_word' id='word_1_152' title='bbox 252 2570 443 2656; x_wconf 64' lang='lat' dir='ltr'>Regelare,</span> <span class='ocrx_word' id='word_1_153' title='bbox 468 2571 593 2654; x_wconf 92' lang='lat' dir='ltr'>quando</span> <span class='ocrx_word' id='word_1_154' title='bbox 616 2571 650 2635; x_wconf 94' lang='lat' dir='ltr'>hi</span> <span class='ocrx_word' id='word_1_155' title='bbox 671 2571 794 2636; x_wconf 86' lang='lat' dir='ltr'>absolvi</span> <span class='ocrx_word' id='word_1_156' title='bbox 810 2591 875 2635; x_wconf 93' lang='lat' dir='ltr'>non</span> <span class='ocrx_word' id='word_1_157' title='bbox 894 2571 1020 2654; x_wconf 89' lang='lat' dir='ltr'>possint</span> <span class='ocrx_word' id='word_1_158' title='bbox 1034 2589 1054 2632; x_wconf 90' lang='lat' dir='ltr'>a</span> <span class='ocrx_word' id='word_1_159' title='bbox 1069 2569 1135 2632; x_wconf 90' lang='lat' dir='ltr'>suis</span> <span class='ocrx_word' id='word_1_160' title='bbox 1151 2564 1319 2632; x_wconf 90' lang='lat' dir='ltr'>Praelatis.</span> 
     </span>
     <span class='ocr_line' id='line_1_20' title="bbox 137 2691 1318 2780; baseline -0.006 -20"><span class='ocrx_word' id='word_1_161' title='bbox 137 2695 296 2768; x_wconf 85' lang='lat' dir='ltr'>Quamvis</span> <span class='ocrx_word' id='word_1_162' title='bbox 321 2695 406 2758; x_wconf 91' lang='lat' dir='ltr'>enim</span> <span class='ocrx_word' id='word_1_163' title='bbox 426 2695 458 2759; x_wconf 93' lang='lat' dir='ltr'>in</span> <span class='ocrx_word' id='word_1_164' title='bbox 475 2695 551 2780; x_wconf 84' lang='lat' dir='ltr'>Cap.</span> <span class='ocrx_word' id='word_1_165' title='bbox 568 2731 583 2743; x_wconf 93' lang='lat'><strong>·</strong></span> <span class='ocrx_word' id='word_1_166' title='bbox 599 2696 715 2762; x_wconf 84' lang='lat' dir='ltr'>Liceat</span> <span class='ocrx_word' id='word_1_167' title='bbox 731 2731 745 2742; x_wconf 96' lang='lat'>-</span> <span class='ocrx_word' id='word_1_168' title='bbox 762 2695 859 2762; x_wconf 83' lang='lat' dir='ltr'>(lonc.</span> <span class='ocrx_word' id='word_1_169' title='bbox 876 2693 974 2766; x_wconf 86' lang='lat' dir='ltr'>Trid.,</span> <span class='ocrx_word' id='word_1_170' title='bbox 993 2713 1035 2758; x_wconf 81' lang='lat' dir='ltr'>ex</span> <span class='ocrx_word' id='word_1_171' title='bbox 1051 2693 1212 2757; x_wconf 85' lang='lat' dir='ltr'>communi</span> <span class='ocrx_word' id='word_1_172' title='bbox 1229 2691 1263 2754; x_wconf 90' lang='lat' dir='ltr'>D.</span> <span class='ocrx_word' id='word_1_173' title='bbox 1282 2691 1318 2754; x_wconf 92' lang='lat' dir='ltr'>l).</span> 
     </span>
     <span class='ocr_line' id='line_1_21' title="bbox 137 2815 1320 2905; baseline -0.006 -21"><span class='ocrx_word' id='word_1_174' title='bbox 137 2820 410 2905; x_wconf 84' lang='lat' dir='ltr'>interpretatione</span> <span class='ocrx_word' id='word_1_175' title='bbox 433 2821 563 2884; x_wconf 90' lang='lat' dir='ltr'>nomine</span> <span class='ocrx_word' id='word_1_176' title='bbox 587 2820 752 2887; x_wconf 89' lang='lat' dir='ltr'>Ordinarii</span> <span class='ocrx_word' id='word_1_177' title='bbox 785 2839 842 2886; x_wconf 90' lang='lat' dir='ltr'>seu</span> <span class='ocrx_word' id='word_1_178' title='bbox 873 2819 1032 2904; x_wconf 85' lang='lat' dir='ltr'>Episcopi,</span> <span class='ocrx_word' id='word_1_179' title='bbox 1060 2817 1193 2882; x_wconf 83' lang='lat' dir='ltr'>veniant</span> <span class='ocrx_word' id='word_1_180' title='bbox 1224 2815 1320 2880; x_wconf 88' lang='lat' dir='ltr'>etiam</span> 
     </span>
     <span class='ocr_line' id='line_1_22' title="bbox 139 2939 1320 3030; baseline -0.006 -22"><span class='ocrx_word' id='word_1_181' title='bbox 139 2944 326 3030; x_wconf 85' lang='lat' dir='ltr'>Regulares</span> <span class='ocrx_word' id='word_1_182' title='bbox 350 2943 494 3008; x_wconf 89' lang='lat' dir='ltr'>Praelati</span> <span class='ocrx_word' id='word_1_183' title='bbox 517 2944 621 3027; x_wconf 87' lang='lat' dir='ltr'>quoad</span> <span class='ocrx_word' id='word_1_184' title='bbox 638 2963 712 3008; x_wconf 91' lang='lat' dir='ltr'>suos</span> <span class='ocrx_word' id='word_1_185' title='bbox 736 2942 886 3016; x_wconf 87' lang='lat' dir='ltr'>subditos,</span> <span class='ocrx_word' id='word_1_186' title='bbox 911 2961 1025 3006; x_wconf 90' lang='lat' dir='ltr'>verum</span> <span class='ocrx_word' id='word_1_187' title='bbox 1049 2943 1082 3005; x_wconf 92' lang='lat' dir='ltr'>in</span> <span class='ocrx_word' id='word_1_188' title='bbox 1106 2958 1263 3004; x_wconf 86' lang='lat' dir='ltr'>censuras</span> <span class='ocrx_word' id='word_1_189' title='bbox 1286 2939 1320 3001; x_wconf 94' lang='lat' dir='ltr'>in</span> 
     </span>
     <span class='ocr_line' id='line_1_23' title="bbox 133 3051 1320 3151; baseline -0.007 -19"><span class='ocrx_word' id='word_1_190' title='bbox 133 3067 248 3132; x_wconf 82' lang='lat' dir='ltr'>Consi.</span> <span class='ocrx_word' id='word_1_191' title='bbox 264 3067 329 3148; x_wconf 84' lang='lat' dir='ltr'>Ap.</span> <span class='ocrx_word' id='word_1_192' title='bbox 348 3065 446 3132; x_wconf 89' lang='lat' dir='ltr'>Sedis</span> <span class='ocrx_word' id='word_1_193' title='bbox 465 3086 665 3151; x_wconf 90' lang='lat' dir='ltr'>quocumque</span> <span class='ocrx_word' id='word_1_194' title='bbox 689 3051 792 3148; x_wconf 86' lang='lat' dir='ltr'>modo,</span> <span class='ocrx_word' id='word_1_195' title='bbox 818 3069 1002 3130; x_wconf 89' lang='lat' dir='ltr'>reservatas</span> <span class='ocrx_word' id='word_1_196' title='bbox 1022 3061 1181 3138; x_wconf 85' lang='lat' dir='ltr'>Pontifici,</span> <span class='ocrx_word' id='word_1_197' title='bbox 1199 3061 1320 3126; x_wconf 88' lang='lat' dir='ltr'>nullam</span> 
     </span>
     <span class='ocr_line' id='line_1_24' title="bbox 131 3187 1320 3277; baseline -0.004 -21"><span class='ocrx_word' id='word_1_198' title='bbox 131 3191 259 3256; x_wconf 87' lang='lat' dir='ltr'>habent</span> <span class='ocrx_word' id='word_1_199' title='bbox 283 3193 507 3258; x_wconf 88' lang='lat' dir='ltr'>auctoritatem</span> <span class='ocrx_word' id='word_1_200' title='bbox 524 3193 735 3268; x_wconf 88' lang='lat' dir='ltr'>ordinariam;</span> <span class='ocrx_word' id='word_1_201' title='bbox 752 3194 869 3277; x_wconf 90' lang='lat' dir='ltr'>quippe</span> <span class='ocrx_word' id='word_1_202' title='bbox 886 3209 1042 3277; x_wconf 86' lang='lat' dir='ltr'>expresse</span> <span class='ocrx_word' id='word_1_203' title='bbox 1057 3189 1234 3275; x_wconf 83' lang='lat' dir='ltr'>abrogatae</span> <span class='ocrx_word' id='word_1_204' title='bbox 1249 3187 1320 3252; x_wconf 84' lang='lat' dir='ltr'>fue-</span> 
     </span>
     <span class='ocr_line' id='line_1_25' title="bbox 133 3314 1320 3391; baseline -0.004 -8"><span class='ocrx_word' id='word_1_205' title='bbox 133 3323 216 3384; x_wconf 89' lang='lat' dir='ltr'>runt</span> <span class='ocrx_word' id='word_1_206' title='bbox 239 3339 350 3384; x_wconf 91' lang='lat' dir='ltr'>omnes</span> <span class='ocrx_word' id='word_1_207' title='bbox 378 3320 563 3386; x_wconf 87' lang='lat' dir='ltr'>contrariae</span> <span class='ocrx_word' id='word_1_208' title='bbox 587 3321 813 3384; x_wconf 89' lang='lat' dir='ltr'>concessiones</span> <span class='ocrx_word' id='word_1_209' title='bbox 829 3324 861 3384; x_wconf 90' lang='lat' dir='ltr'>et</span> <span class='ocrx_word' id='word_1_210' title='bbox 881 3316 1145 3391; x_wconf 88' lang='lat' dir='ltr'>consuetudines;</span> <span class='ocrx_word' id='word_1_211' title='bbox 1170 3321 1202 3380; x_wconf 90' lang='lat' dir='ltr'>et</span> <span class='ocrx_word' id='word_1_212' title='bbox 1224 3314 1320 3380; x_wconf 90' lang='lat' dir='ltr'>hodie</span> 
     </span>
     <span class='ocr_line' id='line_1_26' title="bbox 132 3439 1319 3529; baseline -0.002 -23"><span class='ocrx_word' id='word_1_213' title='bbox 132 3462 218 3526; x_wconf 91' lang='lat' dir='ltr'>opus</span> <span class='ocrx_word' id='word_1_214' title='bbox 241 3447 292 3506; x_wconf 91' lang='lat' dir='ltr'>est</span> <span class='ocrx_word' id='word_1_215' title='bbox 311 3442 450 3525; x_wconf 83' lang='lat' dir='ltr'>speciali</span> <span class='ocrx_word' id='word_1_216' title='bbox 465 3443 645 3529; x_wconf 83' lang='lat' dir='ltr'>privilegio.</span> <span class='ocrx_word' id='word_1_217' title='bbox 663 3479 680 3490; x_wconf 98' lang='lat'>-</span> <span class='ocrx_word' id='word_1_218' title='bbox 700 3445 933 3529; x_wconf 88' lang='lat' dir='ltr'>Episcoporum</span> <span class='ocrx_word' id='word_1_219' title='bbox 950 3441 1095 3512; x_wconf 81' lang='lat' dir='ltr'>facultas,</span> <span class='ocrx_word' id='word_1_220' title='bbox 1111 3441 1184 3505; x_wconf 90' lang='lat' dir='ltr'>iure</span> <span class='ocrx_word' id='word_1_221' title='bbox 1200 3439 1319 3504; x_wconf 87' lang='lat' dir='ltr'>Decre-</span> 
     </span>
     <span class='ocr_line' id='line_1_27' title="bbox 131 3562 1321 3653; baseline -0.004 -21"><span class='ocrx_word' id='word_1_222' title='bbox 131 3567 250 3632; x_wconf 89' lang='lat' dir='ltr'>talium</span> <span class='ocrx_word' id='word_1_223' title='bbox 274 3569 456 3642; x_wconf 86' lang='lat' dir='ltr'>constituta,</span> <span class='ocrx_word' id='word_1_224' title='bbox 482 3567 681 3634; x_wconf 90' lang='lat' dir='ltr'>descendens</span> <span class='ocrx_word' id='word_1_225' title='bbox 705 3587 747 3633; x_wconf 83' lang='lat' dir='ltr'>ex</span> <span class='ocrx_word' id='word_1_226' title='bbox 769 3569 839 3653; x_wconf 90' lang='lat' dir='ltr'>ipsa</span> <span class='ocrx_word' id='word_1_227' title='bbox 862 3567 1002 3632; x_wconf 89' lang='lat' dir='ltr'>naturali</span> <span class='ocrx_word' id='word_1_228' title='bbox 1029 3566 1199 3650; x_wconf 89' lang='lat' dir='ltr'>aequitate,</span> <span class='ocrx_word' id='word_1_229' title='bbox 1224 3562 1321 3628; x_wconf 91' lang='lat' dir='ltr'>nullis</span> 
     </span>
     <span class='ocr_line' id='line_1_28' title="bbox 132 3685 1321 3776; baseline -0.003 -21"><span class='ocrx_word' id='word_1_230' title='bbox 132 3691 421 3756; x_wconf 81' lang='lat' dir='ltr'>circumscribitur</span> <span class='ocrx_word' id='word_1_231' title='bbox 444 3691 605 3764; x_wconf 87' lang='lat' dir='ltr'>limitibus,</span> <span class='ocrx_word' id='word_1_232' title='bbox 630 3711 688 3760; x_wconf 86' lang='lat' dir='ltr'>seu</span> <span class='ocrx_word' id='word_1_233' title='bbox 711 3691 862 3756; x_wconf 82' lang='lat' dir='ltr'>exerceri</span> <span class='ocrx_word' id='word_1_234' title='bbox 885 3695 990 3776; x_wconf 90' lang='lat' dir='ltr'>potest</span> <span class='ocrx_word' id='word_1_235' title='bbox 1012 3708 1071 3774; x_wconf 91' lang='lat' dir='ltr'>pro</span> <span class='ocrx_word' id='word_1_236' title='bbox 1096 3685 1221 3752; x_wconf 86' lang='lat' dir='ltr'>casibus</span> <span class='ocrx_word' id='word_1_237' title='bbox 1244 3686 1321 3771; x_wconf 91' lang='lat' dir='ltr'>pub·</span> 
     </span>
     <span class='ocr_line' id='line_1_29' title="bbox 132 3811 1321 3890; baseline -0.002 -12"><span class='ocrx_word' id='word_1_238' title='bbox 132 3814 231 3879; x_wconf 87' lang='lat' dir='ltr'>blicis</span> <span class='ocrx_word' id='word_1_239' title='bbox 258 3819 292 3878; x_wconf 90' lang='lat' dir='ltr'>et</span> <span class='ocrx_word' id='word_1_240' title='bbox 314 3815 466 3890; x_wconf 85' lang='lat' dir='ltr'>occultis;</span> <span class='ocrx_word' id='word_1_241' title='bbox 491 3814 565 3880; x_wconf 90' lang='lat' dir='ltr'>dum</span> <span class='ocrx_word' id='word_1_242' title='bbox 582 3835 600 3879; x_wconf 91' lang='lat' dir='ltr'>e</span> <span class='ocrx_word' id='word_1_243' title='bbox 617 3819 731 3879; x_wconf 88' lang='lat' dir='ltr'>eontra</span> <span class='ocrx_word' id='word_1_244' title='bbox 746 3814 811 3878; x_wconf 88' lang='lat' dir='ltr'>alia</span> <span class='ocrx_word' id='word_1_245' title='bbox 826 3815 913 3878; x_wconf 87' lang='lat' dir='ltr'>facta</span> <span class='ocrx_word' id='word_1_246' title='bbox 928 3835 948 3877; x_wconf 92' lang='lat' dir='ltr'>a</span> <span class='ocrx_word' id='word_1_247' title='bbox 964 3813 1153 3878; x_wconf 89' lang='lat' dir='ltr'>Tridentino</span> <span class='ocrx_word' id='word_1_248' title='bbox 1177 3811 1321 3876; x_wconf 85' lang='lat' dir='ltr'>Concilio</span> 
     </span>
     <span class='ocr_line' id='line_1_30' title="bbox 133 3935 1320 4020; baseline -0.004 -19"><span class='ocrx_word' id='word_1_249' title='bbox 133 3935 244 4020; x_wconf 89' lang='lat' dir='ltr'>quoad</span> <span class='ocrx_word' id='word_1_250' title='bbox 269 3955 368 4003; x_wconf 83' lang='lat' dir='ltr'>casus</span> <span class='ocrx_word' id='word_1_251' title='bbox 392 3937 538 4003; x_wconf 67' lang='lat' dir='ltr'>comitas</span> <span class='ocrx_word' id='word_1_252' title='bbox 560 3937 615 4020; x_wconf 92' lang='lat' dir='ltr'>qui</span> <span class='ocrx_word' id='word_1_253' title='bbox 637 3936 837 4019; x_wconf 83' lang='lat' dir='ltr'>simpliciter</span> <span class='ocrx_word' id='word_1_254' title='bbox 865 3935 958 4000; x_wconf 90' lang='lat' dir='ltr'>Rom.</span> <span class='ocrx_word' id='word_1_255' title='bbox 986 3936 1081 3999; x_wconf 91' lang='lat' dir='ltr'>Pont.</span> <span class='ocrx_word' id='word_1_256' title='bbox 1114 3937 1189 3998; x_wconf 89' lang='lat' dir='ltr'>sunt</span> <span class='ocrx_word' id='word_1_257' title='bbox 1211 3951 1320 3997; x_wconf 88' lang='lat' dir='ltr'>reser-</span> 
     </span>
     <span class='ocr_line' id='line_1_31' title="bbox 131 4057 1321 4144; baseline -0.005 -18"><span class='ocrx_word' id='word_1_258' title='bbox 131 4061 214 4133; x_wconf 80' lang='lat' dir='ltr'>vati,</span> <span class='ocrx_word' id='word_1_259' title='bbox 239 4059 378 4125; x_wconf 85' lang='lat' dir='ltr'>vidimus</span> <span class='ocrx_word' id='word_1_260' title='bbox 401 4063 481 4144; x_wconf 91' lang='lat' dir='ltr'>quot</span> <span class='ocrx_word' id='word_1_261' title='bbox 511 4066 697 4127; x_wconf 88' lang='lat' dir='ltr'>coarctetur</span> <span class='ocrx_word' id='word_1_262' title='bbox 723 4059 983 4135; x_wconf 87' lang='lat' dir='ltr'>limitationibus;</span> <span class='ocrx_word' id='word_1_263' title='bbox 1015 4057 1134 4144; x_wconf 89' lang='lat' dir='ltr'>pendet</span> <span class='ocrx_word' id='word_1_264' title='bbox 1163 4057 1250 4122; x_wconf 90' lang='lat' dir='ltr'>enim</span> <span class='ocrx_word' id='word_1_265' title='bbox 1279 4076 1321 4120; x_wconf 80' lang='lat' dir='ltr'>ex</span> 
     </span>
     <span class='ocr_line' id='line_1_32' title="bbox 131 4183 1121 4274; baseline -0.002 -24"><span class='ocrx_word' id='word_1_266' title='bbox 131 4205 229 4252; x_wconf 89' lang='lat' dir='ltr'>mera</span> <span class='ocrx_word' id='word_1_267' title='bbox 252 4185 335 4250; x_wconf 90' lang='lat' dir='ltr'>iuris</span> <span class='ocrx_word' id='word_1_268' title='bbox 354 4184 568 4270; x_wconf 88' lang='lat' dir='ltr'>benignitate:</span> <span class='ocrx_word' id='word_1_269' title='bbox 593 4205 669 4274; x_wconf 77' lang='lat' dir='ltr'>arg.</span> <span class='ocrx_word' id='word_1_270' title='bbox 694 4205 769 4270; x_wconf 81' lang='lat' dir='ltr'>cap.</span> <span class='ocrx_word' id='word_1_271' title='bbox 792 4187 853 4269; x_wconf 79' lang='lat'>29,</span> <span class='ocrx_word' id='word_1_272' title='bbox 877 4185 928 4251; x_wconf 86' lang='lat' dir='ltr'>De</span> <span class='ocrx_word' id='word_1_273' title='bbox 951 4204 977 4250; x_wconf 84' lang='lat' dir='ltr'>s,</span> <span class='ocrx_word' id='word_1_274' title='bbox 1002 4203 1056 4250; x_wconf 82' lang='lat' dir='ltr'>aa.</span> <span class='ocrx_word' id='word_1_275' title='bbox 1080 4183 1121 4248; x_wconf 91' lang='lat' dir='ltr'>X.</span> 
     </span>
    </p>

    <p class='ocr_par' dir='ltr' id='par_1_7' title="bbox 130 4307 1323 4530">
     <span class='ocr_line' id='line_1_33' title="bbox 229 4307 1321 4416; baseline -0.003 -41"><span class='ocrx_word' id='word_1_276' title='bbox 229 4311 304 4376; x_wconf 80' lang='lat'>125.</span> <span class='ocrx_word' id='word_1_277' title='bbox 329 4309 603 4416; x_wconf 56' lang='lat' dir='ltr'>Sesljths</span> <span class='ocrx_word' id='word_1_278' title='bbox 615 4311 934 4405; x_wconf 23' lang='lat' dir='ltr'>‘qui-impedimento</span> <span class='ocrx_word' id='word_1_279' title='bbox 970 4309 1157 4375; x_wconf 89' lang='lat' dir='ltr'>detinentur</span> <span class='ocrx_word' id='word_1_280' title='bbox 1183 4307 1321 4373; x_wconf 88' lang='lat' dir='ltr'>adeundi</span> 
     </span>
     <span class='ocr_line' id='line_1_34' title="bbox 130 4411 1323 4530; baseline -0.004 -29"><span class='ocrx_word' id='word_1_281' title='bbox 130 4435 165 4501; x_wconf 93' lang='lat' dir='ltr'>S.</span> <span class='ocrx_word' id='word_1_282' title='bbox 195 4433 322 4530; x_wconf 64' lang='lat' dir='ltr'>Sedent,</span> <span class='ocrx_word' id='word_1_283' title='bbox 347 4433 475 4500; x_wconf 82' lang='lat' dir='ltr'>adverti</span> <span class='ocrx_word' id='word_1_284' title='bbox 498 4433 595 4502; x_wconf 88' lang='lat' dir='ltr'>debet</span> <span class='ocrx_word' id='word_1_285' title='bbox 617 4455 658 4500; x_wconf 90' lang='lat' dir='ltr'>an</span> <span class='ocrx_word' id='word_1_286' title='bbox 674 4435 934 4522; x_wconf 84' lang='lat' dir='ltr'>impedimentum</span> <span class='ocrx_word' id='word_1_287' title='bbox 958 4436 1000 4516; x_wconf 80' lang='lat' dir='ltr'>sit</span> <span class='ocrx_word' id='word_1_288' title='bbox 1017 4411 1234 4518; x_wconf 67' lang='lat' dir='ltr'>perpetuitas,</span> <span class='ocrx_word' id='word_1_289' title='bbox 1251 4432 1323 4499; x_wconf 76' lang='lat' dir='ltr'>dia</span> 
     </span>
    </p>
   </div>
   <div class='ocr_carea' id='block_1_5' title="bbox 0 0 1640 5102">
    <p class='ocr_par' dir='ltr' id='par_1_8' title="bbox 0 0 1640 5102">
     <span class='ocr_line' id='line_1_35' title="bbox 0 0 1640 5102; baseline 0 0"><span class='ocrx_word' id='word_1_290' title='bbox 0 0 1640 5102; x_wconf 95' lang='lat' dir='ltr'> </span> 
     </span>
    </p>
   </div>
  </div>
 </body>
</html>
