3312 5108
335 262 375 327 lo
849 281 931 327 raas
956 280 979 326 1.

329 409 481 488 sequatur
502 411 536 470 et
558 405 648 489 quasi
683 405 838 470 resarciat
871 403 990 468 malum
1024 402 1141 468 delicti.
1177 405 1222 468 Et
1252 405 1286 469 in
1310 405 1374 468 hoc
1397 423 1504 489 poena

329 529 446 594 dicitur
469 535 502 598 et
524 537 574 597 est
594 527 735 594 vindicta
765 527 925 600 criminis,
950 546 1014 592 non
1038 529 1070 592 in
1094 526 1201 592 odium
1230 527 1414 602 criminosi,
1439 547 1505 592 non

329 674 370 718 ex
393 653 607 720 delectatione
637 672 824 738 poenarum,
848 672 926 736 quas
959 653 1027 717 luet
1054 651 1146 733 reus,
1170 671 1237 716 non
1270 653 1312 718 ob
1346 653 1504 718 moralem

327 778 436 844 delicti
470 778 684 863 expiationem
718 777 778 862 ipsi
813 777 878 840 Deo
901 793 921 839 a
944 776 1116 840 criminoso
1143 774 1357 848 tribuendam,
1382 775 1440 841 sed
1463 777 1505 840 ol)

328 907 539 972 materialem
562 909 594 970 et
616 903 799 970 iuridicam
822 905 1089 969 restaurationem
1112 902 1234 968 ordinis
1257 904 1395 969 socialis.

419 1031 468 1096 13.
493 1031 618 1096 Verum
634 1028 804 1094 advertere
828 1023 979 1112 praestat,
993 1033 1058 1093 tam
1075 1049 1181 1094 saram
1205 1035 1317 1095 rectae
1333 1029 1504 1096 doctrinae

325 1153 569 1236 acquisitionem
598 1171 664 1216 non
694 1149 895 1217 tribuendam
931 1171 1002 1217 esse
1025 1153 1139 1236 culpae
1171 1153 1348 1224 Ecclesiae,
1381 1155 1504 1238 quippe

327 1295 496 1366 quaenon
524 1277 601 1341 satis
631 1275 789 1362 principia
820 1275 1022 1341 Christianae
1057 1277 1218 1342 civilitatis
1249 1277 1499 1362 praedicaverit.

328 1405 407 1468 Nam
424 1404 539 1487 inipso
562 1401 705 1485 Corpore
729 1402 794 1466 lur.
809 1400 887 1465 Can.
911 1421 968 1467 sau
992 1403 1023 1465 in
1048 1403 1186 1469 Decreto
1210 1402 1372 1481 Gratiani,
1399 1401 1500 1468 veluti

328 1530 360 1590 in
387 1525 484 1592 Ceus.
500 1525 631 1598 XXIII,
656 1530 782 1610 quaest.
800 1525 866 1599 III,
891 1545 964 1592 cam.
982 1527 998 1590 1
1015 1531 1049 1589 et
1063 1526 1135 1590 aliis
1149 1527 1336 1610 centonibus,
1355 1547 1421 1592 non
1442 1527 1496 1592 ob·

326 1671 422 1717 scura
437 1650 618 1716 indicantur
637 1649 844 1714 fundamenta
859 1649 998 1714 iustitiae
1014 1650 1158 1734 poenalis
1174 1650 1206 1713 in
1223 1652 1376 1716 societate
1401 1653 1499 1730 civili,

326 1776 381 1840 sed
404 1776 525 1840 clarius
547 1775 629 1839 haec
660 1775 820 1859 explicata
850 1774 982 1838 fueruat
1004 1793 1024 1837 a
1047 1773 1077 1838 S.
1104 1774 1296 1840 Ductoribus
1319 1776 1495 1841 Ecclesiae.

326 1900 470 1966 Sufficiat
499 1919 597 1965 unum
631 1901 762 1972 citasse,
794 1917 909 1984 nempe
933 1899 1048 1964 Divum
1072 1899 1238 1964 Thomam.
1272 1902 1328 1966 Ait
1355 1903 1439 1966 enim
1461 1904 1492 1966 iu

324 2027 468 2092 'vlaaima
483 2025 526 2090 2⁰
543 2025 607 2105 2⁰⁶,
624 2045 655 2110 q.
672 2025 806 2098 LXXX,
824 2044 855 2090 a.
872 2023 952 2088 lad
966 2025 1003 2088 1:
1023 2023 1428 2108 ‹pmacipibuspotestas
1437 2045 1494 2109 pu·

326 2151 411 2217 tilica
434 2149 652 2215 committitur
666 2149 712 2213 ad
736 2149 797 2215 hoc
812 2147 904 2231 quod
926 2147 992 2212 siat
1015 2147 1162 2213 iustiliae
1185 2149 1339 2215 custodes
1356 2171 1385 2213 u.
1403 2151 1448 2216 Et
1463 2151 1495 2214 iu

327 2276 457 2346 Quaesl.
474 2273 560 2356 disp.
573 2273 615 2338 cle
630 2274 731 2346 malo,
748 2291 779 2356 q.
797 2273 823 2344 1,
840 2273 863 2336 5
877 2271 923 2335 ad
938 2269 983 2334 te
995 2271 1104 2336 docet:
1121 2291 1197 2337 ‹eac
1206 2279 1310 2356 parte
1321 2274 1499 2355 punientis

323 2417 436 2481 poema
459 2397 555 2464 habet
576 2397 746 2464 rationem
838 2396 970 2463 ordiale
992 2417 1021 2459 a.
1047 2396 1157 2470 Quare
1184 2396 1264 2461 ordo
1291 2403 1499 2464 restauratur

325 2543 421 2606 quum
438 2523 548 2606 poenis
564 2510 713 2594 efficitur,
729 2525 763 2585 ut
779 2523 831 2604 qui
851 2520 996 2586 ordinem
1013 2521 1206 2605 pervertit«
1224 2520 1356 2604 abipso
1372 2523 1499 2589 ordi-nc

324 2647 547 2730 deprimatur,
565 2665 653 2730 petae
675 2646 812 2730 quidem
831 2645 1003 2729 depressio
1023 2663 1138 2730 poema
1155 2652 1211 2712 est.
1234 2668 1251 2711 ›
1278 2647 1321 2712 Iu
1344 2647 1447 2712 102‘20
1462 2667 1492 2731 p.

326 2771 531 2844 LXXXVII,
549 2789 581 2834 a.
598 2771 614 2834 1
639 2767 694 2854 (l).
712 2805 726 2816 -
746 2769 815 2834 Hac
838 2771 951 2837 eadem
967 2772 1094 2836 ratione
1110 2769 1224 2836 ductus
1240 2771 1384 2835 Carrara
1401 2773 1499 2837 altius

324 2889 542 2974 proclamavit,
558 2888 712 2954 delictum
728 2907 798 2954 esse
814 2907 874 2953 aas
885 2887 1079 2954 iuridicam.
1098 2888 1145 2954 af.
1159 2908 1192 2953 a.
1206 2889 1250 2954 12
1265 2895 1333 2956 aot.
1347 2892 1375 2965 1,
1387 2911 1425 2972 p.
1442 2890 1497 2954 14.

412 3017 463 3081 11.
489 3015 638 3080 lamvero
653 3015 716 3078 hoc
731 3020 872 3100 systema
888 3016 915 3080 si
931 3021 1226 3098 compareturcum
1241 3020 1416 3101 systemate
1432 3015 1493 3080 Ec·

412 3227 452 3298 (l)
470 3228 559 3296 ipsam
578 3227 698 3280 divinam
718 3227 854 3281 iustitiam
868 3245 927 3282 esse
940 3229 1058 3297 primum
1072 3228 1118 3282 sed
1131 3238 1270 3282 remotam
1286 3227 1493 3281 tundamentum

324 3331 447 3385 iustitiae
471 3330 597 3397 socialis,
625 3347 752 3400 expresse
778 3336 898 3386 testatur
923 3332 1008 3386 Sacra
1034 3331 1192 3402 Scriptura,
1222 3333 1263 3386 uti
1292 3337 1496 3388 commentatur

325 3439 353 3492 Ι).
372 3437 500 3503 Thomas,
520 3439 634 3506 (Caetra
655 3439 742 3503 Garat,
763 3439 808 3492 lid.
822 3437 879 3502 III,
899 3455 921 3492 e.
935 3439 1003 3506 teo)
1023 3438 1170 3492 advertens
1183 3437 1254 3508 quod
1267 3451 1284 3493 t(
1298 3437 1434 3506 bouvines,
1448 3441 1495 3510 qui

323 3545 452 3600 interris
476 3561 558 3614 super
576 3544 646 3600 allos
671 3546 888 3610 constituuntur,
909 3549 973 3598 sunt
993 3545 1070 3616 quasi
1094 3545 1151 3598 Div.
1172 3543 1368 3598 Providentiae
1394 3563 1495 3600 eracu-

324 3662 410 3708 tores:
430 3653 502 3708 Deus
521 3654 593 3706 enim
614 3669 662 3722 per
680 3669 746 3707 suae
772 3653 965 3708 Providentiae
989 3653 1112 3707 ordinem
1133 3668 1182 3722 per
1200 3651 1344 3721 superiora
1363 3653 1496 3707 interiora

322 3759 469 3829 exequitur
558 3759 628 3812 Hinc
656 3764 699 3814 cst
725 3759 797 3829 quod
825 3759 893 3813 dicit
917 3759 1069 3830 Apostolus
1088 3759 1166 3812 llam.
1188 3758 1231 3823 13,
1251 3757 1271 3811 4
1296 3756 1330 3811 de
1356 3761 1496 3826 potestate

322 3848 437 3921 terrena
445 3865 517 3936 qued
530 3883 586 3920 aaa
603 3867 663 3920 siue
682 3883 766 3920 caasa
783 3867 912 3935 pladiani
928 3876 1030 3937 portat,
1045 3867 1097 3920 Del
1109 3869 1182 3919 enlm
1200 3869 1329 3918 ruinister
1342 3874 1382 3921 est
1395 3865 1494 3920 vindex

321 3973 437 4026 inirem
457 3973 482 4026 ei
501 3972 548 4042 qui
567 3971 640 4027 male
662 3974 735 4041 agit3
756 3977 785 4026 et
803 3973 820 4025 I
839 3973 894 4027 Pet.
914 3973 1132 4038 2,13dicitar:
1160 3973 1281 4026 Subiecti
1310 3981 1395 4026 estote
1420 3973 1495 4022 cacat

320 4079 459 4131 humanae
478 4089 624 4132 creaturae
645 4087 762 4148 propter
781 4079 885 4144 Deam;
904 4080 962 4130 stae
982 4079 1044 4146 rapi
1063 4079 1142 4146 quasi
1156 4077 1344 4147 praecellenti
1362 4077 1419 4127 sice
1439 4073 1493 4126 du-

322 4182 397 4236 cibus
424 4191 565 4254 tamquam
582 4185 617 4236 ab
636 4200 667 4237 eo
686 4184 778 4236 missis
796 4185 834 4236 ad
857 4183 1008 4236 viridictam
1035 4181 1265 4252 malefactorum,
1286 4179 1398 4235 laudem
1426 4193 1494 4232 oei-o

321 4288 456 4342 bonoram
470 4305 495 4340 a.
515 4285 554 4341 ct.
569 4287 691 4353 Pessima,
716 4289 833 4342 l'rcatati
851 4289 1017 4342 elementari
1035 4287 1082 4340 sal
1094 4287 1190 4340 dtritto
1205 4287 1319 4356 pertale,
1335 4287 1381 4340 tit.
1396 4283 1418 4352 I,
1433 4302 1454 4338 c.
1470 4283 1495 4348 I,

321 4395 401 4458 522,
420 4393 483 4456 mI,
500 4413 527 4464 p.
541 4393 591 4446 26.
611 4393 710 4463 Napoli
734 4395 808 4448 1856.
