3290 5100
297 323 362 387 488
823 337 908 386 naas
932 339 953 385 1.

296 461 425 526 veniam
451 459 618 546 publicare
640 461 674 524 in
698 460 807 526 fronto
829 460 884 526 vel
911 463 943 526 in
968 459 1032 527 flne
1061 461 1146 532 libii,
1173 461 1249 544 qnia
1272 461 1304 524 in
1328 464 1393 524 ort.
1419 457 1484 539 43,

295 581 332 648 flt
354 583 436 650 hoco
458 584 611 671 obligatio
634 583 691 650 sed
714 603 820 670 poena
842 603 908 648 non
931 583 1097 650 adiicitur.

386 708 461 775 421.
486 713 571 777 Ann.
596 711 649 776 49.
676 729 694 773 ‹
713 709 777 781 Qui
791 728 872 777 cero
888 715 1000 776 cetera
1016 709 1223 794 commeani
1242 708 1376 792 fuerint
1390 726 1485 792 quae

297 833 349 900 hio
378 834 529 902 Damalis
562 831 785 900 Generatibns
809 834 1076 918 praecipiuntur
1101 853 1170 917 pro
1200 833 1336 898 dicor-sa
1362 837 1486 897 rectus

296 958 464 1045 crocitante
492 959 582 1025 serto
613 957 656 1024 ob
686 958 856 1042 Episcopo
886 963 1093 1026 moneantur
1122 964 1156 1024 ct
1188 957 1485 1040 oiopportnnum

296 1081 474 1159 videbitur,
499 1083 672 1150 canonico
694 1083 797 1149 etiam
817 1083 939 1168 pomo
961 1088 1232 1150 coerceantur».

387 1207 462 1274 422.
488 1207 541 1276 Uti
571 1210 606 1273 in
637 1211 748 1296 aprico
778 1215 837 1291 ast,
861 1209 917 1277 hic
946 1209 1128 1275 sollicitudo
1152 1211 1316 1276 excitatur
1346 1209 1486 1295 Episco-

297 1353 412 1419 pornm
435 1339 470 1399 ut
492 1335 564 1400 inre
579 1355 638 1400 suo
653 1339 787 1402 utantur
803 1335 932 1400 ferendi
947 1355 1069 1421 poenas
1085 1335 1119 1400 in
1135 1339 1384 1421 trangressores
1399 1335 1486 1420 legis

297 1461 366 1524 aiva
389 1461 577 1544 communis,
597 1461 666 1526 siva
688 1459 872 1546 peculiaris,
890 1479 932 1526 no
956 1459 1008 1526 isti
1033 1461 1181 1546 impuniti
1198 1459 1338 1525 evadant
1352 1457 1486 1543 quando

298 1603 413 1669 nempe
435 1584 532 1650 aliam
555 1605 620 1650 non
643 1585 815 1652 incurrant
833 1604 969 1670 poenam
994 1586 1056 1649 iam
1080 1587 1114 1649 in
1133 1586 1205 1650 iure
1228 1589 1392 1650 statutam.
1418 1583 1485 1649 Sed

298 1708 374 1790 qnia
395 1708 490 1774 hodie
506 1710 607 1776 veluti
631 1729 844 1776 censurarum
867 1731 944 1776 usus
966 1710 1135 1776 dumtaxat
1158 1715 1208 1776 ost
1231 1707 1403 1794 expeditus
1425 1707 1486 1772 scd

299 1831 349 1896 his
369 1833 498 1918 parcius
513 1832 667 1899 utandnm
691 1837 804 1900 estne
827 1833 994 1906 vilescant,
1019 1833 1094 1898 indo
1117 1839 1262 1906 cavetur,
1287 1833 1485 1898 monitiones

299 1957 549 2044 praemittendas
580 1977 651 2024 esse
674 1965 707 2024 at
729 1957 840 2026 sedulo
864 1957 1044 2024 curandum
1073 1963 1108 2025 ut
1138 1958 1202 2024 hae
1226 1979 1318 2024 snum
1346 1959 1488 2024 sortian-

298 2086 354 2146 tur
376 2077 538 2148 effectum.
