3290 5100
299 283 367 350 548
750 299 961 349 numosruu
985 298 1022 347 ιι.

301 423 444 478 Reidenst.
463 425 500 478 ad
518 427 562 478 cit.
581 424 620 478 tit.
639 441 666 476 va
686 421 729 476 38
748 431 774 477 et
792 422 842 476 39.
857 421 1046 476 Nihilominus
1058 421 1291 490 subiungebatur,
1302 419 1398 474 mitius
1414 418 1481 472 curia

300 526 426 584 Parocho
444 529 474 584 in
494 515 634 600 praesenti
652 544 719 583 casu
737 532 832 583 ectum
851 528 944 584 fuisse.
964 521 1083 584 Additud
1101 527 1176 582 enim
1195 525 1286 582 eidem
1304 526 1396 580 fuerat
1410 522 1484 576 Coo·

302 640 414 708 perator
432 637 585 704 dumtaxat,
605 636 684 691 iuxta
702 637 838 691 monitum
858 635 939 690 citati
959 635 1104 691 Reiffenat.
1123 637 1272 690 ibidmn.
1291 635 1341 700 40,
1360 637 1389 686 et
1414 633 1485 702 qui-

299 743 362 801 dem
382 743 416 796 nd
435 747 553 812 tempus,
573 742 707 812 permissa
726 743 925 812 insuper'inter
938 740 1094 797 Paroclrum
1114 746 1143 797 st
1161 742 1376 812 cooperatorem
1390 738 1484 794 alter·

301 847 396 902 nativa
415 847 444 902 in
463 847 550 901 sacris
568 846 713 916 explendis
730 847 930 902 functionibus.
950 845 1084 900 Constitit
1102 847 1176 902 enim
1190 845 1242 916 ipsi
1256 843 1308 900 soli
1321 844 1486 899 animarum

301 967 398 1006 curam
416 949 537 1021 relinqui
556 967 611 1006 non
631 967 720 1022 posse,
738 951 767 1005 in
786 966 868 1024 quem
888 949 998 1006 scilicet
1016 951 1110 1020 gravis
1128 949 1224 1021 populi
1249 950 1358 1004 aversio
1383 949 1487 1004 conci—

301 1059 363 1112 tata
379 1059 480 1110 luerat.

373 1160 454 1216 Circa
471 1163 639 1217 sententiam
659 1167 753 1217 autem
773 1162 872 1216 iudicis
884 1161 1093 1232 metropolitani
1107 1161 1204 1217 eadem
1218 1159 1384 1231 episcopalis
1396 1159 1488 1214 Curia

302 1269 551 1334 animadvertebat,
572 1269 674 1325 dictam
693 1270 861 1326 ualentiam
881 1270 953 1324 falso
978 1269 1122 1340 supposito
1146 1269 1289 1324 laborare:
1309 1283 1432 1338 namquo
1454 1267 1486 1322 in

302 1395 338 1434 sa
356 1377 427 1432 falso
445 1377 610 1448 supponitur
632 1377 791 1432 institutum
814 1377 901 1432 luisse
925 1377 1148 1448 inquisitionem,
1167 1385 1199 1431 ut
1224 1375 1367 1431 Par-ochus
1392 1393 1489 1445 poena

303 1481 473 1553 plecteretur
490 1481 590 1549 culpae
609 1481 826 1550 proportionata
837 1481 898 1535 Non
916 1480 993 1535 aliud
1011 1481 1146 1552 siquidem
1165 1484 1259 1536 actum
1277 1483 1379 1546 fuerat,
1399 1497 1488 1551 quam

303 1593 335 1644 ut
352 1588 557 1654 decerneretur,
574 1603 630 1658 quc
648 1587 780 1654 remedie,
799 1589 881 1642 rebus
900 1588 928 1641 in
947 1604 983 1642 ea
1000 1587 1135 1658 parochia
1151 1589 1263 1642 funesto
1281 1587 1397 1642 dissidio
1416 1603 1488 1642 con-

302 1695 432 1760 turbatis,
452 1711 501 1765 per
524 1695 635 1748 modum
660 1697 827 1765 provisionis
851 1695 1093 1751 administrativae
1117 1695 1318 1750 occurrendum
1344 1701 1427 1750 esset
1454 1696 1486 1748 ln

303 1803 399 1858 eadem
419 1803 529 1874 iusuper
549 1805 689 1858 sententia
708 1803 778 1858 {also
796 1803 914 1874 supponi
927 1803 1072 1860 dicebatur
1091 1803 1126 1858 ad
1145 1803 1278 1858 eiusmodi
1295 1803 1488 1874 provisionem

302 1910 426 1965 deveniri
444 1925 479 1965 ex
498 1911 560 1966 iure
579 1927 635 1966 non
654 1927 742 1980 posse,
760 1911 813 1966 nisi
832 1915 916 1966 anisa
935 1916 1079 1966 constaret
1096 1910 1185 1964 solius
1203 1909 1324 1964 Par-ochi
1344 1909 1438 1980 culpa,
1452 1927 1489 1964 ea

305 2014 456 2084 contigisse
475 2013 558 2076 mala,
578 2016 678 2086 quibus
704 2015 854 2070 remedium
879 2020 941 2070 erat
966 2015 1152 2070 afferendum:
1172 2015 1246 2086 qnod
1270 2031 1326 2070 non
1352 2013 1489 2068 convenit

304 2136 367 2176 cum
386 2119 429 2183 iis,
447 2136 519 2193 quae
537 2121 571 2173 ad
590 2120 788 2175 consulendum
808 2121 1014 2176 ecclesiasticae
1027 2121 1263 2178 administrationi
1282 2127 1367 2178 cauta
1379 2123 1409 2174 in
1424 2121 1487 2175 iure

306 2231 378 2282 sunt.
399 2227 469 2288 Quin
489 2227 545 2281 imo
564 2227 742 2282 innocentius
755 2227 791 2282 lll
807 2229 960 2299 oap10ce
972 2230 1091 2284 Renum.
1105 2229 1162 2282 ait:
1176 2243 1193 2282 c
1207 2229 1326 2298 Propter
1344 2228 1487 2282 malitiam

303 2339 428 2388 «autem
448 2333 537 2404 plebis
555 2335 666 2400 cogitur
685 2335 824 2390 interdum
844 2335 991 2391 Praelatus
1009 2337 1045 2390 ab
1064 2336 1152 2406 ipsius
1170 2337 1306 2406 regimina
1331 2335 1486 2400 declinare,

304 2441 444 2512 <quando
462 2440 541 2510 plebs
559 2441 629 2496 adeo
647 2442 732 2496 duras
751 2443 869 2498 cervicis
887 2442 994 2506 existit,
1013 2447 1041 2497 et
1060 2443 1089 2497 in
1109 2441 1263 2498 rebellione
1282 2460 1333 2496 sua
1355 2443 1396 2498 ita
1418 2459 1487 2512 per-

305 2563 323 2604 ‹
336 2549 414 2603 tinas
433 2548 583 2614 invenitur,
602 2553 633 2603 ut
652 2550 786 2619 proficere
805 2554 926 2620 nequeat
945 2549 1016 2619 apud
1031 2550 1131 2620 ipsum,
1143 2549 1190 2604 sed
1204 2553 1318 2620 propter
1331 2550 1392 2604 sius
1404 2549 1487 2604 duri-

305 2657 412 2724 ‹tiem,
431 2672 488 2726 quo
506 2655 595 2724 magis
613 2655 725 2724 satagit,
744 2670 779 2710 eo
797 2655 887 2726 magis
905 2654 979 2709 iusto
998 2655 1101 2710 iudicio
1120 2655 1241 2710 deficere
1263 2656 1446 2725 permittatur
1458 2671 1487 2714 a.

307 2761 382 2816 llaec
393 2761 505 2832 quidem
518 2762 627 2832 sancita
645 2766 743 2816 extant
761 2761 836 2816 circa
849 2760 1004 2816 Perochum
1018 2761 1133 2816 omnino
1146 2761 1294 2828 insontem,
1313 2778 1385 2833 quae
1399 2763 1490 2816 maio·

307 2885 365 2923 rem
384 2867 440 2922 vim
460 2867 563 2922 habere
581 2867 697 2922 dicenda
715 2868 827 2933 suntsi
846 2867 988 2922 Perochus
998 2867 1026 2921 in
1041 2867 1177 2936 pertinaci
1192 2867 1256 2922 odio
1269 2867 1359 2938 plebis
1371 2869 1489 2924 omuino

306 2975 401 3030 insons
414 2991 468 3028 non
482 2975 644 3044 reperiatur.
657 2975 754 3030 Plures
766 2979 861 3030 autem
874 2974 971 3044 culpas
980 2976 1143 3046 recognovit
1153 2991 1186 3030 nc
1199 2981 1346 3032 enumerat
1358 2975 1418 3046 ipse
1429 2993 1490 3031 me·

306 3081 493 3151 tropolitanns
512 3082 604 3147 ludex,
617 3083 743 3152 quamvis
761 3085 887 3138 caeteras
900 3083 986 3136 nimia
998 3082 1138 3136 facilitate
1150 3097 1284 3138 excusare
1298 3083 1374 3138 visus
1392 3085 1489 3139 fuerit.

378 3187 421 3241 nd
440 3188 563 3244 desectus
575 3189 647 3259 quod
660 3189 763 3244 attinet
775 3189 803 3243 in
817 3193 930 3258 peracto
942 3189 1093 3242 summario
1106 3205 1238 3258 processu
1250 3190 1380 3245 inventos
1393 3189 1490 3245 obser&

307 3297 524 3364 vabaturinxta
542 3295 725 3350 Reiffenstuel
745 3296 764 3350 l.
786 3298 809 3349 5
825 3299 865 3350 tit.
886 3297 900 3350 1
919 3301 945 3361 5.
965 3300 984 3349 4
1003 3315 1030 3349 n.
1050 3297 1121 3350 209.
1142 3297 1232 3366 Engel
1250 3298 1294 3352 ius
1313 3315 1376 3352 con.
1389 3299 1487 3353 eodm

310 3403 362 3464 icc.
391 3401 609 3470 publicationem
635 3402 746 3455 testium
769 3417 818 3456 reo
841 3401 903 3455 fieri
928 3417 983 3456 non
1006 3401 1110 3457 debere
1134 3402 1157 3456 ai
1183 3403 1251 3472 ipsis
1275 3402 1376 3458 exindo
1401 3417 1489 3472 grave

308 3505 468 3560 immineret
487 3505 641 3576 periculum
660 3507 705 3562 vel
724 3507 943 3572 incommodum3
962 3507 1035 3578 quod
1061 3508 1175 3578 insuper
1199 3525 1233 3563 ex
1258 3508 1338 3579 praxi
1363 3507 1489 3563 eiusdem

308 3613 442 3669 dioecesis
460 3613 563 3668 servari
584 3614 673 3670 solere
691 3614 844 3669 dicebatur.

315 3745 319 3751 ·
365 3721 527 3780 Caeterum
547 3720 570 3774 si
590 3721 754 3776 omissiones
771 3735 842 3792 quae
862 3737 1006 3791 processus
1024 3723 1212 3778 substantiam
1236 3728 1396 3794 tangerent,
1416 3723 1490 3780 irre·

310 3824 437 3901 psissent,
456 3841 509 3896 nop
530 3825 591 3880 ideo
611 3825 717 3880 absolvi
738 3843 811 3891 rsus,
824 3826 872 3881 sed
890 3839 1037 3896 processus
1055 3828 1179 3898 suppleri
1192 3827 1343 3895 debuisset,
1357 3845 1393 3883 nc
1406 3827 1490 3899 culpa

308 3931 407 4002 iudicis
426 3933 454 3986 in
474 3932 673 3986 detrimontum
691 3931 861 3988 christianae
880 3934 1052 4004 reipublicae
1072 3933 1193 3990 cederet.

380 4036 500 4092 Gradum
521 4041 667 4107 praeterea
685 4038 790 4100 iaciens
808 4038 975 4109 episcopalis
1000 4038 1085 4093 Curia
1103 4039 1138 4093 ad
1156 4039 1345 4097 defensionem
1370 4041 1491 4097 alterius

308 4143 465 4214 sententiae
485 4159 540 4214 qun
558 4143 672 4198 decreta
689 4148 740 4208 est,
758 4160 809 4214 per
833 4145 944 4198 modum
969 4144 1145 4215 provisionis,
1165 4111 1294 4201 benificii
1319 4147 1492 4217 parochialis

311 4250 541 4322 permutandos
558 4250 737 4316 innitebatur
761 4251 866 4322 pariter
890 4255 981 4310 causis
1006 4253 1113 4308 dissidii
1142 4257 1172 4308 et
1198 4253 1353 4309 aversionis
1377 4255 1407 4310 in
1432 4255 1492 4311 dies

311 4355 401 4410 auctis
421 4358 456 4410 ob
476 4357 599 4412 eiusdem
616 4357 736 4414 Perochi
756 4359 953 4430 arrogantiam.
