3266 5102
292 261 356 328 122
584 281 668 327 ruas
692 281 713 325 1.
739 281 784 326 nn
807 279 964 327 numcrrs
988 281 1031 328 uu
1054 281 1173 328 renuis

288 408 403 485 cessat,
416 425 480 468 non
504 409 628 470 tantum
651 405 806 490 nepetiue
829 404 887 470 sed
903 405 1082 477 contrarie,
1099 404 1155 470 lex
1170 406 1246 487 vim,
1260 405 1293 468 in
1310 405 1366 470 illo
1382 425 1469 486 casu,

289 529 411 594 habere
435 548 499 592 non
523 533 636 613 potest.
661 530 755 596 Ratio
780 530 866 594 enim
891 529 973 616 legis
996 549 1061 593 non
1085 534 1134 594 est
1156 529 1221 610 lex,
1247 533 1280 594 et
1303 529 1358 594 lex
1382 530 1469 615 riget

196 697 197 700 κ
289 655 435 738 quamvis
458 653 593 738 amplius
620 673 684 717 non
715 653 864 718 videatur
898 651 1096 738 respondere
1123 653 1241 717 rationi
1265 671 1347 736 quae
1370 654 1471 718 movit

289 778 525 864 legislatorem3
557 777 613 843 sed
644 779 907 863 quotiescumque
930 779 1081 864 exlegis
1113 777 1319 844 observantia
1350 779 1469 843 malum

289 908 458 988 sequatur,
487 903 570 967 ratio
601 903 682 987 legis
714 908 820 967 cessat
850 922 895 969 ecc
927 902 1062 968 ratione
1092 903 1346 970 contrariorum
1352 923 1368 986 ;
1395 904 1471 987 quia

287 1026 455 1112 legislator
489 1026 608 1090 malum
643 1025 812 1091 intendere
845 1047 908 1091 non
942 1030 1088 1112 poterat,
1120 1046 1339 1111 quaecumque
1371 1026 1473 1092 fuerit

289 1152 371 1216 ratio
395 1169 477 1234 quae
499 1149 677 1234 legislatori
705 1150 810 1235 legem
842 1150 955 1216 iubere
986 1152 1160 1236 persuasit;
1185 1157 1218 1216 et
1247 1151 1378 1237 planum
1410 1154 1469 1217 est.

377 1271 556 1338 Praeterea
579 1273 750 1357 aliquando
775 1271 810 1340 dt
834 1276 997 1341 restrictio
1022 1295 1065 1339 ex
1079 1275 1228 1344 subiecto
1242 1275 1399 1350 materia,
1416 1275 1468 1338 vel

289 1419 348 1484 per
371 1399 642 1484 comparationem
659 1399 706 1463 ud
722 1399 827 1463 aliona
853 1399 970 1484 legem.
986 1400 1064 1464 -De
1080 1401 1285 1466 restrictione
1302 1419 1345 1462 ex
1360 1397 1469 1464 subie-

289 1529 343 1590 ctu
366 1524 512 1590 materia
543 1523 727 1608 exemplum
751 1524 903 1609 praebuit
929 1525 985 1589 lex
1008 1525 1148 1611 adigere
1170 1522 1201 1588 ff.
1227 1525 1277 1590 De
1299 1524 1376 1589 iure
1395 1529 1467 1606 put.

289 1647 341 1714 ubi
355 1647 547 1734 prohibetur
562 1653 718 1734 patronus
733 1649 905 1732 quominus
921 1649 1071 1714 libertum
1091 1648 1300 1714 iureiurando
1316 1654 1411 1734 cogat
1426 1668 1469 1712 ne

289 1794 425 1839 uxorem
448 1773 562 1848 ducat;
580 1779 612 1837 et
628 1773 836 1839 nihilominus
859 1773 980 1838 dicitur
1004 1773 1149 1845 inferius,
1171 1794 1235 1839 non
1259 1779 1468 1858 peccaturum

287 1919 361 1964 eum
385 1899 438 1983 qui
462 1898 527 1962 tale
550 1899 763 1962 iuramentum
780 1898 928 1982 exigeret
944 1918 964 1961 a
980 1897 1097 1963 liberto
1116 1898 1279 1964 muncho.
1305 1897 1368 1962 Hic
1384 1899 1468 1962 enim

288 2020 371 2086 lilios
394 2039 570 2106 procreare
594 2041 659 2084 non
683 2021 777 2085 ralet.
798 2057 815 2069 -
834 2022 886 2086 Ex
911 2022 1167 2104 comparatione
1182 2021 1223 2086 ad
1239 2021 1336 2084 aliam
1352 2021 1466 2106 legem.

288 2145 323 2212 iit
346 2147 508 2213 restrictio
531 2145 583 2209 vel
608 2167 650 2210 ex
682 2146 789 2230 aliqua
814 2147 961 2231 generali
985 2147 1099 2232 regula
1129 2147 1224 2221 iuris;
1248 2145 1302 2211 vel
1329 2145 1470 2230 exlege

288 2290 453 2356 expressa.
473 2306 490 2317 -
512 2269 542 2356 1)
560 2268 614 2334 Ex
630 2270 745 2355 regula
762 2271 858 2345 iuris;
877 2275 992 2354 utputa
1006 2290 1052 2336 erc
1065 2291 1134 2358 rep.
1151 2272 1193 2337 81
1210 2271 1282 2334 lur.
1300 2271 1337 2334 in
1354 2270 1377 2334 6
1395 2270 1471 2334 ‹ln

287 2395 442 2481 generali
473 2394 685 2461 concessione
714 2414 785 2460 non
816 2395 957 2461 ueniunt
987 2414 1028 2461 en
1058 2415 1147 2480 puae
1180 2395 1255 2480 puis
1285 2413 1357 2460 non
1387 2399 1471 2459 esset
1558 2407 1565 2419 ·

287 2519 325 2584 in
347 2519 456 2602 speeie
479 2519 716 2585 verosimiliter
740 2539 1007 2586 concessurus».
1027 2520 1118 2586 Unde
1134 2525 1276 2585 statuere
1292 2539 1471 2604 possumus,

287 2645 497 2731 ingenerati
528 2643 755 2728 prohibitione,
787 2646 840 2709 vel
869 2651 1044 2731 praecepto
1076 2666 1141 2709 non
1171 2645 1286 2738 uenire
1317 2664 1356 2709 ea
1387 2661 1472 2727 quae

288 2769 447 2854 Princeps
477 2789 540 2833 non
573 2773 658 2833 esset
686 2769 722 2833 in
746 2769 856 2852 specie
886 2770 1108 2854 prohibiturus
1139 2768 1192 2834 vel
1223 2773 1470 2855 praecepturus.

289 2894 361 2978 Ipse
385 2894 536 2978 princeps
559 2913 624 2956 non
649 2893 749 2957 semel
773 2895 931 2978 exprimit
958 2894 991 2957 in
1017 2894 1091 2979 lege
1121 2893 1261 2976 aliquam
1292 2892 1471 2957 restrictio-

287 3037 378 3098 nem3
402 3018 486 3082 unde
509 3019 543 3101 2)
568 3037 610 3083 ex
641 3019 714 3103 lege
745 3038 901 3103 expressa
932 3018 1102 3102 aliquando
1132 3016 1212 3082 fiunt
1236 3018 1472 3096 restrictionem

287 3143 386 3207 veluti
410 3143 452 3207 eir
475 3143 548 3228 lege
572 3163 647 3225 cup.
666 3141 689 3205 4
707 3141 1148 3227 ceremonensem,
1168 3141 1223 3228 11)
1244 3162 1307 3226 qua
1330 3140 1472 3205 edictum

288 3267 357 3349 fuit,
375 3268 561 3350 Episcopus
576 3273 606 3331 et
621 3267 707 3333 ulios
728 3265 929 3349 Superiores
944 3265 1125 3333 Praetutos
1140 3287 1211 3332 non
1227 3264 1473 3349 comprehendi

288 3393 324 3456 in
348 3394 420 3478 tepe
442 3392 571 3474 ferente
595 3378 759 3458 censuros
781 3390 826 3478 (l)
851 3391 918 3457 nisi
940 3391 1145 3458 nominatim
1169 3390 1423 3474 reprimantur.
1452 3425 1471 3436 -

288 3517 389 3581 Nemo
411 3535 476 3580 non
501 3515 589 3581 videt
615 3516 712 3581 facile
744 3533 815 3580 esse
838 3535 1039 3600 cognoscere
1062 3515 1144 3600 legis
1174 3516 1397 3580 restrictiones
1419 3514 1471 3576 in-

289 3638 401 3706 ductas
431 3659 475 3704 ex
506 3639 579 3725 lege
610 3657 766 3723 expressa
789 3640 821 3702 in
846 3640 1124 3724 comparationem
1153 3638 1193 3703 ad
1216 3638 1323 3704 aliena
1349 3638 1473 3724 legera·

289 3761 432 3848 (Suarez,
457 3763 477 3828 1.
502 3785 528 3829 c.
556 3762 600 3846 7),
626 3763 681 3827 sed
706 3781 776 3827 esse
807 3761 939 3828 difficile
962 3771 996 3830 et
1024 3763 1240 3850 periculosum
1271 3780 1474 3847 cognoscere

288 3908 331 3953 ex
356 3889 594 3974 comparatione
618 3907 691 3951 cum
715 3886 852 3969 quadam
876 3888 1023 3974 generali
1047 3887 1162 3973 regula
1185 3887 1275 3952 iuris.

360 4191 399 4260 (l)
419 4191 449 4242 ln
468 4189 542 4242 dicto
555 4188 646 4256 capite
660 4203 788 4256 expresse
802 4188 834 4239 lit
847 4187 952 4240 mentio
966 4185 999 4241 de
1013 4203 1130 4241 censura
1141 4186 1330 4256 suspensionis
1344 4188 1374 4239 et
1386 4185 1476 4239 inler-

288 4299 369 4364 dicu';
387 4302 416 4352 et
435 4312 484 4349 nos
503 4312 552 4348 suo
571 4293 632 4348 loco
651 4293 819 4359 docebimus,
839 4293 984 4347 Pontificis
1002 4294 1144 4348 decretum
1158 4291 1310 4346 nullimode
1323 4308 1353 4346 se
1366 4293 1475 4348 referre

289 4403 323 4458 ad
342 4421 485 4461 censuram
506 4402 806 4457 excommunicationis.
