3290 5100
556 294 598 340 ns
623 291 776 340 nemoris
800 291 842 338 nr
867 291 986 338 renuis
1291 272 1358 339 523

183 415 316 483 ficiariis
338 419 391 483 vel
414 418 455 483 ab
478 419 549 484 aliis
572 419 722 504 legitimis
752 415 1066 483 administratoribus
1095 420 1152 480 aut
1181 417 1249 500 ipsa
1275 416 1360 481 bona

185 549 339 628 usurpata
363 563 445 628 qnae
468 543 507 609 ab
531 542 841 609 administratoribus
857 543 909 608 vel
926 540 966 608 ab
985 541 1182 627 emptoribus
1198 561 1240 606 ex
1264 543 1360 606 venia

185 667 216 733 S.
230 667 321 735 Sedis
338 670 408 734 iure
423 669 655 754 possideantur,
669 670 853 735 alienentur
864 669 985 754 absque
1001 668 1254 734 solemnitatibus
1269 687 1360 754 prae·

184 795 313 880 scriptis
338 797 369 860 in
394 797 529 860 Extrav.
548 795 763 868 Ambitiosae,
780 800 857 860 tunc
880 797 990 862 taliter
1012 795 1200 862 alienantes
1223 800 1256 860 et
1278 795 1360 860 reei-

181 937 266 1002 pcre
277 927 536 1002 praesumentes
550 922 722 986 incurrunt
737 921 1099 986 excommunicationem
1116 921 1236 985 nemini
1253 938 1357 984 reser-

185 1049 310 1118 vatam;
327 1063 422 1128 qnam
438 1041 641 1108 confirmavit
657 1042 765 1110 Const.
783 1041 847 1125 Ap.
862 1042 959 1108 Sedis
974 1043 1032 1108 sub
1050 1063 1079 1106 n.
1093 1044 1115 1107 3
1131 1043 1218 1108 inter
1234 1061 1358 1106 excom-

186 1169 417 1232 municationes
447 1169 567 1232 nemini
599 1172 793 1239 reservatas,
822 1165 1003 1232 decernens
1033 1167 1141 1232 taliter
1172 1169 1360 1230 censuratos

188 1292 418 1360 ‹Attenantes
456 1299 487 1360 et
522 1294 674 1378 recipere
707 1299 965 1376 praemanentes
1003 1294 1091 1361 bona
1125 1291 1360 1386 Ecclesiastico

186 1417 312 1503 absque
327 1419 533 1502 beneplacito
550 1419 741 1502 Apostolico
761 1419 808 1484 ad
829 1418 981 1502 sormam
996 1417 1265 1503 Entraoapantis
1282 1418 1359 1480 Am-

186 1543 321 1610 bitiosae
345 1581 364 1593 -
382 1545 431 1610 De
454 1544 534 1611 neo.
560 1547 648 1611 Eccl.
672 1563 743 1612 non
766 1543 963 1610 alienandis
981 1579 998 1591 -
1017 1565 1046 1608 ».

186 1867 326 1918 communi
345 1863 398 1918 DD.
417 1866 552 1919 sententia
570 1867 643 1919 bona
661 1867 786 1933 mobilia,
806 1881 854 1935 per
873 1881 911 1928 se,
932 1879 991 1917 esse
1009 1864 1038 1918 in
1058 1863 1232 1929 commercio,
1249 1867 1277 1916 et
1296 1863 1360 1917 binc

185 1968 305 2022 transire
323 1968 351 2022 in
371 1970 569 2038 proprietatem
589 1969 793 2040 acquirentinm
812 1969 859 2024 esd
879 1973 973 2022 tamen
988 1967 1187 2036 proprietatem
1206 1981 1267 2020 esse
1284 1983 1360 2020 reso·

188 2075 305 2128 tuditem
330 2079 359 2129 et
379 2077 584 2140 revocabilem
601 2075 704 2147 quippe
728 2076 750 2129 si
777 2075 904 2130 domiuus
928 2074 1005 2128 fundi
1030 2073 1162 2129 restituat
1187 2073 1306 2142 pretium
1326 2074 1360 2125 ab

186 2185 311 2250 emptore
335 2181 467 2248 solutum,
493 2181 538 2236 hic
563 2199 622 2237 rem
647 2183 759 2238 domino
786 2184 934 2238 restituere
958 2182 1048 2236 debet.
1070 2211 1084 2220 -
1111 2181 1150 2235 De
1175 2181 1361 2234 immobilibus

186 2291 279 2343 autem
299 2289 407 2356 statuit,
426 2287 496 2342 haec
514 2288 600 2343 semel
620 2292 753 2358 usurpata
779 2305 832 2342 non
858 2305 918 2343 esse
937 2291 966 2342 in
985 2289 1160 2352 commercio,
1179 2287 1235 2340 sed·
1251 2302 1360 2354 semper

186 2397 308 2451 clamare
326 2397 359 2450 ad
378 2397 520 2450 dominum
540 2398 584 2450 cui
603 2397 740 2452 reddenda
758 2401 824 2451 sunt
843 2395 921 2450 nullo
936 2396 1060 2466 expetito
1074 2396 1164 2465 pretio
1178 2394 1326 2464 emptionis
1345 2412 1361 2447 a

188 2523 343 2576 possessore
363 2506 499 2562 exsoluto.
514 2507 588 2562 Haec
601 2506 688 2562 veluti
709 2508 772 2576 lege
791 2506 916 2577 generali
931 2506 1139 2576 praecipiuntur
1151 2505 1243 2575 capite
1260 2505 1301 2571 18,
1320 2507 1362 2560 Dc

186 2625 251 2667 rest.
276 2614 347 2684 spot.
370 2615 399 2668 X
416 2613 461 2685 (ll,
483 2613 526 2685 13)
545 2614 616 2685 quod
642 2618 727 2684 caput
751 2616 811 2669 fuse
835 2630 886 2668 suo
911 2614 973 2667 loco
997 2612 1206 2683 explicavimus.
1226 2611 1287 2666 Vol.
1306 2611 1325 2664 l.
1345 2642 1360 2652 -

188 2724 307 2779 Proinde
325 2723 415 2794 quoad
435 2741 478 2778 res
497 2723 673 2790 annonarias,
692 2724 782 2794 quoad
802 2725 918 2788 tructus,
936 2723 964 2776 in
984 2737 1096 2792 genere,
1114 2721 1262 2776 fundorum
1281 2737 1361 2774 usur·

188 2832 314 2898 patarum
337 2829 428 2884 teneri
453 2828 544 2894 debet,
564 2827 631 2883 haec
657 2827 777 2882 transire
795 2829 825 2882 in
845 2828 954 2896 plenam
981 2826 1180 2896 proprietatem
1206 2829 1361 2895 emptorum

186 2933 233 2987 sed
260 2933 310 2988 hos
335 2949 449 3003 peccare
474 2938 504 2989 et
522 2951 667 2988 censuram
692 2933 778 2988 etiam
802 2933 953 2999 incurrere,
973 2931 996 2985 si
1015 2931 1086 2987 haec
1110 2935 1235 2986 ementes
1258 2929 1361 2984 sintin

187 3040 262 3094 mala
280 3041 332 3094 tide
346 3045 375 3094 et
387 3045 558 3109 cognoscant
570 3057 600 3094 se
613 3039 773 3094 scandalum
789 3055 887 3108 parere
900 3038 1029 3092 fidelibus
1048 3041 1077 3093 et
1096 3042 1274 3108 usurpatores
1286 3037 1362 3091 adiu·

187 3164 253 3202 vare
273 3151 304 3201 ut
323 3139 473 3217 persistant
492 3147 519 3200 in
540 3148 727 3217 usurpatione.
742 3147 920 3201 indemnitati
941 3146 1083 3201 Ecclesiae
1098 3145 1243 3200 consulere
1261 3145 1364 3201 debent

187 3254 210 3307 si
230 3270 347 3309 resnou
367 3254 441 3308 iusto
460 3254 551 3322 pretio
572 3253 698 3308 emerint.
718 3253 760 3306 lta
779 3252 894 3306 limitari
919 3253 1004 3307 debet
1027 3253 1167 3307 sententia
1191 3268 1273 3322 quam
1297 3255 1362 3306 aute

187 3362 373 3431 exposuimus.
399 3361 438 3413 cf.
466 3359 638 3415 D'Annibale
660 3361 678 3412 t.
701 3378 724 3414 c.
746 3379 773 3414 n.
794 3359 846 3425 97,
869 3369 923 3414 not.
950 3361 1002 3413 65.
1022 3389 1037 3400 -
1058 3359 1181 3430 Denique
1206 3359 1272 3429 quia
1292 3359 1361 3414 inibi

187 3467 378 3522 consideratur
391 3467 496 3520 crimen
509 3466 683 3536 spoliationis
696 3465 741 3520 vel
754 3467 878 3521 detentio
895 3467 934 3520 rei
955 3465 1099 3535 spoliatae,
1113 3480 1167 3518 uon
1184 3463 1363 3532 comprehen-

187 3575 292 3629 duntur
305 3573 380 3628 hisce
393 3574 546 3628 canonibus
559 3574 605 3645 qui
620 3574 740 3628 decimas
757 3590 811 3628 non
823 3573 944 3638 solvunt,
957 3589 1026 3643 quos
1039 3571 1114 3625 Trid.
1126 3569 1232 3625 concil.
1244 3571 1363 3624 subiecit

188 3697 321 3736 censurae
340 3686 394 3752 far.
414 3691 481 3736 sent.
497 3681 525 3734 in
546 3697 614 3735 sess.
628 3682 682 3746 25,
701 3699 760 3751 cap.
775 3683 813 3734 15
827 3681 869 3735 De
887 3683 942 3752 ref.
959 3695 1048 3750 neque
1067 3677 1110 3732 illi
1129 3678 1176 3748 qui
1195 3677 1290 3732 debita
1308 3693 1363 3730 non

188 3789 301 3844 solvunt
326 3789 435 3844 clericis
461 3788 644 3856 beneficiatis,
667 3788 808 3856 Ecclesiis,
827 3787 896 3843 locis
916 3787 977 3858 piis,
996 3787 1038 3842 uti
1059 3785 1213 3842 declaravit
1232 3785 1258 3840 S.
1277 3786 1363 3855 cong.

189 3895 293 3950 Concil.
313 3899 342 3948 in
364 3897 472 3950 δοναηα
490 3895 534 3948 27
553 3895 622 3949 Feb.
643 3893 735 3962 1596,
754 3894 826 3964 apud
845 3893 1008 3963 Pignatelli,
1032 3895 1105 3948 Tem.
1126 3893 1154 3958 7,
1176 3891 1299 3946 Censuit.
1319 3893 1365 3960 11,-

189 4020 278 4074 neque
298 4004 456 4058 beneficiati
475 4003 521 4074 qui
543 4003 721 4072 pessumdant
734 4018 778 4057 res
796 4001 925 4056 beneficii
938 4001 991 4067 sui,
1003 4018 1067 4055 uam
1086 4000 1156 4056 haec
1174 4001 1287 4055 decreta
1305 4017 1365 4070 spe·

189 4115 267 4165 ctant
285 4111 320 4164 ad
339 4121 503 4178 extraneum
522 4111 593 4165 unde
606 4110 633 4164 S.
647 4109 732 4179 (long.
746 4107 828 4164 Gonc.
842 4113 873 4164 tn
886 4111 1042 4164 Feretrana
1055 4108 1127 4178 apud
1141 4107 1294 4179 Piguatslli
1308 4108 1326 4161 t.
1341 4126 1362 4161 c.

189 4216 357 4273 declaravit:
375 4231 393 4274 ‹
412 4219 472 4273 Hoc
496 4220 640 4273 maecum
664 4235 720 4271 non
744 4219 825 4273 habat
845 4218 937 4272 locum
961 4221 1072 4288 quando
1091 4219 1220 4271 dominus
1239 4217 1365 4286 beneficit

189 4325 279 4378 caedit
298 4326 414 4377 arbores
431 4325 597 4396 fructiferos
617 4335 642 4379 st
661 4324 729 4377 illos
747 4325 784 4377 ad
803 4325 977 4378 commodum
994 4326 1144 4394 propriam
1162 4325 1296 4377 convertit
1315 4324 1365 4376 scd

184 4435 313 4504 procedit
331 4436 361 4486 in
379 4435 527 4488 eumentes
545 4435 662 4488 arbores
680 4434 773 4486 animo
792 4433 913 4504 furandi
925 4447 950 4490 s.
