3306 5102
329 302 395 366 306
854 317 938 366 roas
961 319 983 364 1.

325 444 459 528 publice
483 442 652 510 celebrans
675 444 816 515 Missam,
841 443 1115 528 irregularitatem
1139 443 1279 509 incurrit
1301 464 1321 507 a
1342 464 1408 527 qua
1431 443 1504 526 Epi·
1632 433 1633 444 ’

328 589 442 653 scopus
459 573 563 652 potest
577 567 774 653 dispensare.
792 566 854 633 Sed
877 571 1026 632 econtra
1041 587 1111 632 eam
1128 565 1315 652 dispensare
1330 586 1396 630 non
1417 565 1503 630 valet

328 713 423 778 quam
446 693 585 758 incurrit
604 692 739 776 publice
762 693 1058 758 excommunicatus
1081 693 1207 759 occulte
1234 691 1405 758 celebrans
1429 689 1504 756 Mis·

328 835 412 890 sam;
429 817 474 880 ita
489 814 635 880 decrevit
655 814 690 879 S.
710 814 744 880 O.
764 815 798 879 C.
823 814 878 879 die
895 815 918 879 9
934 814 1024 897 Sept.
1040 814 1142 886 1582,
1160 812 1243 899 apud
1261 814 1451 899 Fagnanum
1467 815 1504 878 io

328 959 448 1006 comm.
462 939 509 1004 od
524 957 597 1021 cop.
612 938 644 1014 4,
665 937 748 1004 «De
763 937 904 1004 rotabit.
921 939 1001 1004 cler.
1017 943 1049 1004 et
1063 940 1146 1004 mol.
1162 959 1180 1000 »
1203 959 1236 1002 o.
1254 937 1321 1002 106
1335 957 1385 1024 sq.
1405 939 1504 1002 Nimi-

231 1041 232 1046 ἵ
328 1085 399 1130 rum
423 1064 574 1130 delictum
597 1063 694 1129 debet
717 1083 787 1128 esse
811 1062 970 1130 occultum
992 1063 1197 1146 formaliter.

461 1190 494 1276 7)
519 1189 654 1264 Quando
677 1193 710 1253 et
732 1187 889 1272 quomodo
912 1188 1116 1254 homicidium
1140 1189 1267 1255 dicatur
1287 1190 1503 1256 voluntarium

328 1317 505 1383 videbimus
527 1337 584 1382 suo
606 1316 689 1381 loco,

461 1443 495 1529 8)
511 1445 563 1528 At
585 1465 627 1512 ex
651 1442 906 1530 generalioribus
936 1441 1016 1505 iuris
1046 1441 1214 1526 principiis
1236 1439 1276 1506 ob
1299 1441 1432 1506 tacitam
1456 1461 1505 1504 su·

328 1572 429 1656 premi
460 1571 653 1657 legislatoris
683 1571 881 1636 voluntatem
910 1568 1097 1653 dispensare
1128 1571 1233 1653 potest
1262 1567 1441 1653 Episcopus
1473 1568 1503 1630 in

327 1697 453 1764 casibus
484 1695 586 1762 dubiis
610 1698 655 1761 uti
684 1716 782 1782 supra
812 1694 1027 1760 advertimus:
1055 1695 1096 1761 cf.
1122 1692 1326 1760 D’Aunibale
1346 1693 1388 1780 (l,
1413 1693 1504 1780 406).

328 1819 507 1884 Praeterea
530 1816 693 1903 dispensat
716 1819 749 1881 in
772 1817 899 1883 casibus
930 1837 993 1882 non
1024 1815 1127 1881 dubiis
1157 1816 1283 1901 quando
1308 1814 1503 1901 dispensatio

327 1967 391 2012 non
415 1942 537 2010 differri
561 1949 669 2030 posset
691 1946 760 2010 sine
785 1943 928 2029 periculo
952 1944 1046 2029 gravi
1069 1947 1124 2008 aut
1147 1942 1308 2008 scandalo.
1327 1944 1395 2006 lmo
1415 1943 1506 2007 nulla

327 2073 562 2157 dispensatione
586 2090 665 2156 opus
687 2075 772 2136 esset
795 2070 821 2134 si
845 2070 1070 2156 irregularitas
1093 2069 1163 2134 sine
1186 2069 1386 2136 incommodo
1411 2071 1505 2156 gravi

328 2195 526 2261 manifestari
544 2215 607 2258 non
624 2199 741 2279 posset,
759 2199 872 2280 utputa
886 2195 1112 2280 irregularitas
1135 2215 1178 2259 ex
1200 2194 1391 2271 homicidio;
1416 2194 1506 2259 nulla

327 2322 383 2386 lex
409 2321 493 2385 enim
516 2319 658 2383 humana
682 2317 801 2404 obligat
824 2339 896 2384 cum
920 2317 1099 2383 huiusmodi
1127 2318 1337 2383 incommodo.

460 2445 494 2531 9)
519 2446 703 2522 Quaeritur,
721 2465 763 2508 an
787 2447 820 2510 in
843 2465 920 2510 casu
935 2446 1135 2512 necessitatis
1159 2443 1360 2529 dispensatus
1375 2443 1417 2509 ab
1433 2445 1507 2529 Epi-

281 2601 287 2614 ·
326 2591 432 2656 scopo,
457 2569 572 2635 deinde
602 2591 682 2634 onus
713 2567 830 2634 habeat
861 2570 1053 2636 recurrendi
1076 2570 1116 2635 ed
1141 2570 1290 2636 Sanctam
1314 2569 1449 2644 Sedem;
1473 2575 1506 2634 et

306 2701 308 2706 '
328 2693 526 2760 D'Annibale
549 2695 593 2760 ita
617 2694 750 2759 resolvit
773 2695 990 2793 quaestionem
1008 2696 1029 2760 l.
1046 2716 1073 2761 c.
1091 2695 1173 2760 406.
1192 2715 1210 2760 s
1228 2694 1278 2760 Ad
1301 2694 1434 2760 ordines
1456 2717 1505 2760 su-

326 2820 505 2906 scipiendos
518 2818 708 2906 (Episcopus
720 2819 894 2906 dispensat)
909 2821 956 2885 sic
972 2827 1005 2886 et
1021 2818 1227 2906 simpliciter;
1244 2820 1284 2884 ad
1301 2820 1505 2886 exercendos

326 2950 361 3010 ut
384 2964 470 3018 reor,
494 2943 552 3008 sub
576 2963 615 3008 ea
639 2943 829 3026 conditione,
847 2951 882 3009 ut
904 2946 932 3010 is
955 2945 1008 3029 qui
1031 2945 1273 3031 irregularitate
1289 2945 1426 3020 laborat,
1453 2966 1503 3011 re·

326 3075 438 3137 currat
461 3070 693 3154 quamprimum
717 3071 756 3134 ad
783 3069 815 3134 S.
839 3070 952 3136 Sedem
971 3091 1000 3134 a.
1021 3071 1119 3136 Ratio
1135 3067 1338 3136 differentiae
1353 3078 1413 3153 est,
1431 3073 1505 3156 quia

325 3195 526 3281 irregularis,
552 3197 614 3259 iarn
638 3194 813 3268 ordinatus,
840 3195 904 3260 non
928 3194 1049 3280 indiget
1073 3197 1134 3260 nisi
1158 3200 1192 3260 ut
1215 3195 1345 3260 interim
1369 3192 1504 3261 effectus

324 3317 574 3404 irregularitatis
591 3317 814 3402 suspendatur,
831 3340 849 3383 e
865 3323 981 3385 contra
995 3309 1111 3406 quood
1121 3321 1397 3404 promovendum
1414 3341 1506 3406 opor-

325 3451 371 3512 tet
388 3445 540 3510 radicitus
557 3444 817 3529 impedimentum
834 3447 967 3511 auterre
978 3465 1041 3529 qno
1057 3445 1096 3510 ab
1109 3445 1275 3510 ordinibus
1290 3447 1504 3532 suscipiendis

325 3569 529 3656 prohibetur;
554 3570 602 3633 ius
626 3587 795 3634 commune
825 3575 933 3636 autern
964 3590 1028 3634 non
1058 3575 1209 3634 censetur
1238 3569 1421 3636 concedere
1445 3572 1504 3634 nisi
1632 3655 1633 3666 ἵ

324 3692 407 3776 quod
431 3694 648 3757 necessarium
673 3699 706 3757 et
730 3694 834 3757 minus
857 3699 915 3759 est.

460 3815 513 3900 10)
537 3816 619 3890 Quia
644 3818 820 3902 Episcopus
843 3817 907 3884 hac
930 3818 1031 3904 pollet
1053 3824 1210 3903 potestate
1227 3819 1403 3892 ordinaria,
1421 3821 1505 3886 haec
1632 3823 1633 3870 t

323 3945 551 4011 transmittitur
574 3944 610 4010 in
632 3945 804 4011 Vtcorium
830 3946 1063 4028 Capitalorcoo
1080 3947 1192 4010 nonin
1210 3947 1377 4012 Vicarium
1403 3967 1505 4032 gene·

323 4068 426 4132 ralem
449 4069 510 4132 nisi
527 4087 569 4132 ex
584 4069 716 4153 speciali
732 4069 881 4134 mandato
896 4073 953 4134 aut
975 4070 1007 4133 in
1030 4089 1107 4136 casu
1124 4071 1333 4144 necessitatis,
1352 4091 1396 4136 ex
1412 4092 1506 4158 prce-

322 4197 448 4276 sumpta
471 4194 647 4266 voluntate,
665 4193 791 4278 quando
814 4195 991 4280 Episcopus
1015 4195 1098 4260 adiri
1121 4215 1186 4260 non
1210 4198 1326 4281 possit:
1351 4197 1394 4262 cf.
1416 4197 1503 4263 Reii.

323 4317 351 4398 1,
375 4317 420 4382 tit.
447 4317 481 4390 2,
505 4337 539 4383 a.
563 4317 636 4383 474
659 4324 692 4384 et
714 4319 887 4404 Fagnanus
910 4321 943 4385 in
967 4339 1037 4407 cap.
1067 4321 1208 4389 Veniens
1230 4343 1263 4387 a.
1290 4323 1322 4395 7,
1348 4322 1398 4389 De
1420 4321 1503 4408 filiis

318 4440 606 4528 presbytororum.
