<?xml version="1.0" encoding="UTF-8"?>
<!DOCTYPE html PUBLIC "-//W3C//DTD XHTML 1.0 Transitional//EN"
    "http://www.w3.org/TR/xhtml1/DTD/xhtml1-transitional.dtd">
<html xmlns="http://www.w3.org/1999/xhtml" xml:lang="en" lang="en">
 <head>
  <title>
</title>
<meta http-equiv="Content-Type" content="text/html;charset=utf-8" />
  <meta name='ocr-system' content='tesseract 3.04.00' />
  <meta name='ocr-capabilities' content='ocr_page ocr_carea ocr_par ocr_line ocrx_word'/>
</head>
<body>
  <div class='ocr_page' id='page_1' title='image "./praelectionesin02legagoog_0082.png"; bbox 0 0 3312 5108; ppageno 0'>
   <div class='ocr_carea' id='block_1_1' title="bbox 532 281 1340 346">
    <p class='ocr_par' dir='ltr' id='par_1_1' title="bbox 532 281 1340 346">
     <span class='ocr_line' id='line_1_1' title="bbox 532 281 1340 346; baseline 0.005 -4"><span class='ocrx_word' id='word_1_1' title='bbox 532 297 576 342; x_wconf 81' lang='lat' dir='ltr'>ns</span> <span class='ocrx_word' id='word_1_2' title='bbox 601 296 755 344; x_wconf 80' lang='lat' dir='ltr'>nnurcrrs</span> <span class='ocrx_word' id='word_1_3' title='bbox 778 295 822 342; x_wconf 82' lang='lat' dir='ltr'>nr</span> <span class='ocrx_word' id='word_1_4' title='bbox 845 295 965 344; x_wconf 79' lang='lat' dir='ltr'>rannus</span> <span class='ocrx_word' id='word_1_5' title='bbox 1302 281 1340 346; x_wconf 81' lang='lat' dir='ltr'>ol</span> 
     </span>
    </p>
   </div>
   <div class='ocr_carea' id='block_1_2' title="bbox 162 417 1346 1002">
    <p class='ocr_par' dir='ltr' id='par_1_2' title="bbox 162 417 1346 1002">
     <span class='ocr_line' id='line_1_2' title="bbox 180 417 1344 492; baseline 0.004 -11"><span class='ocrx_word' id='word_1_6' title='bbox 180 473 190 488; x_wconf 85' lang='lat'><strong>,</strong></span> <span class='ocrx_word' id='word_1_7' title='bbox 255 419 308 482; x_wconf 77' lang='lat'>48.</span> <span class='ocrx_word' id='word_1_8' title='bbox 327 417 404 482; x_wconf 87' lang='lat' dir='ltr'>Cum</span> <span class='ocrx_word' id='word_1_9' title='bbox 422 419 570 484; x_wconf 83' lang='lat' dir='ltr'>Ecclesia</span> <span class='ocrx_word' id='word_1_10' title='bbox 585 421 722 484; x_wconf 89' lang='lat' dir='ltr'>crimina</span> <span class='ocrx_word' id='word_1_11' title='bbox 739 421 916 484; x_wconf 88' lang='lat' dir='ltr'>insectetur</span> <span class='ocrx_word' id='word_1_12' title='bbox 933 423 965 484; x_wconf 91' lang='lat' dir='ltr'>et</span> <span class='ocrx_word' id='word_1_13' title='bbox 980 419 1156 486; x_wconf 89' lang='lat' dir='ltr'>detestetur</span> <span class='ocrx_word' id='word_1_14' title='bbox 1180 421 1344 492; x_wconf 79' lang='lat' dir='ltr'><strong>directius,</strong></span> 
     </span>
     <span class='ocr_line' id='line_1_3' title="bbox 162 543 1343 631; baseline 0.004 -26"><span class='ocrx_word' id='word_1_15' title='bbox 162 561 229 606; x_wconf 91' lang='lat' dir='ltr'>non</span> <span class='ocrx_word' id='word_1_16' title='bbox 252 553 387 626; x_wconf 89' lang='lat' dir='ltr'>propter</span> <span class='ocrx_word' id='word_1_17' title='bbox 410 543 532 608; x_wconf 79' lang='lat' dir='ltr'>ordinis</span> <span class='ocrx_word' id='word_1_18' title='bbox 556 545 684 609; x_wconf 81' lang='lat' dir='ltr'>externi</span> <span class='ocrx_word' id='word_1_19' title='bbox 709 543 966 610; x_wconf 87' lang='lat' dir='ltr'>deturbationem</span> <span class='ocrx_word' id='word_1_20' title='bbox 990 544 1046 608; x_wconf 90' lang='lat' dir='ltr'>sed</span> <span class='ocrx_word' id='word_1_21' title='bbox 1069 545 1109 608; x_wconf 94' lang='lat' dir='ltr'>ob</span> <span class='ocrx_word' id='word_1_22' title='bbox 1133 545 1255 612; x_wconf 79' lang='lat' dir='ltr'>ordinis</span> <span class='ocrx_word' id='word_1_23' title='bbox 1278 547 1343 631; x_wconf 92' lang='lat' dir='ltr'>spi-</span> 
     </span>
     <span class='ocr_line' id='line_1_4' title="bbox 163 665 1345 752; baseline 0.003 -24"><span class='ocrx_word' id='word_1_24' title='bbox 163 665 295 730; x_wconf 90' lang='lat' dir='ltr'>ritualis</span> <span class='ocrx_word' id='word_1_25' title='bbox 317 686 374 730; x_wconf 89' lang='lat' dir='ltr'>seu</span> <span class='ocrx_word' id='word_1_26' title='bbox 398 667 538 732; x_wconf 91' lang='lat' dir='ltr'>iustitiae</span> <span class='ocrx_word' id='word_1_27' title='bbox 554 669 810 752; x_wconf 86' lang='lat' dir='ltr'>supernaturalis</span> <span class='ocrx_word' id='word_1_28' title='bbox 829 669 861 732; x_wconf 94' lang='lat' dir='ltr'>in</span> <span class='ocrx_word' id='word_1_29' title='bbox 878 667 1085 751; x_wconf 87' lang='lat' dir='ltr'>delinquente</span> <span class='ocrx_word' id='word_1_30' title='bbox 1101 669 1269 740; x_wconf 87' lang='lat' dir='ltr'>iacturam,</span> <span class='ocrx_word' id='word_1_31' title='bbox 1286 669 1345 734; x_wconf 86' lang='lat' dir='ltr'>sci·</span> 
     </span>
     <span class='ocr_line' id='line_1_5' title="bbox 163 791 1346 880; baseline 0.003 -26"><span class='ocrx_word' id='word_1_32' title='bbox 163 791 242 856; x_wconf 85' lang='lat' dir='ltr'>licet</span> <span class='ocrx_word' id='word_1_33' title='bbox 265 797 399 876; x_wconf 90' lang='lat' dir='ltr'>propter</span> <span class='ocrx_word' id='word_1_34' title='bbox 417 797 607 875; x_wconf 82' lang='lat' dir='ltr'>peccatum,</span> <span class='ocrx_word' id='word_1_35' title='bbox 635 793 710 856; x_wconf 90' lang='lat' dir='ltr'>hinc</span> <span class='ocrx_word' id='word_1_36' title='bbox 735 793 876 858; x_wconf 91' lang='lat' dir='ltr'>eiusdem</span> <span class='ocrx_word' id='word_1_37' title='bbox 908 813 1031 879; x_wconf 91' lang='lat' dir='ltr'>poenae</span> <span class='ocrx_word' id='word_1_38' title='bbox 1062 795 1164 878; x_wconf 85' lang='lat' dir='ltr'>magis</span> <span class='ocrx_word' id='word_1_39' title='bbox 1194 798 1346 880; x_wconf 82' lang='lat' dir='ltr'>satagunt</span> 
     </span>
     <span class='ocr_line' id='line_1_6' title="bbox 164 914 1343 1002; baseline 0.004 -25"><span class='ocrx_word' id='word_1_40' title='bbox 164 914 287 979; x_wconf 87' lang='lat' dir='ltr'>mederi</span> <span class='ocrx_word' id='word_1_41' title='bbox 323 915 511 980; x_wconf 79' lang='lat' dir='ltr'>vulneribus</span> <span class='ocrx_word' id='word_1_42' title='bbox 546 919 712 982; x_wconf 78' lang='lat' dir='ltr'>criminosi</span> <span class='ocrx_word' id='word_1_43' title='bbox 746 937 840 1002; x_wconf 91' lang='lat' dir='ltr'>quam</span> <span class='ocrx_word' id='word_1_44' title='bbox 875 919 1025 988; x_wconf 81' lang='lat' dir='ltr'>crimina,</span> <span class='ocrx_word' id='word_1_45' title='bbox 1050 939 1109 1002; x_wconf 87' lang='lat' dir='ltr'>per</span> <span class='ocrx_word' id='word_1_46' title='bbox 1143 918 1343 983; x_wconf 84' lang='lat' dir='ltr'>materialem</span> 
     </span>
    </p>
   </div>
   <div class='ocr_carea' id='block_1_3' title="bbox 84 1041 1347 1264">
    <p class='ocr_par' dir='ltr' id='par_1_3' title="bbox 84 1041 1347 1264">
     <span class='ocr_line' id='line_1_7' title="bbox 165 1041 1345 1129; baseline 0.003 -25"><span class='ocrx_word' id='word_1_47' title='bbox 165 1041 288 1106; x_wconf 88' lang='lat' dir='ltr'>ordinis</span> <span class='ocrx_word' id='word_1_48' title='bbox 318 1045 597 1116; x_wconf 82' lang='lat' dir='ltr'>restaurationem,</span> <span class='ocrx_word' id='word_1_49' title='bbox 622 1065 787 1109; x_wconf 87' lang='lat' dir='ltr'>coercere.</span> <span class='ocrx_word' id='word_1_50' title='bbox 812 1045 956 1110; x_wconf 86' lang='lat' dir='ltr'>Proinde</span> <span class='ocrx_word' id='word_1_51' title='bbox 987 1046 1018 1108; x_wconf 92' lang='lat' dir='ltr'>in</span> <span class='ocrx_word' id='word_1_52' title='bbox 1042 1044 1193 1110; x_wconf 87' lang='lat' dir='ltr'>Ecclesia</span> <span class='ocrx_word' id='word_1_53' title='bbox 1222 1063 1345 1129; x_wconf 90' lang='lat' dir='ltr'>poenae</span> 
     </span>
     <span class='ocr_line' id='line_1_8' title="bbox 84 1160 1347 1264; baseline 0.003 -40"><span class='ocrx_word' id='word_1_54' title='bbox 84 1241 93 1264; x_wconf 35' lang='grc' dir='ltr'>ι</span> <span class='ocrx_word' id='word_1_55' title='bbox 164 1161 198 1224; x_wconf 91' lang='lat' dir='ltr'>in</span> <span class='ocrx_word' id='word_1_56' title='bbox 223 1161 295 1224; x_wconf 86' lang='lat' dir='ltr'>loro</span> <span class='ocrx_word' id='word_1_57' title='bbox 320 1167 456 1228; x_wconf 89' lang='lat' dir='ltr'>externo</span> <span class='ocrx_word' id='word_1_58' title='bbox 491 1162 575 1228; x_wconf 86' lang='lat' dir='ltr'>latae</span> <span class='ocrx_word' id='word_1_59' title='bbox 598 1162 638 1228; x_wconf 89' lang='lat' dir='ltr'>ad</span> <span class='ocrx_word' id='word_1_60' title='bbox 661 1163 822 1247; x_wconf 87' lang='lat' dir='ltr'>punienda</span> <span class='ocrx_word' id='word_1_61' title='bbox 846 1165 992 1238; x_wconf 86' lang='lat' dir='ltr'>crimina,</span> <span class='ocrx_word' id='word_1_62' title='bbox 1017 1183 1077 1248; x_wconf 91' lang='lat' dir='ltr'>pro</span> <span class='ocrx_word' id='word_1_63' title='bbox 1105 1183 1162 1228; x_wconf 92' lang='lat' dir='ltr'>suo</span> <span class='ocrx_word' id='word_1_64' title='bbox 1185 1160 1250 1228; x_wconf 87' lang='lat' dir='ltr'>fine</span> <span class='ocrx_word' id='word_1_65' title='bbox 1280 1183 1347 1228; x_wconf 89' lang='lat' dir='ltr'>nou</span> 
     </span>
    </p>
   </div>
   <div class='ocr_carea' id='block_1_4' title="bbox 165 1287 1355 4361">
    <p class='ocr_par' dir='ltr' id='par_1_4' title="bbox 165 1287 1355 4361">
     <span class='ocr_line' id='line_1_9' title="bbox 165 1287 1347 1372; baseline 0.002 -22"><span class='ocrx_word' id='word_1_66' title='bbox 165 1287 346 1350; x_wconf 84' lang='lat' dir='ltr'>consistunt</span> <span class='ocrx_word' id='word_1_67' title='bbox 370 1287 403 1350; x_wconf 89' lang='lat' dir='ltr'>in</span> <span class='ocrx_word' id='word_1_68' title='bbox 426 1287 499 1350; x_wconf 87' lang='lat' dir='ltr'>foro</span> <span class='ocrx_word' id='word_1_69' title='bbox 522 1291 659 1353; x_wconf 88' lang='lat' dir='ltr'>externo</span> <span class='ocrx_word' id='word_1_70' title='bbox 683 1287 739 1351; x_wconf 91' lang='lat' dir='ltr'>sed</span> <span class='ocrx_word' id='word_1_71' title='bbox 763 1305 862 1372; x_wconf 81' lang='lat' dir='ltr'>agere</span> <span class='ocrx_word' id='word_1_72' title='bbox 886 1288 1055 1354; x_wconf 89' lang='lat' dir='ltr'>intendunt</span> <span class='ocrx_word' id='word_1_73' title='bbox 1070 1289 1103 1352; x_wconf 91' lang='lat' dir='ltr'>in</span> <span class='ocrx_word' id='word_1_74' title='bbox 1119 1288 1224 1352; x_wconf 88' lang='lat' dir='ltr'>forum</span> <span class='ocrx_word' id='word_1_75' title='bbox 1242 1289 1347 1352; x_wconf 89' lang='lat' dir='ltr'>inter-</span> 
     </span>
     <span class='ocr_line' id='line_1_10' title="bbox 169 1411 1347 1497; baseline 0.002 -23"><span class='ocrx_word' id='word_1_76' title='bbox 169 1429 247 1474; x_wconf 91' lang='lat' dir='ltr'>num</span> <span class='ocrx_word' id='word_1_77' title='bbox 272 1412 499 1492; x_wconf 87' lang='lat' dir='ltr'>conscientiae,</span> <span class='ocrx_word' id='word_1_78' title='bbox 515 1411 666 1476; x_wconf 92' lang='lat' dir='ltr'>nimirum</span> <span class='ocrx_word' id='word_1_79' title='bbox 689 1418 725 1477; x_wconf 90' lang='lat' dir='ltr'>ut</span> <span class='ocrx_word' id='word_1_80' title='bbox 748 1415 903 1497; x_wconf 85' lang='lat' dir='ltr'>peccator</span> <span class='ocrx_word' id='word_1_81' title='bbox 920 1413 985 1476; x_wconf 87' lang='lat' dir='ltr'>Deo</span> <span class='ocrx_word' id='word_1_82' title='bbox 1009 1417 1220 1476; x_wconf 85' lang='lat' dir='ltr'>convertatur</span> <span class='ocrx_word' id='word_1_83' title='bbox 1243 1417 1275 1476; x_wconf 92' lang='lat' dir='ltr'>et</span> <span class='ocrx_word' id='word_1_84' title='bbox 1297 1413 1347 1476; x_wconf 91' lang='lat' dir='ltr'>vi-</span> 
     </span>
     <span class='ocr_line' id='line_1_11' title="bbox 169 1536 1347 1623; baseline 0.002 -23"><span class='ocrx_word' id='word_1_85' title='bbox 169 1542 235 1619; x_wconf 77' lang='lat' dir='ltr'>vat,</span> <span class='ocrx_word' id='word_1_86' title='bbox 249 1543 283 1602; x_wconf 92' lang='lat' dir='ltr'>et</span> <span class='ocrx_word' id='word_1_87' title='bbox 298 1538 412 1622; x_wconf 85' lang='lat' dir='ltr'>reliqui</span> <span class='ocrx_word' id='word_1_88' title='bbox 429 1536 540 1604; x_wconf 87' lang='lat' dir='ltr'>fideles</span> <span class='ocrx_word' id='word_1_89' title='bbox 556 1558 575 1602; x_wconf 85' lang='lat' dir='ltr'>a</span> <span class='ocrx_word' id='word_1_90' title='bbox 591 1537 804 1623; x_wconf 90' lang='lat' dir='ltr'>delinquendo</span> <span class='ocrx_word' id='word_1_91' title='bbox 819 1557 876 1602; x_wconf 89' lang='lat' dir='ltr'>seu</span> <span class='ocrx_word' id='word_1_92' title='bbox 891 1558 910 1602; x_wconf 85' lang='lat' dir='ltr'>a</span> <span class='ocrx_word' id='word_1_93' title='bbox 926 1537 1090 1622; x_wconf 84' lang='lat' dir='ltr'>peccando</span> <span class='ocrx_word' id='word_1_94' title='bbox 1107 1538 1347 1605; x_wconf 87' lang='lat' dir='ltr'>deterreantur.</span> 
     </span>
     <span class='ocr_line' id='line_1_12' title="bbox 170 1663 1348 1748; baseline 0 -22"><span class='ocrx_word' id='word_1_95' title='bbox 170 1663 243 1726; x_wconf 89' lang='lat' dir='ltr'>Huc</span> <span class='ocrx_word' id='word_1_96' title='bbox 267 1663 433 1748; x_wconf 87' lang='lat' dir='ltr'>spectabat</span> <span class='ocrx_word' id='word_1_97' title='bbox 448 1665 484 1730; x_wconf 92' lang='lat' dir='ltr'>D.</span> <span class='ocrx_word' id='word_1_98' title='bbox 504 1665 595 1730; x_wconf 89' lang='lat' dir='ltr'>Pauli</span> <span class='ocrx_word' id='word_1_99' title='bbox 620 1665 786 1729; x_wconf 91' lang='lat' dir='ltr'>decretum</span> <span class='ocrx_word' id='word_1_100' title='bbox 807 1665 840 1728; x_wconf 92' lang='lat' dir='ltr'>in</span> <span class='ocrx_word' id='word_1_101' title='bbox 859 1663 1018 1728; x_wconf 85' lang='lat' dir='ltr'>Corinthii</span> <span class='ocrx_word' id='word_1_102' title='bbox 1041 1665 1266 1734; x_wconf 79' lang='lat' dir='ltr'>incestuosum,</span> <span class='ocrx_word' id='word_1_103' title='bbox 1284 1683 1348 1747; x_wconf 92' lang='lat' dir='ltr'>quo</span> 
     </span>
     <span class='ocr_line' id='line_1_13' title="bbox 168 1790 1349 1877; baseline 0.001 -22"><span class='ocrx_word' id='word_1_104' title='bbox 168 1793 236 1877; x_wconf 86' lang='lat' dir='ltr'>ipse</span> <span class='ocrx_word' id='word_1_105' title='bbox 260 1794 370 1857; x_wconf 87' lang='lat' dir='ltr'>statuit</span> <span class='ocrx_word' id='word_1_106' title='bbox 396 1793 567 1858; x_wconf 79' lang='lat' dir='ltr'>«tradere</span> <span class='ocrx_word' id='word_1_107' title='bbox 592 1791 787 1858; x_wconf 75' lang='lat' dir='ltr'>batinsmodi</span> <span class='ocrx_word' id='word_1_108' title='bbox 811 1791 962 1857; x_wconf 84' lang='lat' dir='ltr'>Satanae</span> <span class='ocrx_word' id='word_1_109' title='bbox 983 1791 1021 1856; x_wconf 84' lang='lat' dir='ltr'>in</span> <span class='ocrx_word' id='word_1_110' title='bbox 1044 1790 1217 1854; x_wconf 85' lang='lat' dir='ltr'>interitum</span> <span class='ocrx_word' id='word_1_111' title='bbox 1233 1791 1349 1856; x_wconf 80' lang='lat' dir='ltr'>cornis</span> 
     </span>
     <span class='ocr_line' id='line_1_14' title="bbox 167 1913 1347 2000; baseline -0.003 -18"><span class='ocrx_word' id='word_1_112' title='bbox 167 1923 206 1982; x_wconf 88' lang='lat' dir='ltr'>nt</span> <span class='ocrx_word' id='word_1_113' title='bbox 227 1918 368 2000; x_wconf 76' lang='lat' dir='ltr'>spir-itus</span> <span class='ocrx_word' id='word_1_114' title='bbox 391 1920 505 1983; x_wconf 84' lang='lat' dir='ltr'>suiuus</span> <span class='ocrx_word' id='word_1_115' title='bbox 527 1917 570 1984; x_wconf 85' lang='lat' dir='ltr'>sit</span> <span class='ocrx_word' id='word_1_116' title='bbox 592 1917 629 1982; x_wconf 87' lang='lat' dir='ltr'>in</span> <span class='ocrx_word' id='word_1_117' title='bbox 653 1917 708 1982; x_wconf 84' lang='lat' dir='ltr'>die</span> <span class='ocrx_word' id='word_1_118' title='bbox 730 1916 870 1984; x_wconf 73' lang='lat' dir='ltr'>Domina</span> <span class='ocrx_word' id='word_1_119' title='bbox 885 1939 916 1990; x_wconf 85' lang='lat'>›‚</span> <span class='ocrx_word' id='word_1_120' title='bbox 942 1936 1016 1998; x_wconf 86' lang='lat' dir='ltr'>cap.</span> <span class='ocrx_word' id='word_1_121' title='bbox 1038 1918 1071 1998; x_wconf 88' lang='grc'>5,</span> <span class='ocrx_word' id='word_1_122' title='bbox 1096 1917 1123 1980; x_wconf 87' lang='grc' dir='ltr'>Ι.</span> <span class='ocrx_word' id='word_1_123' title='bbox 1149 1917 1195 1981; x_wconf 88' lang='lat' dir='ltr'>ad</span> <span class='ocrx_word' id='word_1_124' title='bbox 1222 1913 1347 1982; x_wconf 69' lang='lat' dir='ltr'>Comnt.</span> 
     </span>
     <span class='ocr_line' id='line_1_15' title="bbox 169 2039 1348 2128; baseline -0.003 -22"><span class='ocrx_word' id='word_1_125' title='bbox 169 2043 261 2106; x_wconf 88' lang='lat' dir='ltr'>Haec</span> <span class='ocrx_word' id='word_1_126' title='bbox 285 2043 420 2106; x_wconf 90' lang='lat' dir='ltr'>intentio</span> <span class='ocrx_word' id='word_1_127' title='bbox 444 2043 507 2106; x_wconf 87' lang='lat' dir='ltr'>lori</span> <span class='ocrx_word' id='word_1_128' title='bbox 530 2044 658 2108; x_wconf 83' lang='lat' dir='ltr'>externi</span> <span class='ocrx_word' id='word_1_129' title='bbox 678 2042 822 2127; x_wconf 84' lang='lat' dir='ltr'>poenalis</span> <span class='ocrx_word' id='word_1_130' title='bbox 845 2041 1022 2128; x_wconf 86' lang='lat' dir='ltr'>attingendi</span> <span class='ocrx_word' id='word_1_131' title='bbox 1052 2039 1158 2105; x_wconf 85' lang='lat' dir='ltr'>forum</span> <span class='ocrx_word' id='word_1_132' title='bbox 1186 2042 1348 2104; x_wconf 90' lang='lat' dir='ltr'>internum</span> 
     </span>
     <span class='ocr_line' id='line_1_16' title="bbox 168 2163 1349 2252; baseline -0.002 -20"><span class='ocrx_word' id='word_1_133' title='bbox 168 2169 260 2251; x_wconf 90' lang='lat' dir='ltr'>quasi</span> <span class='ocrx_word' id='word_1_134' title='bbox 290 2189 382 2231; x_wconf 91' lang='lat' dir='ltr'>suum</span> <span class='ocrx_word' id='word_1_135' title='bbox 406 2165 511 2238; x_wconf 81' lang='lat' dir='ltr'>tinem,</span> <span class='ocrx_word' id='word_1_136' title='bbox 537 2163 641 2233; x_wconf 85' lang='lat' dir='ltr'>effecit</span> <span class='ocrx_word' id='word_1_137' title='bbox 666 2175 701 2232; x_wconf 90' lang='lat' dir='ltr'>ut</span> <span class='ocrx_word' id='word_1_138' title='bbox 724 2167 885 2252; x_wconf 90' lang='lat' dir='ltr'>prioribus</span> <span class='ocrx_word' id='word_1_139' title='bbox 909 2165 1078 2231; x_wconf 89' lang='lat' dir='ltr'>Ecclesiae</span> <span class='ocrx_word' id='word_1_140' title='bbox 1110 2165 1246 2230; x_wconf 89' lang='lat' dir='ltr'>saeculis</span> <span class='ocrx_word' id='word_1_141' title='bbox 1277 2165 1349 2230; x_wconf 84' lang='lat' dir='ltr'>lere</span> 
     </span>
     <span class='ocr_line' id='line_1_17' title="bbox 169 2287 1349 2374; baseline -0.003 -18"><span class='ocrx_word' id='word_1_142' title='bbox 169 2313 268 2356; x_wconf 93' lang='lat' dir='ltr'>unum</span> <span class='ocrx_word' id='word_1_143' title='bbox 291 2291 398 2356; x_wconf 87' lang='lat' dir='ltr'>sorum</span> <span class='ocrx_word' id='word_1_144' title='bbox 421 2291 461 2354; x_wconf 88' lang='lat' dir='ltr'>ab</span> <span class='ocrx_word' id='word_1_145' title='bbox 486 2291 548 2355; x_wconf 88' lang='lat' dir='ltr'>alio</span> <span class='ocrx_word' id='word_1_146' title='bbox 572 2292 609 2356; x_wconf 86' lang='lat' dir='ltr'>in</span> <span class='ocrx_word' id='word_1_147' title='bbox 631 2291 778 2357; x_wconf 65' lang='lat' dir='ltr'>materna</span> <span class='ocrx_word' id='word_1_148' title='bbox 789 2289 1024 2372; x_wconf 81' lang='lat' dir='ltr'>poenitentiali</span> <span class='ocrx_word' id='word_1_149' title='bbox 1047 2309 1111 2354; x_wconf 91' lang='lat' dir='ltr'>non</span> <span class='ocrx_word' id='word_1_150' title='bbox 1136 2287 1349 2374; x_wconf 81' lang='lat' dir='ltr'>distinguere-</span> 
     </span>
     <span class='ocr_line' id='line_1_18' title="bbox 168 2414 1349 2500; baseline -0.003 -18"><span class='ocrx_word' id='word_1_151' title='bbox 168 2423 234 2487; x_wconf 84' lang='lat' dir='ltr'>tur,</span> <span class='ocrx_word' id='word_1_152' title='bbox 259 2420 291 2479; x_wconf 90' lang='lat' dir='ltr'>et</span> <span class='ocrx_word' id='word_1_153' title='bbox 322 2414 418 2478; x_wconf 89' lang='lat' dir='ltr'>huius</span> <span class='ocrx_word' id='word_1_154' title='bbox 446 2414 632 2500; x_wconf 89' lang='lat' dir='ltr'>disciplinae</span> <span class='ocrx_word' id='word_1_155' title='bbox 663 2421 827 2500; x_wconf 89' lang='lat' dir='ltr'>postrema</span> <span class='ocrx_word' id='word_1_156' title='bbox 849 2415 986 2498; x_wconf 86' lang='lat' dir='ltr'>vestigia</span> <span class='ocrx_word' id='word_1_157' title='bbox 1017 2415 1226 2479; x_wconf 86' lang='lat' dir='ltr'>inveniuntur</span> <span class='ocrx_word' id='word_1_158' title='bbox 1249 2433 1349 2496; x_wconf 90' lang='lat' dir='ltr'>usque</span> 
     </span>
     <span class='ocr_line' id='line_1_19' title="bbox 168 2536 1348 2622; baseline -0.002 -19"><span class='ocrx_word' id='word_1_159' title='bbox 168 2539 210 2603; x_wconf 87' lang='lat' dir='ltr'>ad</span> <span class='ocrx_word' id='word_1_160' title='bbox 238 2539 401 2602; x_wconf 88' lang='lat' dir='ltr'>saeculum</span> <span class='ocrx_word' id='word_1_161' title='bbox 425 2557 487 2607; x_wconf 83' lang='lat' dir='ltr'>xn.</span> <span class='ocrx_word' id='word_1_162' title='bbox 512 2559 627 2622; x_wconf 89' lang='lat' dir='ltr'>nempe</span> <span class='ocrx_word' id='word_1_163' title='bbox 651 2537 708 2602; x_wconf 90' lang='lat' dir='ltr'>sub</span> <span class='ocrx_word' id='word_1_164' title='bbox 732 2544 837 2603; x_wconf 87' lang='lat' dir='ltr'>aetate</span> <span class='ocrx_word' id='word_1_165' title='bbox 862 2539 1018 2612; x_wconf 87' lang='lat' dir='ltr'>Gratiani,</span> <span class='ocrx_word' id='word_1_166' title='bbox 1043 2538 1148 2622; x_wconf 89' lang='lat' dir='ltr'>prouti</span> <span class='ocrx_word' id='word_1_167' title='bbox 1179 2536 1274 2602; x_wconf 90' lang='lat' dir='ltr'>fidem</span> <span class='ocrx_word' id='word_1_168' title='bbox 1298 2537 1348 2602; x_wconf 84' lang='lat' dir='ltr'>la-</span> 
     </span>
     <span class='ocr_line' id='line_1_20' title="bbox 169 2659 1348 2733; baseline -0.005 -5"><span class='ocrx_word' id='word_1_169' title='bbox 169 2663 262 2728; x_wconf 87' lang='lat' dir='ltr'>ciunt</span> <span class='ocrx_word' id='word_1_170' title='bbox 281 2661 434 2729; x_wconf 79' lang='lat' dir='ltr'>Oenones</span> <span class='ocrx_word' id='word_1_171' title='bbox 449 2661 711 2728; x_wconf 84' lang='lat' dir='ltr'>Paenitentiates</span> <span class='ocrx_word' id='word_1_172' title='bbox 726 2661 766 2726; x_wconf 93' lang='lat' dir='ltr'>ab</span> <span class='ocrx_word' id='word_1_173' title='bbox 782 2682 821 2727; x_wconf 92' lang='lat' dir='ltr'>eo</span> <span class='ocrx_word' id='word_1_174' title='bbox 839 2662 913 2726; x_wconf 90' lang='lat' dir='ltr'>editi</span> <span class='ocrx_word' id='word_1_175' title='bbox 930 2663 963 2726; x_wconf 92' lang='lat' dir='ltr'>in</span> <span class='ocrx_word' id='word_1_176' title='bbox 980 2659 1044 2725; x_wconf 87' lang='lat' dir='ltr'>tine</span> <span class='ocrx_word' id='word_1_177' title='bbox 1059 2663 1107 2725; x_wconf 90' lang='lat' dir='ltr'>sui</span> <span class='ocrx_word' id='word_1_178' title='bbox 1125 2661 1266 2724; x_wconf 88' lang='lat' dir='ltr'>Decreti.</span> <span class='ocrx_word' id='word_1_179' title='bbox 1288 2659 1348 2733; x_wconf 88' lang='lat' dir='ltr'>Qui</span> 
     </span>
     <span class='ocr_line' id='line_1_21' title="bbox 168 2785 1348 2872; baseline -0.005 -18"><span class='ocrx_word' id='word_1_180' title='bbox 168 2795 346 2872; x_wconf 89' lang='lat' dir='ltr'>conceptus</span> <span class='ocrx_word' id='word_1_181' title='bbox 369 2807 544 2872; x_wconf 89' lang='lat' dir='ltr'>poenarum</span> <span class='ocrx_word' id='word_1_182' title='bbox 568 2787 609 2852; x_wconf 89' lang='lat' dir='ltr'>ad</span> <span class='ocrx_word' id='word_1_183' title='bbox 633 2789 776 2853; x_wconf 89' lang='lat' dir='ltr'>nativum</span> <span class='ocrx_word' id='word_1_184' title='bbox 793 2787 960 2852; x_wconf 87' lang='lat' dir='ltr'>Ecclesiae</span> <span class='ocrx_word' id='word_1_185' title='bbox 984 2787 1033 2850; x_wconf 91' lang='lat' dir='ltr'>ius</span> <span class='ocrx_word' id='word_1_186' title='bbox 1057 2785 1192 2870; x_wconf 90' lang='lat' dir='ltr'>poenale</span> <span class='ocrx_word' id='word_1_187' title='bbox 1209 2785 1348 2850; x_wconf 89' lang='lat' dir='ltr'>intimius</span> 
     </span>
     <span class='ocr_line' id='line_1_22' title="bbox 168 2907 1350 2994; baseline -0.004 -21"><span class='ocrx_word' id='word_1_188' title='bbox 168 2909 417 2994; x_wconf 90' lang='lat' dir='ltr'>perspicendum</span> <span class='ocrx_word' id='word_1_189' title='bbox 440 2909 519 2976; x_wconf 90' lang='lat' dir='ltr'>adeo</span> <span class='ocrx_word' id='word_1_190' title='bbox 544 2915 592 2974; x_wconf 92' lang='lat' dir='ltr'>est</span> <span class='ocrx_word' id='word_1_191' title='bbox 614 2911 827 2988; x_wconf 86' lang='lat' dir='ltr'>necessarius,</span> <span class='ocrx_word' id='word_1_192' title='bbox 852 2914 887 2973; x_wconf 85' lang='lat' dir='ltr'>ut</span> <span class='ocrx_word' id='word_1_193' title='bbox 909 2929 1006 2993; x_wconf 92' lang='lat' dir='ltr'>porro</span> <span class='ocrx_word' id='word_1_194' title='bbox 1033 2907 1080 2972; x_wconf 87' lang='lat' dir='ltr'>sas</span> <span class='ocrx_word' id='word_1_195' title='bbox 1103 2927 1167 2972; x_wconf 93' lang='lat' dir='ltr'>non</span> <span class='ocrx_word' id='word_1_196' title='bbox 1191 2908 1233 2972; x_wconf 90' lang='lat' dir='ltr'>sit</span> <span class='ocrx_word' id='word_1_197' title='bbox 1255 2925 1350 2970; x_wconf 90' lang='lat' dir='ltr'>unam</span> 
     </span>
     <span class='ocr_line' id='line_1_23' title="bbox 170 3031 1350 3120; baseline -0.003 -22"><span class='ocrx_word' id='word_1_198' title='bbox 170 3055 348 3120; x_wconf 89' lang='lat' dir='ltr'>poenarum</span> <span class='ocrx_word' id='word_1_199' title='bbox 369 3037 508 3120; x_wconf 89' lang='lat' dir='ltr'>speciem</span> <span class='ocrx_word' id='word_1_200' title='bbox 525 3035 564 3100; x_wconf 88' lang='lat' dir='ltr'>ab</span> <span class='ocrx_word' id='word_1_201' title='bbox 581 3035 644 3100; x_wconf 86' lang='lat' dir='ltr'>alia</span> <span class='ocrx_word' id='word_1_202' title='bbox 660 3055 834 3101; x_wconf 82' lang='lat' dir='ltr'>secernere</span> <span class='ocrx_word' id='word_1_203' title='bbox 851 3053 1027 3117; x_wconf 90' lang='lat' dir='ltr'>earumque</span> <span class='ocrx_word' id='word_1_204' title='bbox 1043 3053 1136 3098; x_wconf 92' lang='lat' dir='ltr'>usum</span> <span class='ocrx_word' id='word_1_205' title='bbox 1156 3031 1350 3116; x_wconf 86' lang='lat' dir='ltr'>intelligere,</span> 
     </span>
     <span class='ocr_line' id='line_1_24' title="bbox 170 3154 1353 3246; baseline -0.004 -23"><span class='ocrx_word' id='word_1_206' title='bbox 170 3161 231 3224; x_wconf 91' lang='lat' dir='ltr'>nisi</span> <span class='ocrx_word' id='word_1_207' title='bbox 259 3160 323 3224; x_wconf 92' lang='lat' dir='ltr'>hoc</span> <span class='ocrx_word' id='word_1_208' title='bbox 351 3167 508 3246; x_wconf 88' lang='lat' dir='ltr'>conceptu</span> <span class='ocrx_word' id='word_1_209' title='bbox 535 3161 627 3226; x_wconf 87' lang='lat' dir='ltr'>duce.</span> <span class='ocrx_word' id='word_1_210' title='bbox 653 3161 703 3225; x_wconf 85' lang='lat' dir='ltr'>Ad</span> <span class='ocrx_word' id='word_1_211' title='bbox 731 3179 800 3224; x_wconf 90' lang='lat' dir='ltr'>rem</span> <span class='ocrx_word' id='word_1_212' title='bbox 824 3159 969 3222; x_wconf 89' lang='lat' dir='ltr'>Morinus</span> <span class='ocrx_word' id='word_1_213' title='bbox 987 3159 1019 3222; x_wconf 92' lang='lat' dir='ltr'>in</span> <span class='ocrx_word' id='word_1_214' title='bbox 1037 3157 1148 3242; x_wconf 88' lang='lat' dir='ltr'>Opere</span> <span class='ocrx_word' id='word_1_215' title='bbox 1170 3155 1220 3220; x_wconf 88' lang='lat' dir='ltr'>De</span> <span class='ocrx_word' id='word_1_216' title='bbox 1235 3154 1353 3219; x_wconf 87' lang='lat' dir='ltr'>Adnn&#39;-</span> 
     </span>
     <span class='ocr_line' id='line_1_25' title="bbox 168 3276 1350 3364; baseline -0.003 -22"><span class='ocrx_word' id='word_1_217' title='bbox 168 3279 267 3344; x_wconf 83' lang='lat' dir='ltr'>nistr.</span> <span class='ocrx_word' id='word_1_218' title='bbox 292 3299 429 3346; x_wconf 74' lang='lat' dir='ltr'>suanm</span> <span class='ocrx_word' id='word_1_219' title='bbox 454 3281 581 3364; x_wconf 81' lang='lat' dir='ltr'>poenit.</span> <span class='ocrx_word' id='word_1_220' title='bbox 607 3281 662 3346; x_wconf 84' lang='lat' dir='ltr'>tib.</span> <span class='ocrx_word' id='word_1_221' title='bbox 688 3281 719 3354; x_wconf 86' lang='lat'>7,</span> <span class='ocrx_word' id='word_1_222' title='bbox 745 3281 830 3344; x_wconf 89' lang='lat' dir='ltr'>inter</span> <span class='ocrx_word' id='word_1_223' title='bbox 861 3280 925 3344; x_wconf 88' lang='lat' dir='ltr'>alia</span> <span class='ocrx_word' id='word_1_224' title='bbox 955 3299 1038 3362; x_wconf 87' lang='lat' dir='ltr'>quae</span> <span class='ocrx_word' id='word_1_225' title='bbox 1068 3276 1164 3342; x_wconf 81' lang='lat' dir='ltr'>affert</span> <span class='ocrx_word' id='word_1_226' title='bbox 1187 3277 1350 3340; x_wconf 90' lang='lat' dir='ltr'>disserens</span> 
     </span>
     <span class='ocr_line' id='line_1_26' title="bbox 168 3403 1350 3492; baseline -0.003 -23"><span class='ocrx_word' id='word_1_227' title='bbox 168 3403 211 3469; x_wconf 90' lang='lat' dir='ltr'>de</span> <span class='ocrx_word' id='word_1_228' title='bbox 234 3404 298 3470; x_wconf 85' lang='lat' dir='ltr'>hac</span> <span class='ocrx_word' id='word_1_229' title='bbox 322 3407 514 3492; x_wconf 83' lang='lat' dir='ltr'>primigenia</span> <span class='ocrx_word' id='word_1_230' title='bbox 538 3407 756 3472; x_wconf 87' lang='lat' dir='ltr'>ecclesiastica</span> <span class='ocrx_word' id='word_1_231' title='bbox 780 3405 1010 3490; x_wconf 71' lang='lat' dir='ltr'>disciplinata</span> <span class='ocrx_word' id='word_1_232' title='bbox 1034 3424 1108 3486; x_wconf 84' lang='lat' dir='ltr'>cup.</span> <span class='ocrx_word' id='word_1_233' title='bbox 1125 3403 1177 3474; x_wconf 87' lang='lat'>10,</span> <span class='ocrx_word' id='word_1_234' title='bbox 1194 3423 1227 3466; x_wconf 93' lang='lat' dir='ltr'>n.</span> <span class='ocrx_word' id='word_1_235' title='bbox 1245 3403 1272 3482; x_wconf 86' lang='lat'>1,</span> <span class='ocrx_word' id='word_1_236' title='bbox 1290 3403 1350 3466; x_wconf 89' lang='lat' dir='ltr'>ait:</span> 
     </span>
     <span class='ocr_line' id='line_1_27' title="bbox 171 3525 1353 3615; baseline -0.001 -25"><span class='ocrx_word' id='word_1_237' title='bbox 171 3549 192 3590; x_wconf 83' lang='lat'><strong>‹</strong></span> <span class='ocrx_word' id='word_1_238' title='bbox 210 3530 277 3594; x_wconf 75' lang='lat' dir='ltr'>Neo</span> <span class='ocrx_word' id='word_1_239' title='bbox 301 3537 373 3597; x_wconf 84' lang='lat' dir='ltr'>erat</span> <span class='ocrx_word' id='word_1_240' title='bbox 396 3531 477 3596; x_wconf 85' lang='lat' dir='ltr'>alius</span> <span class='ocrx_word' id='word_1_241' title='bbox 500 3534 553 3615; x_wconf 92' lang='lat' dir='ltr'>qui</span> <span class='ocrx_word' id='word_1_242' title='bbox 577 3531 951 3601; x_wconf 81' lang='lat' dir='ltr'>excommunicationem.</span> <span class='ocrx_word' id='word_1_243' title='bbox 970 3529 1051 3592; x_wconf 90' lang='lat' dir='ltr'>alius</span> <span class='ocrx_word' id='word_1_244' title='bbox 1066 3528 1119 3611; x_wconf 93' lang='lat' dir='ltr'>qui</span> <span class='ocrx_word' id='word_1_245' title='bbox 1136 3531 1268 3612; x_wconf 86' lang='lat' dir='ltr'>peccata</span> <span class='ocrx_word' id='word_1_246' title='bbox 1288 3525 1353 3590; x_wconf 93' lang='lat' dir='ltr'>sol·</span> 
     </span>
     <span class='ocr_line' id='line_1_28' title="bbox 171 3652 1352 3738; baseline -0.001 -23"><span class='ocrx_word' id='word_1_247' title='bbox 171 3659 275 3726; x_wconf 81' lang='lat' dir='ltr'>reret,</span> <span class='ocrx_word' id='word_1_248' title='bbox 289 3654 329 3718; x_wconf 88' lang='lat' dir='ltr'>ad</span> <span class='ocrx_word' id='word_1_249' title='bbox 347 3675 440 3738; x_wconf 91' lang='lat' dir='ltr'>quem</span> <span class='ocrx_word' id='word_1_250' title='bbox 457 3656 561 3721; x_wconf 85' lang='lat' dir='ltr'>soluta</span> <span class='ocrx_word' id='word_1_251' title='bbox 576 3655 909 3720; x_wconf 84' lang='lat' dir='ltr'>excommunicatione</span> <span class='ocrx_word' id='word_1_252' title='bbox 924 3657 1075 3737; x_wconf 87' lang='lat' dir='ltr'>peccator</span> <span class='ocrx_word' id='word_1_253' title='bbox 1088 3655 1173 3716; x_wconf 86' lang='lat' dir='ltr'>esset</span> <span class='ocrx_word' id='word_1_254' title='bbox 1189 3652 1352 3715; x_wconf 89' lang='lat' dir='ltr'>remitten-</span> 
     </span>
     <span class='ocr_line' id='line_1_29' title="bbox 170 3775 1354 3863; baseline -0.001 -23"><span class='ocrx_word' id='word_1_255' title='bbox 170 3775 247 3842; x_wconf 90' lang='lat' dir='ltr'>dus:</span> <span class='ocrx_word' id='word_1_256' title='bbox 265 3798 327 3843; x_wconf 91' lang='lat' dir='ltr'>nec</span> <span class='ocrx_word' id='word_1_257' title='bbox 344 3787 416 3844; x_wconf 88' lang='lat' dir='ltr'>erat</span> <span class='ocrx_word' id='word_1_258' title='bbox 431 3779 517 3845; x_wconf 88' lang='lat' dir='ltr'>aliud</span> <span class='ocrx_word' id='word_1_259' title='bbox 533 3779 674 3845; x_wconf 87' lang='lat' dir='ltr'>tribuual</span> <span class='ocrx_word' id='word_1_260' title='bbox 690 3781 724 3842; x_wconf 93' lang='lat' dir='ltr'>in</span> <span class='ocrx_word' id='word_1_261' title='bbox 740 3799 802 3863; x_wconf 92' lang='lat' dir='ltr'>quo</span> <span class='ocrx_word' id='word_1_262' title='bbox 818 3777 1145 3844; x_wconf 88' lang='lat' dir='ltr'>excommunicandus</span> <span class='ocrx_word' id='word_1_263' title='bbox 1158 3776 1209 3842; x_wconf 90' lang='lat' dir='ltr'>vel</span> <span class='ocrx_word' id='word_1_264' title='bbox 1227 3795 1354 3840; x_wconf 91' lang='lat' dir='ltr'>excom·</span> 
     </span>
     <span class='ocr_line' id='line_1_30' title="bbox 170 3901 1354 3988; baseline -0.002 -23"><span class='ocrx_word' id='word_1_265' title='bbox 170 3903 353 3968; x_wconf 83' lang='lat' dir='ltr'>manicatus</span> <span class='ocrx_word' id='word_1_266' title='bbox 368 3903 604 3978; x_wconf 83' lang='lat' dir='ltr'>indicabantur,</span> <span class='ocrx_word' id='word_1_267' title='bbox 622 3903 708 3967; x_wconf 88' lang='lat' dir='ltr'>aliud</span> <span class='ocrx_word' id='word_1_268' title='bbox 732 3905 765 3967; x_wconf 92' lang='lat' dir='ltr'>in</span> <span class='ocrx_word' id='word_1_269' title='bbox 789 3922 852 3987; x_wconf 91' lang='lat' dir='ltr'>quo</span> <span class='ocrx_word' id='word_1_270' title='bbox 875 3907 1028 3988; x_wconf 84' lang='lat' dir='ltr'>peccator</span> <span class='ocrx_word' id='word_1_271' title='bbox 1044 3901 1212 3966; x_wconf 88' lang='lat' dir='ltr'>eluebatur</span> <span class='ocrx_word' id='word_1_272' title='bbox 1227 3919 1354 3964; x_wconf 87' lang='lat' dir='ltr'>excom·</span> 
     </span>
     <span class='ocr_line' id='line_1_31' title="bbox 171 4023 1355 4110; baseline -0.002 -20"><span class='ocrx_word' id='word_1_273' title='bbox 171 4028 391 4092; x_wconf 89' lang='lat' dir='ltr'>municatioue</span> <span class='ocrx_word' id='word_1_274' title='bbox 414 4029 527 4109; x_wconf 88' lang='lat' dir='ltr'>soluta,</span> <span class='ocrx_word' id='word_1_275' title='bbox 551 4027 606 4092; x_wconf 86' lang='lat' dir='ltr'>sed</span> <span class='ocrx_word' id='word_1_276' title='bbox 630 4048 714 4092; x_wconf 91' lang='lat' dir='ltr'>unus</span> <span class='ocrx_word' id='word_1_277' title='bbox 737 4033 769 4091; x_wconf 88' lang='lat' dir='ltr'>et</span> <span class='ocrx_word' id='word_1_278' title='bbox 792 4025 875 4090; x_wconf 93' lang='lat' dir='ltr'>idem</span> <span class='ocrx_word' id='word_1_279' title='bbox 898 4025 1004 4099; x_wconf 90' lang='lat' dir='ltr'>homo,</span> <span class='ocrx_word' id='word_1_280' title='bbox 1029 4027 1207 4110; x_wconf 90' lang='lat' dir='ltr'>Episcopus</span> <span class='ocrx_word' id='word_1_281' title='bbox 1230 4023 1355 4088; x_wconf 86' lang='lat' dir='ltr'>scilicet</span> 
     </span>
     <span class='ocr_line' id='line_1_32' title="bbox 170 4149 1353 4238; baseline -0.006 -21"><span class='ocrx_word' id='word_1_282' title='bbox 170 4155 225 4218; x_wconf 84' lang='lat' dir='ltr'>vel</span> <span class='ocrx_word' id='word_1_283' title='bbox 251 4153 425 4238; x_wconf 79' lang='lat' dir='ltr'>presbyter</span> <span class='ocrx_word' id='word_1_284' title='bbox 449 4153 542 4218; x_wconf 92' lang='lat' dir='ltr'>unius</span> <span class='ocrx_word' id='word_1_285' title='bbox 566 4151 771 4236; x_wconf 91' lang='lat' dir='ltr'>eiusdemque</span> <span class='ocrx_word' id='word_1_286' title='bbox 794 4150 963 4216; x_wconf 84' lang='lat' dir='ltr'>tribunalis</span> <span class='ocrx_word' id='word_1_287' title='bbox 986 4171 1118 4236; x_wconf 88' lang='lat' dir='ltr'>praeses</span> <span class='ocrx_word' id='word_1_288' title='bbox 1145 4149 1177 4213; x_wconf 91' lang='lat' dir='ltr'>id</span> <span class='ocrx_word' id='word_1_289' title='bbox 1208 4153 1353 4232; x_wconf 88' lang='lat' dir='ltr'>praesta-</span> 
     </span>
     <span class='ocr_line' id='line_1_33' title="bbox 171 4273 1353 4361; baseline -0.008 -19"><span class='ocrx_word' id='word_1_290' title='bbox 171 4277 227 4342; x_wconf 87' lang='lat' dir='ltr'>bat</span> <span class='ocrx_word' id='word_1_291' title='bbox 245 4299 274 4342; x_wconf 79' lang='lat'>».</span> <span class='ocrx_word' id='word_1_292' title='bbox 292 4277 450 4342; x_wconf 89' lang='lat' dir='ltr'>Nimirum</span> <span class='ocrx_word' id='word_1_293' title='bbox 467 4277 573 4342; x_wconf 87' lang='lat' dir='ltr'>omnia</span> <span class='ocrx_word' id='word_1_294' title='bbox 589 4278 741 4360; x_wconf 85' lang='lat' dir='ltr'>cuiusque</span> <span class='ocrx_word' id='word_1_295' title='bbox 765 4276 894 4361; x_wconf 87' lang='lat' dir='ltr'>generis</span> <span class='ocrx_word' id='word_1_296' title='bbox 918 4275 1054 4338; x_wconf 87' lang='lat' dir='ltr'>crimina</span> <span class='ocrx_word' id='word_1_297' title='bbox 1077 4273 1353 4358; x_wconf 86' lang='lat' dir='ltr'>pertrahebantur</span> 
     </span>
    </p>
   </div>
   <div class='ocr_carea' id='block_1_5' title="bbox 171 4395 1353 4595">
    <p class='ocr_par' dir='ltr' id='par_1_5' title="bbox 171 4395 1353 4595">
     <span class='ocr_line' id='line_1_34' title="bbox 171 4395 1353 4483; baseline -0.008 -15"><span class='ocrx_word' id='word_1_298' title='bbox 171 4405 213 4468; x_wconf 83' lang='lat' dir='ltr'>ad</span> <span class='ocrx_word' id='word_1_299' title='bbox 239 4403 406 4468; x_wconf 90' lang='lat' dir='ltr'>Ecclesiae</span> <span class='ocrx_word' id='word_1_300' title='bbox 429 4402 535 4468; x_wconf 85' lang='lat' dir='ltr'>forum</span> <span class='ocrx_word' id='word_1_301' title='bbox 558 4402 694 4468; x_wconf 85' lang='lat' dir='ltr'>ratione</span> <span class='ocrx_word' id='word_1_302' title='bbox 713 4399 856 4483; x_wconf 84' lang='lat' dir='ltr'>peccati,</span> <span class='ocrx_word' id='word_1_303' title='bbox 874 4398 979 4482; x_wconf 91' lang='lat' dir='ltr'>ibique</span> <span class='ocrx_word' id='word_1_304' title='bbox 1004 4398 1195 4463; x_wconf 87' lang='lat' dir='ltr'>criminosus</span> <span class='ocrx_word' id='word_1_305' title='bbox 1217 4395 1353 4462; x_wconf 85' lang='lat' dir='ltr'>habeba·</span> 
     </span>
     <span class='ocr_line' id='line_1_35' title="bbox 320 4519 1211 4595; baseline -0.006 -17"><span class='ocrx_word' id='word_1_306' title='bbox 320 4527 379 4578; x_wconf 83' lang='lat' dir='ltr'>Suc.</span> <span class='ocrx_word' id='word_1_307' title='bbox 400 4524 478 4595; x_wconf 74' lang='lat' dir='ltr'>Leya</span> <span class='ocrx_word' id='word_1_308' title='bbox 1194 4519 1211 4573; x_wconf 90' lang='grc'>6</span> 
     </span>
    </p>
   </div>
   <div class='ocr_carea' id='block_1_6' title="bbox 0 0 1665 5108">
    <p class='ocr_par' dir='ltr' id='par_1_6' title="bbox 0 0 1665 5108">
     <span class='ocr_line' id='line_1_36' title="bbox 0 0 1665 5108; baseline 0 0"><span class='ocrx_word' id='word_1_309' title='bbox 0 0 1665 5108; x_wconf 95' lang='lat' dir='ltr'> </span> 
     </span>
    </p>
   </div>
  </div>
 </body>
</html>
