<?xml version="1.0" encoding="UTF-8"?>
<!DOCTYPE html PUBLIC "-//W3C//DTD XHTML 1.0 Transitional//EN"
    "http://www.w3.org/TR/xhtml1/DTD/xhtml1-transitional.dtd">
<html xmlns="http://www.w3.org/1999/xhtml" xml:lang="en" lang="en">
 <head>
  <title>
</title>
<meta http-equiv="Content-Type" content="text/html;charset=utf-8" />
  <meta name='ocr-system' content='tesseract 3.04.00' />
  <meta name='ocr-capabilities' content='ocr_page ocr_carea ocr_par ocr_line ocrx_word'/>
</head>
<body>
  <div class='ocr_page' id='page_1' title='image "./praelectionesin02legagoog_0197.png"; bbox 0 0 3202 5104; ppageno 0'>
   <div class='ocr_carea' id='block_1_1' title="bbox 299 295 948 365">
    <p class='ocr_par' dir='ltr' id='par_1_1' title="bbox 299 295 948 365">
     <span class='ocr_line' id='line_1_1' title="bbox 299 295 948 365; baseline 0 -3"><span class='ocrx_word' id='word_1_1' title='bbox 299 295 363 362; x_wconf 83' lang='lat'>192</span> <span class='ocrx_word' id='word_1_2' title='bbox 817 316 901 365; x_wconf 80' lang='lat' dir='ltr'>vaae</span> <span class='ocrx_word' id='word_1_3' title='bbox 926 317 948 363; x_wconf 87' lang='lat'>1.</span> 
     </span>
    </p>
   </div>
   <div class='ocr_carea' id='block_1_2' title="bbox 296 439 1499 777">
    <p class='ocr_par' dir='ltr' id='par_1_2' title="bbox 296 439 1499 777">
     <span class='ocr_line' id='line_1_2' title="bbox 387 439 1496 527; baseline 0.001 -23"><span class='ocrx_word' id='word_1_4' title='bbox 387 441 566 506; x_wconf 86' lang='lat' dir='ltr'>Praeterea</span> <span class='ocrx_word' id='word_1_5' title='bbox 580 441 645 506; x_wconf 90' lang='lat' dir='ltr'>alia</span> <span class='ocrx_word' id='word_1_6' title='bbox 662 442 880 527; x_wconf 84' lang='lat' dir='ltr'>responsione,</span> <span class='ocrx_word' id='word_1_7' title='bbox 897 443 944 508; x_wconf 92' lang='lat' dir='ltr'>uti</span> <span class='ocrx_word' id='word_1_8' title='bbox 960 443 1024 507; x_wconf 89' lang='lat' dir='ltr'>iam</span> <span class='ocrx_word' id='word_1_9' title='bbox 1040 441 1190 524; x_wconf 83' lang='lat' dir='ltr'>diximus,</span> <span class='ocrx_word' id='word_1_10' title='bbox 1207 441 1293 507; x_wconf 84' lang='lat' dir='ltr'>adita</span> <span class='ocrx_word' id='word_1_11' title='bbox 1307 441 1348 506; x_wconf 89' lang='lat' dir='ltr'>ab</span> <span class='ocrx_word' id='word_1_12' title='bbox 1366 439 1496 507; x_wconf 87' lang='lat' dir='ltr'>eadem</span> 
     </span>
     <span class='ocr_line' id='line_1_3' title="bbox 298 563 1499 652; baseline -0.003 -20"><span class='ocrx_word' id='word_1_13' title='bbox 298 566 328 632; x_wconf 92' lang='lat' dir='ltr'>S.</span> <span class='ocrx_word' id='word_1_14' title='bbox 355 567 453 652; x_wconf 73' lang='lat' dir='ltr'>(long.</span> <span class='ocrx_word' id='word_1_15' title='bbox 478 566 533 632; x_wconf 84' lang='lat' dir='ltr'>die</span> <span class='ocrx_word' id='word_1_16' title='bbox 556 565 607 631; x_wconf 88' lang='lat'>30</span> <span class='ocrx_word' id='word_1_17' title='bbox 629 566 750 632; x_wconf 73' lang='lat' dir='ltr'>olardi</span> <span class='ocrx_word' id='word_1_18' title='bbox 765 567 867 642; x_wconf 79' lang='grc'><em>1892,</em></span> <span class='ocrx_word' id='word_1_19' title='bbox 892 571 1046 632; x_wconf 85' lang='lat' dir='ltr'>statutum</span> <span class='ocrx_word' id='word_1_20' title='bbox 1070 567 1131 633; x_wconf 89' lang='lat' dir='ltr'>fuit</span> <span class='ocrx_word' id='word_1_21' title='bbox 1147 569 1180 632; x_wconf 90' lang='lat' dir='ltr'>io</span> <span class='ocrx_word' id='word_1_22' title='bbox 1196 567 1341 632; x_wconf 85' lang='lat' dir='ltr'><strong>clausula</strong></span> <span class='ocrx_word' id='word_1_23' title='bbox 1363 563 1499 632; x_wconf 77' lang='lat' dir='ltr'>standi</span> 
     </span>
     <span class='ocr_line' id='line_1_4' title="bbox 296 689 1496 777; baseline -0.001 -21"><span class='ocrx_word' id='word_1_24' title='bbox 296 689 469 756; x_wconf 78' lang='lat' dir='ltr'>mandatis</span> <span class='ocrx_word' id='word_1_25' title='bbox 491 691 649 756; x_wconf 82' lang='lat' dir='ltr'>ecclesiae</span> <span class='ocrx_word' id='word_1_26' title='bbox 671 689 901 776; x_wconf 82' lang='lat' dir='ltr'>comprehendi</span> <span class='ocrx_word' id='word_1_27' title='bbox 925 691 1112 757; x_wconf 80' lang='lat' dir='ltr'>facultatem</span> <span class='ocrx_word' id='word_1_28' title='bbox 1136 711 1179 756; x_wconf 84' lang='lat' dir='ltr'>ex</span> <span class='ocrx_word' id='word_1_29' title='bbox 1205 697 1298 777; x_wconf 90' lang='lat' dir='ltr'>parte</span> <span class='ocrx_word' id='word_1_30' title='bbox 1318 691 1405 756; x_wconf 90' lang='lat' dir='ltr'>illius</span> <span class='ocrx_word' id='word_1_31' title='bbox 1431 693 1496 776; x_wconf 92' lang='lat' dir='ltr'>qui</span> 
     </span>
    </p>
   </div>
   <div class='ocr_carea' id='block_1_3' title="bbox 295 815 1498 1544">
    <p class='ocr_par' dir='ltr' id='par_1_3' title="bbox 295 815 1497 1148">
     <span class='ocr_line' id='line_1_5' title="bbox 296 815 1497 901; baseline 0.001 -22"><span class='ocrx_word' id='word_1_32' title='bbox 296 815 460 880; x_wconf 91' lang='lat' dir='ltr'>absolutus</span> <span class='ocrx_word' id='word_1_33' title='bbox 483 816 543 881; x_wconf 88' lang='lat' dir='ltr'>fuit</span> <span class='ocrx_word' id='word_1_34' title='bbox 566 821 598 878; x_wconf 90' lang='lat' dir='ltr'>in</span> <span class='ocrx_word' id='word_1_35' title='bbox 622 815 760 881; x_wconf 79' lang='lat' dir='ltr'>articulo</span> <span class='ocrx_word' id='word_1_36' title='bbox 783 815 836 880; x_wconf 86' lang='lat' dir='ltr'>vel</span> <span class='ocrx_word' id='word_1_37' title='bbox 859 816 1004 901; x_wconf 89' lang='lat' dir='ltr'>periculo</span> <span class='ocrx_word' id='word_1_38' title='bbox 1035 817 1156 888; x_wconf 83' lang='lat' dir='ltr'>mortis</span> <span class='ocrx_word' id='word_1_39' title='bbox 1182 815 1323 900; x_wconf 84' lang='lat' dir='ltr'>petendi</span> <span class='ocrx_word' id='word_1_40' title='bbox 1351 835 1497 882; x_wconf 81' lang='lat' dir='ltr'>novam</span> 
     </span>
     <span class='ocr_line' id='line_1_6' title="bbox 297 938 1496 1024; baseline 0 -18"><span class='ocrx_word' id='word_1_41' title='bbox 297 939 539 1007; x_wconf 80' lang='lat' dir='ltr'>absolutionem</span> <span class='ocrx_word' id='word_1_42' title='bbox 563 939 605 1004; x_wconf 89' lang='lat' dir='ltr'>ob</span> <span class='ocrx_word' id='word_1_43' title='bbox 629 959 666 1005; x_wconf 88' lang='lat' dir='ltr'>eo</span> <span class='ocrx_word' id='word_1_44' title='bbox 691 940 751 1024; x_wconf 87' lang='lat' dir='ltr'>qm&#39;</span> <span class='ocrx_word' id='word_1_45' title='bbox 775 938 975 1022; x_wconf 77' lang='lat' dir='ltr'>facultatem</span> <span class='ocrx_word' id='word_1_46' title='bbox 1008 940 1108 1007; x_wconf 84' lang='lat' dir='ltr'>babet</span> <span class='ocrx_word' id='word_1_47' title='bbox 1137 940 1379 1008; x_wconf 76' lang='lat' dir='ltr'>absolvendis</span> <span class='ocrx_word' id='word_1_48' title='bbox 1402 959 1496 1006; x_wconf 80' lang='lat' dir='ltr'>cea-</span> 
     </span>
     <span class='ocr_line' id='line_1_7' title="bbox 295 1063 1018 1148; baseline -0.003 -16"><span class='ocrx_word' id='word_1_49' title='bbox 295 1065 386 1132; x_wconf 81' lang='lat' dir='ltr'>sum&#39;s</span> <span class='ocrx_word' id='word_1_50' title='bbox 409 1063 451 1130; x_wconf 87' lang='lat' dir='ltr'>R.</span> <span class='ocrx_word' id='word_1_51' title='bbox 474 1065 515 1130; x_wconf 92' lang='lat' dir='ltr'>P.</span> <span class='ocrx_word' id='word_1_52' title='bbox 539 1065 678 1148; x_wconf 84' lang='lat' dir='ltr'>spectati</span> <span class='ocrx_word' id='word_1_53' title='bbox 701 1065 803 1132; x_wconf 88' lang='lat' dir='ltr'>modo</span> <span class='ocrx_word' id='word_1_54' title='bbox 826 1065 1018 1132; x_wconf 63' lang='lat' dir='ltr'>reservatis.</span> 
     </span>
    </p>

    <p class='ocr_par' dir='ltr' id='par_1_4' title="bbox 297 1190 1498 1544">
     <span class='ocr_line' id='line_1_8' title="bbox 386 1190 1498 1275; baseline 0.004 -21"><span class='ocrx_word' id='word_1_55' title='bbox 386 1191 519 1255; x_wconf 90' lang='lat' dir='ltr'>Demum</span> <span class='ocrx_word' id='word_1_56' title='bbox 544 1191 631 1254; x_wconf 87' lang='lat' dir='ltr'>illam</span> <span class='ocrx_word' id='word_1_57' title='bbox 647 1191 824 1256; x_wconf 81' lang='lat' dir='ltr'>clausulam</span> <span class='ocrx_word' id='word_1_58' title='bbox 840 1190 877 1255; x_wconf 86' lang='lat' dir='ltr'>in</span> <span class='ocrx_word' id='word_1_59' title='bbox 889 1191 1047 1275; x_wconf 80' lang='lat' dir='ltr'>periculo</span> <span class='ocrx_word' id='word_1_60' title='bbox 1062 1211 1123 1258; x_wconf 84' lang='lat' dir='ltr'>seu</span> <span class='ocrx_word' id='word_1_61' title='bbox 1139 1193 1176 1256; x_wconf 84' lang='lat' dir='ltr'>im</span> <span class='ocrx_word' id='word_1_62' title='bbox 1191 1191 1334 1258; x_wconf 75' lang='lat' dir='ltr'>arnam</span> <span class='ocrx_word' id='word_1_63' title='bbox 1358 1191 1498 1258; x_wconf 62' lang='lat' dir='ltr'>inertis</span> 
     </span>
     <span class='ocr_line' id='line_1_9' title="bbox 297 1313 1495 1401; baseline -0.003 -21"><span class='ocrx_word' id='word_1_64' title='bbox 297 1317 342 1380; x_wconf 89' lang='lat' dir='ltr'>ita</span> <span class='ocrx_word' id='word_1_65' title='bbox 357 1317 590 1401; x_wconf 85' lang='lat' dir='ltr'>interpretatur·</span> <span class='ocrx_word' id='word_1_66' title='bbox 607 1313 816 1388; x_wconf 76' lang='lat' dir='ltr'>D&#39;Annibale,</span> <span class='ocrx_word' id='word_1_67' title='bbox 837 1317 964 1383; x_wconf 86' lang='lat' dir='ltr'>Comm.</span> <span class='ocrx_word' id='word_1_68' title='bbox 978 1317 1015 1381; x_wconf 83' lang='lat' dir='ltr'>tn</span> <span class='ocrx_word' id='word_1_69' title='bbox 1030 1317 1139 1383; x_wconf 84' lang='lat' dir='ltr'>Coast.</span> <span class='ocrx_word' id='word_1_70' title='bbox 1153 1315 1219 1399; x_wconf 85' lang='lat' dir='ltr'>Ap.</span> <span class='ocrx_word' id='word_1_71' title='bbox 1234 1314 1331 1381; x_wconf 84' lang='lat' dir='ltr'>Sedis</span> <span class='ocrx_word' id='word_1_72' title='bbox 1344 1315 1368 1397; x_wconf 64' lang='grc' dir='ltr'><strong>ἓ</strong></span> <span class='ocrx_word' id='word_1_73' title='bbox 1384 1313 1495 1380; x_wconf 81' lang='grc'><em>238.-</em></span> 
     </span>
     <span class='ocr_line' id='line_1_10' title="bbox 299 1438 1496 1544; baseline 0 -41"><span class='ocrx_word' id='word_1_74' title='bbox 299 1439 449 1504; x_wconf 84' lang='lat' dir='ltr'>‹Mortis</span> <span class='ocrx_word' id='word_1_75' title='bbox 465 1439 651 1544; x_wconf 27' lang='lat' dir='ltr'>&#39;articulum</span> <span class='ocrx_word' id='word_1_76' title='bbox 683 1459 739 1506; x_wconf 88' lang='lat' dir='ltr'>seu</span> <span class='ocrx_word' id='word_1_77' title='bbox 770 1439 961 1526; x_wconf 86' lang='lat' dir='ltr'>periculum,</span> <span class='ocrx_word' id='word_1_78' title='bbox 993 1460 1068 1506; x_wconf 91' lang='lat' dir='ltr'>nam</span> <span class='ocrx_word' id='word_1_79' title='bbox 1091 1440 1173 1506; x_wconf 88' lang='lat' dir='ltr'>haec</span> <span class='ocrx_word' id='word_1_80' title='bbox 1205 1438 1267 1504; x_wconf 93' lang='lat' dir='ltr'>duo</span> <span class='ocrx_word' id='word_1_81' title='bbox 1295 1439 1496 1524; x_wconf 80' lang='lat' dir='ltr'>promiscue</span> 
     </span>
    </p>
   </div>
   <div class='ocr_carea' id='block_1_4' title="bbox 296 1563 1496 1650">
    <p class='ocr_par' dir='ltr' id='par_1_5' title="bbox 296 1563 1496 1650">
     <span class='ocr_line' id='line_1_11' title="bbox 296 1563 1496 1650; baseline 0.002 -22"><span class='ocrx_word' id='word_1_82' title='bbox 296 1565 509 1649; x_wconf 88' lang='lat' dir='ltr'>accipiuntur,</span> <span class='ocrx_word' id='word_1_83' title='bbox 533 1563 693 1650; x_wconf 83' lang='lat' dir='ltr'>significat</span> <span class='ocrx_word' id='word_1_84' title='bbox 717 1565 794 1630; x_wconf 90' lang='lat' dir='ltr'>illud</span> <span class='ocrx_word' id='word_1_85' title='bbox 815 1586 924 1630; x_wconf 86' lang='lat' dir='ltr'>rerum</span> <span class='ocrx_word' id='word_1_86' title='bbox 942 1565 1115 1630; x_wconf 82' lang='lat' dir='ltr'>discrimen</span> <span class='ocrx_word' id='word_1_87' title='bbox 1132 1565 1164 1628; x_wconf 93' lang='lat' dir='ltr'>in</span> <span class='ocrx_word' id='word_1_88' title='bbox 1181 1583 1243 1648; x_wconf 94' lang='lat' dir='ltr'>quo</span> <span class='ocrx_word' id='word_1_89' title='bbox 1260 1569 1292 1628; x_wconf 90' lang='lat' dir='ltr'>et</span> <span class='ocrx_word' id='word_1_90' title='bbox 1306 1583 1496 1648; x_wconf 61' lang='lat' dir='ltr'>superasse</span> 
     </span>
    </p>
   </div>
   <div class='ocr_carea' id='block_1_5' title="bbox 296 1688 1494 1896">
    <p class='ocr_par' dir='ltr' id='par_1_6' title="bbox 296 1688 1494 1896">
     <span class='ocr_line' id='line_1_12' title="bbox 297 1688 1493 1776; baseline -0.001 -22"><span class='ocrx_word' id='word_1_91' title='bbox 297 1697 329 1756; x_wconf 87' lang='lat' dir='ltr'>et</span> <span class='ocrx_word' id='word_1_92' title='bbox 352 1688 545 1754; x_wconf 85' lang='lat' dir='ltr'>occumbere</span> <span class='ocrx_word' id='word_1_93' title='bbox 576 1697 746 1774; x_wconf 88' lang='lat' dir='ltr'>utrumque</span> <span class='ocrx_word' id='word_1_94' title='bbox 777 1697 826 1756; x_wconf 89' lang='lat' dir='ltr'>est</span> <span class='ocrx_word' id='word_1_95' title='bbox 855 1711 935 1756; x_wconf 88' lang='lat' dir='ltr'>vere</span> <span class='ocrx_word' id='word_1_96' title='bbox 966 1691 1176 1776; x_wconf 85' lang='lat' dir='ltr'>graviterque</span> <span class='ocrx_word' id='word_1_97' title='bbox 1207 1688 1384 1774; x_wconf 83' lang='lat' dir='ltr'>probabile.</span> <span class='ocrx_word' id='word_1_98' title='bbox 1409 1691 1493 1754; x_wconf 87' lang='lat' dir='ltr'>sive</span> 
     </span>
     <span class='ocr_line' id='line_1_13' title="bbox 296 1805 1494 1896; baseline -0.001 -22"><span class='ocrx_word' id='word_1_99' title='bbox 296 1811 374 1876; x_wconf 92' lang='lat' dir='ltr'>illud</span> <span class='ocrx_word' id='word_1_100' title='bbox 399 1811 441 1876; x_wconf 84' lang='lat' dir='ltr'>sit</span> <span class='ocrx_word' id='word_1_101' title='bbox 462 1809 503 1875; x_wconf 90' lang='lat' dir='ltr'>ab</span> <span class='ocrx_word' id='word_1_102' title='bbox 526 1811 713 1892; x_wconf 66' lang='lat' dir='ltr'>intrinseca</span> <span class='ocrx_word' id='word_1_103' title='bbox 738 1816 872 1896; x_wconf 89' lang='lat' dir='ltr'>utputa</span> <span class='ocrx_word' id='word_1_104' title='bbox 903 1810 1024 1882; x_wconf 79' lang='lat' dir='ltr'>morbo.</span> <span class='ocrx_word' id='word_1_105' title='bbox 1050 1809 1186 1875; x_wconf 89' lang='lat' dir='ltr'>vulnere</span> <span class='ocrx_word' id='word_1_106' title='bbox 1217 1805 1348 1880; x_wconf 89' lang='lat' dir='ltr'>inflicto,</span> <span class='ocrx_word' id='word_1_107' title='bbox 1382 1815 1494 1893; x_wconf 79' lang='lat' dir='ltr'>partu</span> 
     </span>
    </p>
   </div>
   <div class='ocr_carea' id='block_1_6' title="bbox 296 1931 1599 3392">
    <p class='ocr_par' dir='ltr' id='par_1_7' title="bbox 296 1931 1492 2144">
     <span class='ocr_line' id='line_1_14' title="bbox 297 1931 1492 2010; baseline 0.003 -12"><span class='ocrx_word' id='word_1_108' title='bbox 297 1931 427 2006; x_wconf 85' lang='lat' dir='ltr'>difficili,</span> <span class='ocrx_word' id='word_1_109' title='bbox 446 1939 593 1998; x_wconf 85' lang='lat' dir='ltr'>extrema</span> <span class='ocrx_word' id='word_1_110' title='bbox 609 1940 740 1999; x_wconf 86' lang='lat' dir='ltr'>senecta</span> <span class='ocrx_word' id='word_1_111' title='bbox 763 1939 836 2010; x_wconf 88' lang='lat' dir='ltr'>etc.;</span> <span class='ocrx_word' id='word_1_112' title='bbox 853 1935 923 2000; x_wconf 87' lang='lat' dir='ltr'>sive</span> <span class='ocrx_word' id='word_1_113' title='bbox 945 1935 986 1999; x_wconf 87' lang='lat' dir='ltr'>ab</span> <span class='ocrx_word' id='word_1_114' title='bbox 1002 1936 1195 2008; x_wconf 80' lang='lat' dir='ltr'>extrinseco,</span> <span class='ocrx_word' id='word_1_115' title='bbox 1212 1933 1302 1998; x_wconf 85' lang='lat' dir='ltr'>velut</span> <span class='ocrx_word' id='word_1_116' title='bbox 1317 1952 1361 1998; x_wconf 80' lang='lat' dir='ltr'>ex</span> <span class='ocrx_word' id='word_1_117' title='bbox 1382 1932 1492 2001; x_wconf 84' lang='lat' dir='ltr'>bello.</span> 
     </span>
     <span class='ocr_line' id='line_1_15' title="bbox 296 2058 1130 2144; baseline 0.001 -21"><span class='ocrx_word' id='word_1_118' title='bbox 296 2059 502 2144; x_wconf 87' lang='lat' dir='ltr'>navigatione</span> <span class='ocrx_word' id='word_1_119' title='bbox 526 2058 707 2143; x_wconf 85' lang='lat' dir='ltr'>periculosa</span> <span class='ocrx_word' id='word_1_120' title='bbox 730 2063 763 2124; x_wconf 89' lang='lat' dir='ltr'>et</span> <span class='ocrx_word' id='word_1_121' title='bbox 785 2058 816 2123; x_wconf 93' lang='lat' dir='ltr'>id</span> <span class='ocrx_word' id='word_1_122' title='bbox 840 2079 942 2144; x_wconf 84' lang='lat' dir='ltr'>genus</span> <span class='ocrx_word' id='word_1_123' title='bbox 966 2060 1084 2124; x_wconf 86' lang='lat' dir='ltr'>ceteris</span> <span class='ocrx_word' id='word_1_124' title='bbox 1102 2081 1130 2124; x_wconf 81' lang='lat'>›.</span> 
     </span>
    </p>

    <p class='ocr_par' dir='ltr' id='par_1_8' title="bbox 296 2181 1599 3122">
     <span class='ocr_line' id='line_1_16' title="bbox 386 2181 1493 2268; baseline 0 -20"><span class='ocrx_word' id='word_1_125' title='bbox 386 2185 424 2248; x_wconf 91' lang='lat' dir='ltr'>ln</span> <span class='ocrx_word' id='word_1_126' title='bbox 449 2203 580 2256; x_wconf 75' lang='lat' dir='ltr'>summa</span> <span class='ocrx_word' id='word_1_127' title='bbox 606 2181 701 2247; x_wconf 90' lang='lat' dir='ltr'>hodie</span> <span class='ocrx_word' id='word_1_128' title='bbox 725 2183 828 2268; x_wconf 87' lang='lat' dir='ltr'>quoad</span> <span class='ocrx_word' id='word_1_129' title='bbox 852 2203 945 2250; x_wconf 89' lang='lat' dir='ltr'>casus</span> <span class='ocrx_word' id='word_1_130' title='bbox 971 2184 1062 2248; x_wconf 84' lang='lat' dir='ltr'>Rom.</span> <span class='ocrx_word' id='word_1_131' title='bbox 1089 2184 1183 2248; x_wconf 90' lang='lat' dir='ltr'>Pont.</span> <span class='ocrx_word' id='word_1_132' title='bbox 1209 2186 1396 2248; x_wconf 89' lang='lat' dir='ltr'>reservatos</span> <span class='ocrx_word' id='word_1_133' title='bbox 1417 2181 1493 2248; x_wconf 87' lang='lat' dir='ltr'>hoc</span> 
     </span>
     <span class='ocr_line' id='line_1_17' title="bbox 296 2307 1491 2392; baseline 0.001 -22"><span class='ocrx_word' id='word_1_134' title='bbox 296 2308 385 2392; x_wconf 88' lang='lat' dir='ltr'>viget</span> <span class='ocrx_word' id='word_1_135' title='bbox 419 2307 477 2371; x_wconf 90' lang='lat' dir='ltr'>ius.</span> <span class='ocrx_word' id='word_1_136' title='bbox 502 2343 519 2354; x_wconf 91' lang='lat'><em>-</em></span> <span class='ocrx_word' id='word_1_137' title='bbox 544 2307 604 2381; x_wconf 86' lang='lat' dir='ltr'>Qui</span> <span class='ocrx_word' id='word_1_138' title='bbox 632 2307 844 2373; x_wconf 86' lang='lat' dir='ltr'>absolvuntur</span> <span class='ocrx_word' id='word_1_139' title='bbox 869 2343 886 2356; x_wconf 93' lang='lat'>-</span> <span class='ocrx_word' id='word_1_140' title='bbox 913 2313 1045 2392; x_wconf 88' lang='lat' dir='ltr'>praeter</span> <span class='ocrx_word' id='word_1_141' title='bbox 1068 2307 1252 2374; x_wconf 83' lang='lat' dir='ltr'>articulum</span> <span class='ocrx_word' id='word_1_142' title='bbox 1275 2307 1397 2373; x_wconf 69' lang='lat' dir='ltr'>mortae</span> <span class='ocrx_word' id='word_1_143' title='bbox 1421 2341 1441 2354; x_wconf 94' lang='lat'>-</span> <span class='ocrx_word' id='word_1_144' title='bbox 1469 2327 1491 2371; x_wconf 89' lang='lat' dir='ltr'>a</span> 
     </span>
     <span class='ocr_line' id='line_1_18' title="bbox 297 2428 1492 2518; baseline 0.002 -22"><span class='ocrx_word' id='word_1_145' title='bbox 297 2430 425 2496; x_wconf 83' lang='lat' dir='ltr'>casibus</span> <span class='ocrx_word' id='word_1_146' title='bbox 441 2428 548 2516; x_wconf 89' lang='lat' dir='ltr'>Papae</span> <span class='ocrx_word' id='word_1_147' title='bbox 565 2433 859 2518; x_wconf 90' lang='lat' dir='ltr'>quomodocumque</span> <span class='ocrx_word' id='word_1_148' title='bbox 881 2434 1067 2506; x_wconf 85' lang='lat' dir='ltr'>reservatis,</span> <span class='ocrx_word' id='word_1_149' title='bbox 1084 2432 1305 2517; x_wconf 87' lang='lat' dir='ltr'>quodcumque</span> <span class='ocrx_word' id='word_1_150' title='bbox 1322 2433 1362 2497; x_wconf 87' lang='lat' dir='ltr'>sit</span> <span class='ocrx_word' id='word_1_151' title='bbox 1379 2433 1492 2518; x_wconf 86' lang='lat' dir='ltr'>impe·</span> 
     </span>
     <span class='ocr_line' id='line_1_19' title="bbox 297 2555 1599 2656; baseline 0.002 -36"><span class='ocrx_word' id='word_1_152' title='bbox 297 2555 482 2629; x_wconf 88' lang='lat' dir='ltr'>dimentum,</span> <span class='ocrx_word' id='word_1_153' title='bbox 507 2557 641 2638; x_wconf 86' lang='lat' dir='ltr'>scilicet,</span> <span class='ocrx_word' id='word_1_154' title='bbox 666 2558 878 2634; x_wconf 82' lang='lat' dir='ltr'>diuturnum,</span> <span class='ocrx_word' id='word_1_155' title='bbox 896 2557 1004 2630; x_wconf 82' lang='lat' dir='ltr'>breue,</span> <span class='ocrx_word' id='word_1_156' title='bbox 1024 2563 1241 2641; x_wconf 79' lang='lat' dir='ltr'>perpetuum,</span> <span class='ocrx_word' id='word_1_157' title='bbox 1266 2555 1494 2622; x_wconf 87' lang='lat' dir='ltr'>absolvuntur</span> <span class='ocrx_word' id='word_1_158' title='bbox 1598 2625 1599 2656; x_wconf 38' lang='lat'>3</span> 
     </span>
     <span class='ocr_line' id='line_1_20' title="bbox 297 2659 1599 2766; baseline 0.003 -22"><span class='ocrx_word' id='word_1_159' title='bbox 297 2679 354 2746; x_wconf 91' lang='lat' dir='ltr'>sub</span> <span class='ocrx_word' id='word_1_160' title='bbox 379 2682 560 2746; x_wconf 77' lang='lat' dir='ltr'>&#39;conditione</span> <span class='ocrx_word' id='word_1_161' title='bbox 584 2683 833 2756; x_wconf 75' lang='lat' dir='ltr'>retacidcmlioa</span> <span class='ocrx_word' id='word_1_162' title='bbox 858 2683 1010 2748; x_wconf 91' lang='lat' dir='ltr'>nimirum</span> <span class='ocrx_word' id='word_1_163' title='bbox 1027 2683 1088 2746; x_wconf 90' lang='lat' dir='ltr'>uisi</span> <span class='ocrx_word' id='word_1_164' title='bbox 1105 2681 1192 2746; x_wconf 89' lang='lat' dir='ltr'>infra</span> <span class='ocrx_word' id='word_1_165' title='bbox 1207 2701 1349 2748; x_wconf 89' lang='lat' dir='ltr'>mensem</span> <span class='ocrx_word' id='word_1_166' title='bbox 1367 2701 1433 2766; x_wconf 87' lang='lat' dir='ltr'>per</span> <span class='ocrx_word' id='word_1_167' title='bbox 1450 2701 1494 2748; x_wconf 82' lang='lat' dir='ltr'>se</span> <span class='ocrx_word' id='word_1_168' title='bbox 1598 2659 1599 2662; x_wconf 8' lang='grc' dir='ltr'><strong>Ἴ</strong></span> 
     </span>
     <span class='ocr_line' id='line_1_21' title="bbox 298 2805 1490 2893; baseline 0.002 -23"><span class='ocrx_word' id='word_1_169' title='bbox 298 2811 353 2872; x_wconf 90' lang='lat' dir='ltr'>aut</span> <span class='ocrx_word' id='word_1_170' title='bbox 364 2827 424 2893; x_wconf 89' lang='lat' dir='ltr'>per</span> <span class='ocrx_word' id='word_1_171' title='bbox 436 2805 667 2872; x_wconf 86' lang='lat' dir='ltr'>confessarium</span> <span class='ocrx_word' id='word_1_172' title='bbox 684 2807 796 2871; x_wconf 87' lang='lat' dir='ltr'>saltem</span> <span class='ocrx_word' id='word_1_173' title='bbox 810 2828 869 2893; x_wconf 88' lang='lat' dir='ltr'>per</span> <span class='ocrx_word' id='word_1_174' title='bbox 885 2809 1053 2893; x_wconf 85' lang='lat' dir='ltr'>epistolam</span> <span class='ocrx_word' id='word_1_175' title='bbox 1066 2814 1242 2874; x_wconf 85' lang='lat' dir='ltr'>recurrant</span> <span class='ocrx_word' id='word_1_176' title='bbox 1253 2805 1293 2872; x_wconf 91' lang='lat' dir='ltr'>ad</span> <span class='ocrx_word' id='word_1_177' title='bbox 1305 2807 1337 2873; x_wconf 92' lang='lat' dir='ltr'>S.</span> <span class='ocrx_word' id='word_1_178' title='bbox 1350 2806 1490 2881; x_wconf 77' lang='lat' dir='ltr'>Sedena,</span> 
     </span>
     <span class='ocr_line' id='line_1_22' title="bbox 297 2917 1492 3016; baseline 0.003 -22"><span class='ocrx_word' id='word_1_179' title='bbox 297 2932 348 2995; x_wconf 90' lang='lat' dir='ltr'>vel</span> <span class='ocrx_word' id='word_1_180' title='bbox 370 2917 487 2995; x_wconf 85' lang='lat' dir='ltr'>novam</span> <span class='ocrx_word' id='word_1_181' title='bbox 503 2929 733 2995; x_wconf 91' lang='lat' dir='ltr'>absolutionem</span> <span class='ocrx_word' id='word_1_182' title='bbox 751 2935 861 3016; x_wconf 83' lang='lat' dir='ltr'>petant</span> <span class='ocrx_word' id='word_1_183' title='bbox 876 2929 915 2996; x_wconf 91' lang='lat' dir='ltr'>ab</span> <span class='ocrx_word' id='word_1_184' title='bbox 932 2930 1072 2996; x_wconf 84' lang='lat' dir='ltr'>habente</span> <span class='ocrx_word' id='word_1_185' title='bbox 1088 2931 1276 2996; x_wconf 79' lang='lat' dir='ltr'>facultatem</span> <span class='ocrx_word' id='word_1_186' title='bbox 1290 2929 1492 2998; x_wconf 82' lang='lat' dir='ltr'>absolvendi</span> 
     </span>
     <span class='ocr_line' id='line_1_23' title="bbox 297 3053 854 3122; baseline 0 -2"><span class='ocrx_word' id='word_1_187' title='bbox 297 3077 317 3120; x_wconf 85' lang='lat' dir='ltr'>a</span> <span class='ocrx_word' id='word_1_188' title='bbox 341 3055 468 3121; x_wconf 87' lang='lat' dir='ltr'>casibus</span> <span class='ocrx_word' id='word_1_189' title='bbox 491 3053 645 3120; x_wconf 90' lang='lat' dir='ltr'>eiusmodi</span> <span class='ocrx_word' id='word_1_190' title='bbox 669 3057 854 3122; x_wconf 87' lang='lat' dir='ltr'>reservatis.</span> 
     </span>
    </p>

    <p class='ocr_par' dir='ltr' id='par_1_9' title="bbox 297 3178 1489 3392">
     <span class='ocr_line' id='line_1_24' title="bbox 386 3178 1489 3263; baseline 0.001 -19"><span class='ocrx_word' id='word_1_191' title='bbox 386 3181 574 3261; x_wconf 89' lang='lat' dir='ltr'>Praeterea,</span> <span class='ocrx_word' id='word_1_192' title='bbox 599 3181 658 3246; x_wconf 88' lang='lat' dir='ltr'>etsi</span> <span class='ocrx_word' id='word_1_193' title='bbox 683 3201 747 3245; x_wconf 90' lang='lat' dir='ltr'>non</span> <span class='ocrx_word' id='word_1_194' title='bbox 770 3181 853 3246; x_wconf 89' lang='lat' dir='ltr'>adsit</span> <span class='ocrx_word' id='word_1_195' title='bbox 875 3181 1159 3263; x_wconf 80' lang='lat' dir='ltr'>impedimentum</span> <span class='ocrx_word' id='word_1_196' title='bbox 1189 3179 1354 3245; x_wconf 85' lang='lat' dir='ltr'>obtinendi</span> <span class='ocrx_word' id='word_1_197' title='bbox 1384 3178 1489 3245; x_wconf 87' lang='lat' dir='ltr'>abso-</span> 
     </span>
     <span class='ocr_line' id='line_1_25' title="bbox 297 3304 1489 3392; baseline 0 -22"><span class='ocrx_word' id='word_1_198' title='bbox 297 3306 534 3390; x_wconf 85' lang='lat' dir='ltr'>lutionempor</span> <span class='ocrx_word' id='word_1_199' title='bbox 558 3326 655 3370; x_wconf 91' lang='lat' dir='ltr'>unum</span> <span class='ocrx_word' id='word_1_200' title='bbox 684 3325 727 3370; x_wconf 80' lang='lat' dir='ltr'>on</span> <span class='ocrx_word' id='word_1_201' title='bbox 750 3306 924 3392; x_wconf 87' lang='lat' dir='ltr'>praedictis</span> <span class='ocrx_word' id='word_1_202' title='bbox 955 3305 1066 3386; x_wconf 89' lang='lat' dir='ltr'>modis,</span> <span class='ocrx_word' id='word_1_203' title='bbox 1090 3311 1124 3369; x_wconf 90' lang='lat' dir='ltr'>at</span> <span class='ocrx_word' id='word_1_204' title='bbox 1152 3305 1193 3370; x_wconf 87' lang='lat' dir='ltr'>sit</span> <span class='ocrx_word' id='word_1_205' title='bbox 1215 3324 1317 3390; x_wconf 87' lang='lat' dir='ltr'>grave</span> <span class='ocrx_word' id='word_1_206' title='bbox 1348 3304 1489 3370; x_wconf 79' lang='lat' dir='ltr'>incont-</span> 
     </span>
    </p>
   </div>
   <div class='ocr_carea' id='block_1_7' title="bbox 298 3429 1597 3514">
    <p class='ocr_par' dir='ltr' id='par_1_10' title="bbox 298 3429 1597 3514">
     <span class='ocr_line' id='line_1_26' title="bbox 298 3429 1597 3514; baseline 0.003 -23"><span class='ocrx_word' id='word_1_207' title='bbox 298 3429 439 3494; x_wconf 81' lang='lat' dir='ltr'>modmm</span> <span class='ocrx_word' id='word_1_208' title='bbox 469 3429 502 3491; x_wconf 87' lang='lat' dir='ltr'>in</span> <span class='ocrx_word' id='word_1_209' title='bbox 538 3429 734 3513; x_wconf 82' lang='lat' dir='ltr'>exequendis</span> <span class='ocrx_word' id='word_1_210' title='bbox 768 3431 859 3495; x_wconf 88' lang='lat' dir='ltr'>hisce</span> <span class='ocrx_word' id='word_1_211' title='bbox 890 3429 992 3495; x_wconf 89' lang='lat' dir='ltr'>modis</span> <span class='ocrx_word' id='word_1_212' title='bbox 1023 3429 1063 3494; x_wconf 93' lang='lat' dir='ltr'>ob</span> <span class='ocrx_word' id='word_1_213' title='bbox 1097 3435 1223 3514; x_wconf 84' lang='lat' dir='ltr'>tempus</span> <span class='ocrx_word' id='word_1_214' title='bbox 1255 3449 1317 3513; x_wconf 93' lang='lat' dir='ltr'>quo</span> <span class='ocrx_word' id='word_1_215' title='bbox 1352 3429 1492 3495; x_wconf 83' lang='lat' dir='ltr'>interea</span> <span class='ocrx_word' id='word_1_216' title='bbox 1596 3431 1597 3436; x_wconf 74' lang='grc'>’</span> 
     </span>
    </p>
   </div>
   <div class='ocr_carea' id='block_1_8' title="bbox 297 3551 1492 3643">
    <p class='ocr_par' dir='ltr' id='par_1_11' title="bbox 297 3551 1492 3643">
     <span class='ocr_line' id='line_1_27' title="bbox 297 3551 1492 3643; baseline 0.002 -28"><span class='ocrx_word' id='word_1_217' title='bbox 297 3552 465 3636; x_wconf 84' lang='lat' dir='ltr'>poenitens</span> <span class='ocrx_word' id='word_1_218' title='bbox 488 3571 681 3643; x_wconf 87' lang='lat' dir='ltr'>permanere</span> <span class='ocrx_word' id='word_1_219' title='bbox 713 3551 808 3617; x_wconf 87' lang='lat' dir='ltr'>debet</span> <span class='ocrx_word' id='word_1_220' title='bbox 830 3554 863 3616; x_wconf 90' lang='lat' dir='ltr'>in</span> <span class='ocrx_word' id='word_1_221' title='bbox 887 3557 1030 3637; x_wconf 83' lang='lat' dir='ltr'>peccatu,</span> <span class='ocrx_word' id='word_1_222' title='bbox 1054 3552 1212 3618; x_wconf 88' lang='lat' dir='ltr'>absolutio</span> <span class='ocrx_word' id='word_1_223' title='bbox 1237 3551 1307 3617; x_wconf 85' lang='lat' dir='ltr'>dari</span> <span class='ocrx_word' id='word_1_224' title='bbox 1331 3557 1443 3636; x_wconf 77' lang='lat' dir='ltr'>potest</span> <span class='ocrx_word' id='word_1_225' title='bbox 1468 3573 1492 3617; x_wconf 86' lang='lat' dir='ltr'>a</span> 
     </span>
    </p>
   </div>
   <div class='ocr_carea' id='block_1_9' title="bbox 297 3673 1596 3766">
    <p class='ocr_par' dir='ltr' id='par_1_12' title="bbox 297 3673 1596 3766">
     <span class='ocr_line' id='line_1_28' title="bbox 297 3673 1596 3766; baseline 0.002 -27"><span class='ocrx_word' id='word_1_226' title='bbox 297 3674 495 3739; x_wconf 78' lang='lat' dir='ltr'>confessario</span> <span class='ocrx_word' id='word_1_227' title='bbox 520 3673 577 3740; x_wconf 88' lang='lat' dir='ltr'>sub</span> <span class='ocrx_word' id='word_1_228' title='bbox 601 3674 784 3740; x_wconf 84' lang='lat' dir='ltr'>conditione</span> <span class='ocrx_word' id='word_1_229' title='bbox 815 3681 922 3740; x_wconf 89' lang='lat' dir='ltr'>tamen</span> <span class='ocrx_word' id='word_1_230' title='bbox 954 3675 1200 3748; x_wconf 85' lang='lat' dir='ltr'>reincidentiae,</span> <span class='ocrx_word' id='word_1_231' title='bbox 1225 3695 1282 3741; x_wconf 86' lang='lat' dir='ltr'>seu</span> <span class='ocrx_word' id='word_1_232' title='bbox 1306 3675 1369 3740; x_wconf 87' lang='lat' dir='ltr'>nisi</span> <span class='ocrx_word' id='word_1_233' title='bbox 1393 3675 1492 3741; x_wconf 83' lang='lat' dir='ltr'>infra</span> <span class='ocrx_word' id='word_1_234' title='bbox 1595 3747 1596 3766; x_wconf 27' lang='lat'>2</span> 
     </span>
    </p>
   </div>
   <div class='ocr_carea' id='block_1_10' title="bbox 296 3799 1490 4502">
    <p class='ocr_par' dir='ltr' id='par_1_13' title="bbox 296 3799 1490 4257">
     <span class='ocr_line' id='line_1_29' title="bbox 298 3799 1489 3886; baseline 0.003 -23"><span class='ocrx_word' id='word_1_235' title='bbox 298 3819 440 3864; x_wconf 85' lang='lat' dir='ltr'>mensam</span> <span class='ocrx_word' id='word_1_236' title='bbox 464 3801 517 3864; x_wconf 93' lang='lat' dir='ltr'>uni</span> <span class='ocrx_word' id='word_1_237' title='bbox 543 3799 713 3865; x_wconf 84' lang='lat' dir='ltr'>extribus</span> <span class='ocrx_word' id='word_1_238' title='bbox 741 3821 840 3886; x_wconf 91' lang='lat' dir='ltr'>supra</span> <span class='ocrx_word' id='word_1_239' title='bbox 862 3799 1036 3866; x_wconf 87' lang='lat' dir='ltr'>declaratis</span> <span class='ocrx_word' id='word_1_240' title='bbox 1066 3799 1172 3866; x_wconf 88' lang='lat' dir='ltr'>modis</span> <span class='ocrx_word' id='word_1_241' title='bbox 1194 3801 1362 3885; x_wconf 82' lang='lat' dir='ltr'>poenitens</span> <span class='ocrx_word' id='word_1_242' title='bbox 1384 3801 1489 3866; x_wconf 84' lang='lat' dir='ltr'>satis-</span> 
     </span>
     <span class='ocr_line' id='line_1_30' title="bbox 297 3922 1490 4009; baseline 0.002 -23"><span class='ocrx_word' id='word_1_243' title='bbox 297 3922 404 3986; x_wconf 88' lang='lat' dir='ltr'>faciat.</span> <span class='ocrx_word' id='word_1_244' title='bbox 430 3957 444 3969; x_wconf 94' lang='lat'>-</span> <span class='ocrx_word' id='word_1_245' title='bbox 468 3923 612 4007; x_wconf 88' lang='lat' dir='ltr'>Denique</span> <span class='ocrx_word' id='word_1_246' title='bbox 636 3922 763 4008; x_wconf 92' lang='lat' dir='ltr'>quando</span> <span class='ocrx_word' id='word_1_247' title='bbox 785 3923 966 4009; x_wconf 78' lang='lat' dir='ltr'>procesit,</span> <span class='ocrx_word' id='word_1_248' title='bbox 993 3924 1048 3986; x_wconf 91' lang='lat' dir='ltr'>uni</span> <span class='ocrx_word' id='word_1_249' title='bbox 1072 3922 1299 4008; x_wconf 87' lang='lat' dir='ltr'>obtemperare</span> <span class='ocrx_word' id='word_1_250' title='bbox 1322 3943 1365 3987; x_wconf 82' lang='lat' dir='ltr'>ex</span> <span class='ocrx_word' id='word_1_251' title='bbox 1389 3922 1490 3988; x_wconf 85' lang='lat' dir='ltr'>bisce</span> 
     </span>
     <span class='ocr_line' id='line_1_31' title="bbox 296 4047 1485 4129; baseline 0 -15"><span class='ocrx_word' id='word_1_252' title='bbox 296 4047 523 4114; x_wconf 82' lang='lat' dir='ltr'>satisfactionis</span> <span class='ocrx_word' id='word_1_253' title='bbox 547 4049 658 4129; x_wconf 88' lang='lat' dir='ltr'>modis,</span> <span class='ocrx_word' id='word_1_254' title='bbox 676 4049 752 4114; x_wconf 85' lang='lat' dir='ltr'>licet</span> <span class='ocrx_word' id='word_1_255' title='bbox 768 4048 967 4113; x_wconf 88' lang='lat' dir='ltr'>confessario</span> <span class='ocrx_word' id='word_1_256' title='bbox 983 4048 1130 4114; x_wconf 89' lang='lat' dir='ltr'>absolute</span> <span class='ocrx_word' id='word_1_257' title='bbox 1146 4047 1327 4114; x_wconf 85' lang='lat' dir='ltr'>absolvere.</span> <span class='ocrx_word' id='word_1_258' title='bbox 1344 4085 1359 4096; x_wconf 95' lang='lat'>-</span> <span class='ocrx_word' id='word_1_259' title='bbox 1377 4047 1485 4124; x_wconf 80' lang='lat' dir='ltr'>Haec,</span> 
     </span>
     <span class='ocr_line' id='line_1_32' title="bbox 297 4173 790 4257; baseline -0.002 -21"><span class='ocrx_word' id='word_1_260' title='bbox 297 4177 430 4257; x_wconf 90' lang='lat' dir='ltr'>praeter</span> <span class='ocrx_word' id='word_1_261' title='bbox 453 4173 638 4239; x_wconf 78' lang='lat' dir='ltr'>articulum</span> <span class='ocrx_word' id='word_1_262' title='bbox 661 4173 790 4239; x_wconf 77' lang='lat' dir='ltr'>mortis.</span> 
     </span>
    </p>

    <p class='ocr_par' dir='ltr' id='par_1_14' title="bbox 298 4295 1484 4502">
     <span class='ocr_line' id='line_1_33' title="bbox 389 4295 1484 4381; baseline 0.005 -22"><span class='ocrx_word' id='word_1_263' title='bbox 389 4296 468 4360; x_wconf 91' lang='lat' dir='ltr'>Nam</span> <span class='ocrx_word' id='word_1_264' title='bbox 492 4297 525 4360; x_wconf 93' lang='lat' dir='ltr'>in</span> <span class='ocrx_word' id='word_1_265' title='bbox 548 4297 611 4361; x_wconf 89' lang='lat' dir='ltr'>boc</span> <span class='ocrx_word' id='word_1_266' title='bbox 633 4297 778 4381; x_wconf 89' lang='lat' dir='ltr'>periculo</span> <span class='ocrx_word' id='word_1_267' title='bbox 802 4298 935 4381; x_wconf 89' lang='lat' dir='ltr'>quisque</span> <span class='ocrx_word' id='word_1_268' title='bbox 951 4295 1170 4364; x_wconf 85' lang='lat' dir='ltr'>confessarius</span> <span class='ocrx_word' id='word_1_269' title='bbox 1193 4298 1252 4364; x_wconf 82' lang='lat' dir='ltr'>elsi</span> <span class='ocrx_word' id='word_1_270' title='bbox 1272 4319 1339 4364; x_wconf 94' lang='lat' dir='ltr'>non</span> <span class='ocrx_word' id='word_1_271' title='bbox 1355 4315 1484 4381; x_wconf 71' lang='lat' dir='ltr'>oppam·</span> 
     </span>
     <span class='ocr_line' id='line_1_34' title="bbox 298 4407 1482 4502; baseline 0.003 -17"><span class='ocrx_word' id='word_1_272' title='bbox 298 4417 395 4485; x_wconf 83' lang='lat' dir='ltr'>batus</span> <span class='ocrx_word' id='word_1_273' title='bbox 425 4417 594 4484; x_wconf 88' lang='lat' dir='ltr'>absolvere</span> <span class='ocrx_word' id='word_1_274' title='bbox 624 4418 712 4484; x_wconf 89' lang='lat' dir='ltr'>valet</span> <span class='ocrx_word' id='word_1_275' title='bbox 743 4419 817 4502; x_wconf 89' lang='lat' dir='ltr'>quia</span> <span class='ocrx_word' id='word_1_276' title='bbox 848 4422 951 4486; x_wconf 92' lang='lat' dir='ltr'>omnis</span> <span class='ocrx_word' id='word_1_277' title='bbox 975 4421 1155 4487; x_wconf 88' lang='lat' dir='ltr'>reservatio</span> <span class='ocrx_word' id='word_1_278' title='bbox 1183 4426 1307 4498; x_wconf 85' lang='lat' dir='ltr'>cessat;</span> <span class='ocrx_word' id='word_1_279' title='bbox 1332 4427 1365 4488; x_wconf 89' lang='lat' dir='ltr'>et</span> <span class='ocrx_word' id='word_1_280' title='bbox 1388 4407 1482 4488; x_wconf 81' lang='lat' dir='ltr'>dum-</span> 
     </span>
    </p>
   </div>
   <div class='ocr_carea' id='block_1_11' title="bbox 0 0 1606 5104">
    <p class='ocr_par' dir='ltr' id='par_1_15' title="bbox 0 0 1606 5104">
     <span class='ocr_line' id='line_1_35' title="bbox 0 0 1606 5104; baseline 0 1"><span class='ocrx_word' id='word_1_281' title='bbox 0 0 1606 5104; x_wconf 95' lang='lat' dir='ltr'> </span> 
     </span>
    </p>
   </div>
  </div>
 </body>
</html>
