<?xml version="1.0" encoding="UTF-8"?>
<!DOCTYPE html PUBLIC "-//W3C//DTD XHTML 1.0 Transitional//EN"
    "http://www.w3.org/TR/xhtml1/DTD/xhtml1-transitional.dtd">
<html xmlns="http://www.w3.org/1999/xhtml" xml:lang="en" lang="en">
 <head>
  <title>
</title>
<meta http-equiv="Content-Type" content="text/html;charset=utf-8" />
  <meta name='ocr-system' content='tesseract 3.04.00' />
  <meta name='ocr-capabilities' content='ocr_page ocr_carea ocr_par ocr_line ocrx_word'/>
</head>
<body>
  <div class='ocr_page' id='page_1' title='image "./praelectionesin02legagoog_0252.png"; bbox 0 0 3202 5104; ppageno 0'>
   <div class='ocr_carea' id='block_1_1' title="bbox 471 335 1269 404">
    <p class='ocr_par' dir='ltr' id='par_1_1' title="bbox 471 335 1269 404">
     <span class='ocr_line' id='line_1_1' title="bbox 471 335 1269 404; baseline -0.001 -4"><span class='ocrx_word' id='word_1_1' title='bbox 471 355 514 401; x_wconf 83' lang='lat' dir='ltr'>ns</span> <span class='ocrx_word' id='word_1_2' title='bbox 539 355 692 403; x_wconf 80' lang='lat' dir='ltr'>nnnrcris</span> <span class='ocrx_word' id='word_1_3' title='bbox 716 356 759 402; x_wconf 80' lang='lat' dir='ltr'>nr</span> <span class='ocrx_word' id='word_1_4' title='bbox 782 357 901 404; x_wconf 76' lang='lat' dir='ltr'>pomus</span> <span class='ocrx_word' id='word_1_5' title='bbox 1205 335 1269 400; x_wconf 77' lang='lat'>247</span> 
     </span>
    </p>
   </div>
   <div class='ocr_carea' id='block_1_2' title="bbox 99 471 1274 564">
    <p class='ocr_par' dir='ltr' id='par_1_2' title="bbox 99 471 1274 564">
     <span class='ocr_line' id='line_1_2' title="bbox 99 471 1274 564; baseline 0.007 -30"><span class='ocrx_word' id='word_1_6' title='bbox 99 471 181 536; x_wconf 90' lang='lat' dir='ltr'>tibus</span> <span class='ocrx_word' id='word_1_7' title='bbox 204 493 260 538; x_wconf 89' lang='lat' dir='ltr'>seu</span> <span class='ocrx_word' id='word_1_8' title='bbox 285 475 504 542; x_wconf 83' lang='lat' dir='ltr'>criminalibus</span> <span class='ocrx_word' id='word_1_9' title='bbox 527 477 590 542; x_wconf 93' lang='lat' dir='ltr'>hoc</span> <span class='ocrx_word' id='word_1_10' title='bbox 613 477 818 564; x_wconf 86' lang='lat' dir='ltr'>privilegium</span> <span class='ocrx_word' id='word_1_11' title='bbox 850 479 995 542; x_wconf 90' lang='lat' dir='ltr'>invocari</span> <span class='ocrx_word' id='word_1_12' title='bbox 1018 497 1083 542; x_wconf 91' lang='lat' dir='ltr'>non</span> <span class='ocrx_word' id='word_1_13' title='bbox 1107 497 1215 562; x_wconf 90' lang='lat' dir='ltr'>posse,</span> <span class='ocrx_word' id='word_1_14' title='bbox 1241 483 1274 542; x_wconf 89' lang='lat' dir='ltr'>et</span> 
     </span>
    </p>
   </div>
   <div class='ocr_carea' id='block_1_3' title="bbox 99 600 1275 4546">
    <p class='ocr_par' dir='ltr' id='par_1_3' title="bbox 99 600 1273 1540">
     <span class='ocr_line' id='line_1_3' title="bbox 99 600 1272 688; baseline 0.005 -26"><span class='ocrx_word' id='word_1_15' title='bbox 99 600 234 682; x_wconf 85' lang='lat' dir='ltr'>relinqui</span> <span class='ocrx_word' id='word_1_16' title='bbox 251 601 415 668; x_wconf 91' lang='lat' dir='ltr'>Ordinarii</span> <span class='ocrx_word' id='word_1_17' title='bbox 440 602 630 688; x_wconf 79' lang='lat' dir='ltr'>prudentiae</span> <span class='ocrx_word' id='word_1_18' title='bbox 655 611 687 669; x_wconf 92' lang='lat' dir='ltr'>et</span> <span class='ocrx_word' id='word_1_19' title='bbox 710 604 933 683; x_wconf 84' lang='lat' dir='ltr'>moderationi,</span> <span class='ocrx_word' id='word_1_20' title='bbox 951 603 1121 670; x_wconf 89' lang='lat' dir='ltr'>consulere</span> <span class='ocrx_word' id='word_1_21' title='bbox 1147 625 1188 668; x_wconf 91' lang='lat' dir='ltr'>ne</span> <span class='ocrx_word' id='word_1_22' title='bbox 1212 604 1272 668; x_wconf 91' lang='lat' dir='ltr'>cle·</span> 
     </span>
     <span class='ocr_line' id='line_1_4' title="bbox 100 722 1273 814; baseline 0.006 -29"><span class='ocrx_word' id='word_1_23' title='bbox 100 722 182 786; x_wconf 89' lang='lat' dir='ltr'>ricus</span> <span class='ocrx_word' id='word_1_24' title='bbox 206 722 245 786; x_wconf 89' lang='lat' dir='ltr'>ad</span> <span class='ocrx_word' id='word_1_25' title='bbox 270 724 534 793; x_wconf 88' lang='lat' dir='ltr'>emendicandum</span> <span class='ocrx_word' id='word_1_26' title='bbox 559 733 688 792; x_wconf 87' lang='lat' dir='ltr'>coactus</span> <span class='ocrx_word' id='word_1_27' title='bbox 712 729 835 794; x_wconf 89' lang='lat' dir='ltr'>maiora</span> <span class='ocrx_word' id='word_1_28' title='bbox 861 727 1014 793; x_wconf 86' lang='lat' dir='ltr'>scandala</span> <span class='ocrx_word' id='word_1_29' title='bbox 1041 735 1204 814; x_wconf 85' lang='lat' dir='ltr'>provocet.</span> <span class='ocrx_word' id='word_1_30' title='bbox 1229 727 1273 792; x_wconf 86' lang='lat' dir='ltr'>At</span> 
     </span>
     <span class='ocr_line' id='line_1_5' title="bbox 101 848 1273 937; baseline 0.004 -27"><span class='ocrx_word' id='word_1_31' title='bbox 101 851 179 912; x_wconf 91' lang='lat' dir='ltr'>ratio</span> <span class='ocrx_word' id='word_1_32' title='bbox 202 848 352 916; x_wconf 88' lang='lat' dir='ltr'>habenda</span> <span class='ocrx_word' id='word_1_33' title='bbox 375 857 423 916; x_wconf 88' lang='lat' dir='ltr'>est</span> <span class='ocrx_word' id='word_1_34' title='bbox 445 851 639 918; x_wconf 83' lang='lat' dir='ltr'>discriminis</span> <span class='ocrx_word' id='word_1_35' title='bbox 662 853 745 937; x_wconf 89' lang='lat' dir='ltr'>quod</span> <span class='ocrx_word' id='word_1_36' title='bbox 775 853 947 920; x_wconf 80' lang='lat' dir='ltr'>intercedit</span> <span class='ocrx_word' id='word_1_37' title='bbox 974 854 1060 917; x_wconf 90' lang='lat' dir='ltr'>inter</span> <span class='ocrx_word' id='word_1_38' title='bbox 1087 871 1217 935; x_wconf 85' lang='lat' dir='ltr'>poenas</span> <span class='ocrx_word' id='word_1_39' title='bbox 1241 857 1273 916; x_wconf 90' lang='lat' dir='ltr'>et</span> 
     </span>
     <span class='ocr_line' id='line_1_6' title="bbox 100 975 1273 1064; baseline 0.001 -23"><span class='ocrx_word' id='word_1_40' title='bbox 100 996 268 1042; x_wconf 69' lang='lat' dir='ltr'>censimus.</span> <span class='ocrx_word' id='word_1_41' title='bbox 295 1015 310 1024; x_wconf 98' lang='lat'>-</span> <span class='ocrx_word' id='word_1_42' title='bbox 337 977 415 1043; x_wconf 90' lang='lat' dir='ltr'>Nam</span> <span class='ocrx_word' id='word_1_43' title='bbox 437 998 550 1062; x_wconf 74' lang='lat' dir='ltr'>poeria</span> <span class='ocrx_word' id='word_1_44' title='bbox 574 977 729 1064; x_wconf 87' lang='lat' dir='ltr'>infligitur</span> <span class='ocrx_word' id='word_1_45' title='bbox 751 979 791 1042; x_wconf 86' lang='lat' dir='ltr'>ad</span> <span class='ocrx_word' id='word_1_46' title='bbox 815 983 940 1044; x_wconf 92' lang='lat' dir='ltr'>certum</span> <span class='ocrx_word' id='word_1_47' title='bbox 965 983 1099 1063; x_wconf 88' lang='lat' dir='ltr'>tempus,</span> <span class='ocrx_word' id='word_1_48' title='bbox 1117 975 1201 1041; x_wconf 90' lang='lat' dir='ltr'>unde</span> <span class='ocrx_word' id='word_1_49' title='bbox 1218 975 1273 1042; x_wconf 92' lang='lat' dir='ltr'>Su·</span> 
     </span>
     <span class='ocr_line' id='line_1_7' title="bbox 100 1101 1271 1187; baseline 0.001 -24"><span class='ocrx_word' id='word_1_50' title='bbox 100 1101 206 1182; x_wconf 90' lang='lat' dir='ltr'>perior</span> <span class='ocrx_word' id='word_1_51' title='bbox 221 1121 341 1166; x_wconf 85' lang='lat' dir='ltr'>curere</span> <span class='ocrx_word' id='word_1_52' title='bbox 356 1101 450 1168; x_wconf 91' lang='lat' dir='ltr'>debet</span> <span class='ocrx_word' id='word_1_53' title='bbox 473 1123 536 1187; x_wconf 88' lang='lat' dir='ltr'>qua</span> <span class='ocrx_word' id='word_1_54' title='bbox 558 1105 684 1168; x_wconf 91' lang='lat' dir='ltr'>ratione</span> <span class='ocrx_word' id='word_1_55' title='bbox 699 1103 828 1168; x_wconf 85' lang='lat' dir='ltr'>interim</span> <span class='ocrx_word' id='word_1_56' title='bbox 853 1123 928 1168; x_wconf 92' lang='lat' dir='ltr'>reus</span> <span class='ocrx_word' id='word_1_57' title='bbox 951 1121 1028 1167; x_wconf 92' lang='lat' dir='ltr'>suae</span> <span class='ocrx_word' id='word_1_58' title='bbox 1051 1101 1198 1166; x_wconf 88' lang='lat' dir='ltr'>consulat</span> <span class='ocrx_word' id='word_1_59' title='bbox 1220 1121 1271 1165; x_wconf 89' lang='lat' dir='ltr'>su-</span> 
     </span>
     <span class='ocr_line' id='line_1_8' title="bbox 100 1223 1273 1313; baseline 0.001 -27"><span class='ocrx_word' id='word_1_60' title='bbox 100 1226 291 1290; x_wconf 86' lang='lat' dir='ltr'>stentationi.</span> <span class='ocrx_word' id='word_1_61' title='bbox 312 1231 353 1291; x_wconf 81' lang='lat' dir='ltr'>At</span> <span class='ocrx_word' id='word_1_62' title='bbox 375 1247 417 1292; x_wconf 84' lang='lat' dir='ltr'>ex</span> <span class='ocrx_word' id='word_1_63' title='bbox 440 1227 577 1292; x_wconf 86' lang='lat' dir='ltr'>adverso</span> <span class='ocrx_word' id='word_1_64' title='bbox 594 1229 625 1291; x_wconf 92' lang='lat' dir='ltr'>in</span> <span class='ocrx_word' id='word_1_65' title='bbox 642 1227 824 1313; x_wconf 81' lang='lat' dir='ltr'>infligendis</span> <span class='ocrx_word' id='word_1_66' title='bbox 840 1227 992 1294; x_wconf 73' lang='lat' dir='ltr'>censuris</span> <span class='ocrx_word' id='word_1_67' title='bbox 1015 1227 1078 1291; x_wconf 92' lang='lat' dir='ltr'>hoc</span> <span class='ocrx_word' id='word_1_68' title='bbox 1096 1223 1273 1290; x_wconf 78' lang='lat' dir='ltr'>intenditur</span> 
     </span>
     <span class='ocr_line' id='line_1_9' title="bbox 101 1349 1271 1437; baseline 0.003 -26"><span class='ocrx_word' id='word_1_69' title='bbox 101 1353 132 1412; x_wconf 93' lang='lat' dir='ltr'>ut</span> <span class='ocrx_word' id='word_1_70' title='bbox 154 1349 295 1415; x_wconf 89' lang='lat' dir='ltr'>clericus</span> <span class='ocrx_word' id='word_1_71' title='bbox 319 1370 395 1416; x_wconf 89' lang='lat' dir='ltr'>suae</span> <span class='ocrx_word' id='word_1_72' title='bbox 418 1353 544 1437; x_wconf 89' lang='lat' dir='ltr'>inopiae</span> <span class='ocrx_word' id='word_1_73' title='bbox 571 1353 675 1417; x_wconf 86' lang='lat' dir='ltr'>taedio</span> <span class='ocrx_word' id='word_1_74' title='bbox 699 1349 842 1421; x_wconf 87' lang='lat' dir='ltr'>allectus,</span> <span class='ocrx_word' id='word_1_75' title='bbox 868 1371 962 1435; x_wconf 89' lang='lat' dir='ltr'>quam</span> <span class='ocrx_word' id='word_1_76' title='bbox 994 1351 1087 1416; x_wconf 90' lang='lat' dir='ltr'>citius</span> <span class='ocrx_word' id='word_1_77' title='bbox 1114 1369 1134 1414; x_wconf 92' lang='lat' dir='ltr'>a</span> <span class='ocrx_word' id='word_1_78' title='bbox 1161 1355 1271 1414; x_wconf 89' lang='lat' dir='ltr'>contu·</span> 
     </span>
     <span class='ocr_line' id='line_1_10' title="bbox 100 1474 363 1540; baseline 0.019 -5"><span class='ocrx_word' id='word_1_79' title='bbox 100 1475 199 1538; x_wconf 80' lang='lat' dir='ltr'>macie</span> <span class='ocrx_word' id='word_1_80' title='bbox 222 1474 363 1540; x_wconf 77' lang='lat' dir='ltr'>desistat</span> 
     </span>
    </p>

    <p class='ocr_par' dir='ltr' id='par_1_4' title="bbox 99 1597 1273 2180">
     <span class='ocr_line' id='line_1_11' title="bbox 143 1597 1273 1686; baseline 0 -26"><span class='ocrx_word' id='word_1_81' title='bbox 143 1635 151 1660; x_wconf 83' lang='grc'>.</span> <span class='ocrx_word' id='word_1_82' title='bbox 187 1597 262 1662; x_wconf 83' lang='grc'><strong>167.</strong></span> <span class='ocrx_word' id='word_1_83' title='bbox 288 1599 466 1685; x_wconf 89' lang='lat' dir='ltr'>Suspensus</span> <span class='ocrx_word' id='word_1_84' title='bbox 490 1621 568 1666; x_wconf 89' lang='lat' dir='ltr'>vero</span> <span class='ocrx_word' id='word_1_85' title='bbox 593 1621 613 1665; x_wconf 90' lang='lat' dir='ltr'>a</span> <span class='ocrx_word' id='word_1_86' title='bbox 635 1602 709 1668; x_wconf 87' lang='lat' dir='ltr'>solo</span> <span class='ocrx_word' id='word_1_87' title='bbox 737 1601 886 1686; x_wconf 81' lang='lat' dir='ltr'>beneficii</span> <span class='ocrx_word' id='word_1_88' title='bbox 917 1601 1212 1666; x_wconf 76' lang='lat' dir='ltr'>administratione</span> <span class='ocrx_word' id='word_1_89' title='bbox 1234 1617 1273 1661; x_wconf 88' lang='lat' dir='ltr'>ea</span> 
     </span>
     <span class='ocr_line' id='line_1_12' title="bbox 100 1721 1273 1810; baseline 0 -26"><span class='ocrx_word' id='word_1_90' title='bbox 100 1741 257 1806; x_wconf 87' lang='lat' dir='ltr'>peragere</span> <span class='ocrx_word' id='word_1_91' title='bbox 288 1744 352 1788; x_wconf 90' lang='lat' dir='ltr'>non</span> <span class='ocrx_word' id='word_1_92' title='bbox 383 1732 487 1810; x_wconf 86' lang='lat' dir='ltr'>potest</span> <span class='ocrx_word' id='word_1_93' title='bbox 516 1725 802 1792; x_wconf 85' lang='lat' dir='ltr'>administrationis</span> <span class='ocrx_word' id='word_1_94' title='bbox 835 1727 983 1809; x_wconf 91' lang='lat' dir='ltr'>propria,</span> <span class='ocrx_word' id='word_1_95' title='bbox 1008 1723 1124 1796; x_wconf 85' lang='lat' dir='ltr'>veluti,</span> <span class='ocrx_word' id='word_1_96' title='bbox 1157 1721 1273 1786; x_wconf 90' lang='lat' dir='ltr'>iudicia</span> 
     </span>
     <span class='ocr_line' id='line_1_13' title="bbox 99 1847 1271 1934; baseline 0 -29"><span class='ocrx_word' id='word_1_97' title='bbox 99 1863 299 1926; x_wconf 79' lang='lat' dir='ltr'>promovere,</span> <span class='ocrx_word' id='word_1_98' title='bbox 325 1847 448 1912; x_wconf 87' lang='lat' dir='ltr'>credita</span> <span class='ocrx_word' id='word_1_99' title='bbox 471 1851 614 1932; x_wconf 84' lang='lat' dir='ltr'>exigere,</span> <span class='ocrx_word' id='word_1_100' title='bbox 639 1854 672 1912; x_wconf 87' lang='lat' dir='ltr'>at</span> <span class='ocrx_word' id='word_1_101' title='bbox 696 1853 799 1934; x_wconf 88' lang='lat' dir='ltr'>potest</span> <span class='ocrx_word' id='word_1_102' title='bbox 823 1851 1043 1932; x_wconf 85' lang='lat' dir='ltr'>praesentare,</span> <span class='ocrx_word' id='word_1_103' title='bbox 1066 1847 1138 1910; x_wconf 91' lang='lat' dir='ltr'>iure</span> <span class='ocrx_word' id='word_1_104' title='bbox 1160 1849 1271 1930; x_wconf 88' lang='lat' dir='ltr'>patro-</span> 
     </span>
     <span class='ocr_line' id='line_1_14' title="bbox 102 1965 1271 2055; baseline 0.003 -28"><span class='ocrx_word' id='word_1_105' title='bbox 102 1969 199 2034; x_wconf 85' lang='lat' dir='ltr'>natus.</span> <span class='ocrx_word' id='word_1_106' title='bbox 218 1969 259 2034; x_wconf 90' lang='lat' dir='ltr'>ad</span> <span class='ocrx_word' id='word_1_107' title='bbox 277 1967 466 2034; x_wconf 86' lang='lat' dir='ltr'>beneficium</span> <span class='ocrx_word' id='word_1_108' title='bbox 483 1975 515 2034; x_wconf 89' lang='lat' dir='ltr'>et</span> <span class='ocrx_word' id='word_1_109' title='bbox 531 1976 769 2055; x_wconf 88' lang='lat' dir='ltr'>praesentatum</span> <span class='ocrx_word' id='word_1_110' title='bbox 787 1971 964 2040; x_wconf 85' lang='lat' dir='ltr'>instituere,</span> <span class='ocrx_word' id='word_1_111' title='bbox 978 1965 1166 2053; x_wconf 82' lang='lat' dir='ltr'>suffragium</span> <span class='ocrx_word' id='word_1_112' title='bbox 1182 1967 1271 2048; x_wconf 85' lang='lat' dir='ltr'>dare,</span> 
     </span>
     <span class='ocr_line' id='line_1_15' title="bbox 101 2089 683 2180; baseline 0.007 -27"><span class='ocrx_word' id='word_1_113' title='bbox 101 2089 255 2158; x_wconf 89' lang='lat' dir='ltr'>beneficia</span> <span class='ocrx_word' id='word_1_114' title='bbox 277 2095 430 2160; x_wconf 81' lang='lat' dir='ltr'>conferre</span> <span class='ocrx_word' id='word_1_115' title='bbox 454 2103 485 2160; x_wconf 92' lang='lat' dir='ltr'>et</span> <span class='ocrx_word' id='word_1_116' title='bbox 510 2098 553 2160; x_wconf 88' lang='lat' dir='ltr'>ita</span> <span class='ocrx_word' id='word_1_117' title='bbox 576 2115 683 2180; x_wconf 88' lang='lat' dir='ltr'>porro.</span> 
     </span>
    </p>

    <p class='ocr_par' dir='ltr' id='par_1_5' title="bbox 100 2215 1274 3052">
     <span class='ocr_line' id='line_1_16' title="bbox 189 2215 1273 2303; baseline 0 -25"><span class='ocrx_word' id='word_1_118' title='bbox 189 2215 263 2280; x_wconf 86' lang='lat'><strong>168.</strong></span> <span class='ocrx_word' id='word_1_119' title='bbox 288 2217 370 2292; x_wconf 83' lang='lat' dir='ltr'>Quia</span> <span class='ocrx_word' id='word_1_120' title='bbox 393 2221 426 2283; x_wconf 93' lang='lat' dir='ltr'>in</span> <span class='ocrx_word' id='word_1_121' title='bbox 452 2218 598 2282; x_wconf 81' lang='lat' dir='ltr'>Ecclesia</span> <span class='ocrx_word' id='word_1_122' title='bbox 615 2237 739 2302; x_wconf 91' lang='lat' dir='ltr'>quoque</span> <span class='ocrx_word' id='word_1_123' title='bbox 756 2217 872 2284; x_wconf 88' lang='lat' dir='ltr'>adsunt</span> <span class='ocrx_word' id='word_1_124' title='bbox 893 2237 1052 2303; x_wconf 85' lang='lat' dir='ltr'>personae</span> <span class='ocrx_word' id='word_1_125' title='bbox 1074 2215 1215 2280; x_wconf 86' lang='lat' dir='ltr'>morales</span> <span class='ocrx_word' id='word_1_126' title='bbox 1231 2232 1273 2278; x_wconf 86' lang='lat' dir='ltr'>ex</span> 
     </span>
     <span class='ocr_line' id='line_1_17' title="bbox 101 2338 1272 2427; baseline 0 -25"><span class='ocrx_word' id='word_1_127' title='bbox 101 2338 244 2420; x_wconf 87' lang='lat' dir='ltr'>pluribus</span> <span class='ocrx_word' id='word_1_128' title='bbox 268 2343 414 2426; x_wconf 91' lang='lat' dir='ltr'>personis</span> <span class='ocrx_word' id='word_1_129' title='bbox 438 2341 582 2427; x_wconf 90' lang='lat' dir='ltr'>physicis</span> <span class='ocrx_word' id='word_1_130' title='bbox 605 2341 832 2413; x_wconf 87' lang='lat' dir='ltr'>coalescentes,</span> <span class='ocrx_word' id='word_1_131' title='bbox 850 2341 949 2405; x_wconf 86' lang='lat' dir='ltr'>veluti</span> <span class='ocrx_word' id='word_1_132' title='bbox 974 2340 1159 2427; x_wconf 88' lang='lat' dir='ltr'>capitulum,</span> <span class='ocrx_word' id='word_1_133' title='bbox 1183 2339 1272 2402; x_wconf 86' lang='lat' dir='ltr'>Eccl.</span> 
     </span>
     <span class='ocr_line' id='line_1_18' title="bbox 101 2465 1272 2552; baseline 0 -24"><span class='ocrx_word' id='word_1_134' title='bbox 101 2465 278 2550; x_wconf 77' lang='lat' dir='ltr'>ellegtata,</span> <span class='ocrx_word' id='word_1_135' title='bbox 295 2469 534 2538; x_wconf 85' lang='lat' dir='ltr'>monasterium,</span> <span class='ocrx_word' id='word_1_136' title='bbox 559 2469 727 2552; x_wconf 88' lang='lat' dir='ltr'>quaeritur</span> <span class='ocrx_word' id='word_1_137' title='bbox 743 2487 785 2532; x_wconf 91' lang='lat' dir='ltr'>an</span> <span class='ocrx_word' id='word_1_138' title='bbox 805 2469 867 2532; x_wconf 90' lang='lat' dir='ltr'>hae</span> <span class='ocrx_word' id='word_1_139' title='bbox 891 2485 1049 2552; x_wconf 89' lang='lat' dir='ltr'>personae</span> <span class='ocrx_word' id='word_1_140' title='bbox 1072 2465 1272 2549; x_wconf 87' lang='lat' dir='ltr'>suspensioni</span> 
     </span>
     <span class='ocr_line' id='line_1_19' title="bbox 100 2589 1271 2676; baseline 0.003 -29"><span class='ocrx_word' id='word_1_141' title='bbox 100 2589 160 2652; x_wconf 82' lang='lat' dir='ltr'>sint</span> <span class='ocrx_word' id='word_1_142' title='bbox 182 2589 352 2655; x_wconf 85' lang='lat' dir='ltr'>obnoxiae</span> <span class='ocrx_word' id='word_1_143' title='bbox 373 2627 389 2638; x_wconf 98' lang='lat'><em>-</em></span> <span class='ocrx_word' id='word_1_144' title='bbox 417 2591 510 2658; x_wconf 86' lang='lat' dir='ltr'>Ratio</span> <span class='ocrx_word' id='word_1_145' title='bbox 534 2590 695 2658; x_wconf 91' lang='lat' dir='ltr'>dubitandi</span> <span class='ocrx_word' id='word_1_146' title='bbox 721 2611 791 2655; x_wconf 91' lang='lat' dir='ltr'>esse</span> <span class='ocrx_word' id='word_1_147' title='bbox 814 2595 928 2676; x_wconf 90' lang='lat' dir='ltr'>potest,</span> <span class='ocrx_word' id='word_1_148' title='bbox 946 2591 1020 2674; x_wconf 89' lang='lat' dir='ltr'>quia</span> <span class='ocrx_word' id='word_1_149' title='bbox 1043 2591 1075 2654; x_wconf 92' lang='lat' dir='ltr'>in</span> <span class='ocrx_word' id='word_1_150' title='bbox 1101 2591 1177 2654; x_wconf 87' lang='lat' dir='ltr'>istas</span> <span class='ocrx_word' id='word_1_151' title='bbox 1200 2607 1271 2674; x_wconf 92' lang='lat' dir='ltr'>per-</span> 
     </span>
     <span class='ocr_line' id='line_1_20' title="bbox 101 2713 1272 2799; baseline 0.002 -25"><span class='ocrx_word' id='word_1_152' title='bbox 101 2733 191 2780; x_wconf 87' lang='lat' dir='ltr'>snuas</span> <span class='ocrx_word' id='word_1_153' title='bbox 214 2716 505 2780; x_wconf 82' lang='lat' dir='ltr'>excommunicatio</span> <span class='ocrx_word' id='word_1_154' title='bbox 528 2713 614 2780; x_wconf 88' lang='lat' dir='ltr'>haud</span> <span class='ocrx_word' id='word_1_155' title='bbox 639 2715 719 2779; x_wconf 90' lang='lat' dir='ltr'>ferri</span> <span class='ocrx_word' id='word_1_156' title='bbox 743 2715 840 2794; x_wconf 86' lang='lat' dir='ltr'>valet,</span> <span class='ocrx_word' id='word_1_157' title='bbox 857 2717 902 2779; x_wconf 92' lang='lat' dir='ltr'>uti</span> <span class='ocrx_word' id='word_1_158' title='bbox 920 2715 1169 2799; x_wconf 90' lang='lat' dir='ltr'>exploratissimi</span> <span class='ocrx_word' id='word_1_159' title='bbox 1193 2714 1272 2777; x_wconf 90' lang='lat' dir='ltr'>iuris</span> 
     </span>
     <span class='ocr_line' id='line_1_21' title="bbox 101 2837 1274 2926; baseline -0.001 -24"><span class='ocrx_word' id='word_1_160' title='bbox 101 2845 162 2914; x_wconf 90' lang='lat' dir='ltr'>est;</span> <span class='ocrx_word' id='word_1_161' title='bbox 186 2840 342 2923; x_wconf 90' lang='lat' dir='ltr'>siquidem</span> <span class='ocrx_word' id='word_1_162' title='bbox 368 2843 427 2906; x_wconf 85' lang='lat' dir='ltr'>ista</span> <span class='ocrx_word' id='word_1_163' title='bbox 450 2859 554 2926; x_wconf 89' lang='lat' dir='ltr'>poena</span> <span class='ocrx_word' id='word_1_164' title='bbox 576 2839 806 2920; x_wconf 84' lang='lat' dir='ltr'>medicinalis,</span> <span class='ocrx_word' id='word_1_165' title='bbox 830 2859 1054 2910; x_wconf 73' lang='lat' dir='ltr'>semiaminis,</span> <span class='ocrx_word' id='word_1_166' title='bbox 1085 2837 1274 2924; x_wconf 88' lang='lat' dir='ltr'>applicanda</span> 
     </span>
     <span class='ocr_line' id='line_1_22' title="bbox 102 2966 1250 3052; baseline 0.001 -24"><span class='ocrx_word' id='word_1_167' title='bbox 102 2985 161 3030; x_wconf 92' lang='lat' dir='ltr'>non</span> <span class='ocrx_word' id='word_1_168' title='bbox 186 2971 237 3030; x_wconf 91' lang='lat' dir='ltr'>est</span> <span class='ocrx_word' id='word_1_169' title='bbox 259 2986 417 3051; x_wconf 88' lang='lat' dir='ltr'>personae</span> <span class='ocrx_word' id='word_1_170' title='bbox 441 2968 553 3032; x_wconf 90' lang='lat' dir='ltr'>morali</span> <span class='ocrx_word' id='word_1_171' title='bbox 578 2987 660 3052; x_wconf 89' lang='lat' dir='ltr'>quae</span> <span class='ocrx_word' id='word_1_172' title='bbox 683 2966 850 3031; x_wconf 81' lang='lat' dir='ltr'>dumtaxat</span> <span class='ocrx_word' id='word_1_173' title='bbox 873 2969 984 3032; x_wconf 83' lang='lat' dir='ltr'>existit</span> <span class='ocrx_word' id='word_1_174' title='bbox 1006 2967 1137 3051; x_wconf 70' lang='lat' dir='ltr'>fictione</span> <span class='ocrx_word' id='word_1_175' title='bbox 1160 2967 1250 3030; x_wconf 90' lang='lat' dir='ltr'>iuris.</span> 
     </span>
    </p>

    <p class='ocr_par' dir='ltr' id='par_1_6' title="bbox 102 3089 1275 4278">
     <span class='ocr_line' id='line_1_23' title="bbox 189 3089 1273 3175; baseline -0.001 -21"><span class='ocrx_word' id='word_1_176' title='bbox 189 3091 404 3156; x_wconf 90' lang='lat' dir='ltr'>Nihilominus</span> <span class='ocrx_word' id='word_1_177' title='bbox 433 3093 517 3157; x_wconf 86' lang='lat' dir='ltr'>aliae</span> <span class='ocrx_word' id='word_1_178' title='bbox 548 3111 723 3162; x_wconf 90' lang='lat' dir='ltr'>censurae,</span> <span class='ocrx_word' id='word_1_179' title='bbox 749 3109 864 3174; x_wconf 89' lang='lat' dir='ltr'>nempe</span> <span class='ocrx_word' id='word_1_180' title='bbox 895 3093 1060 3175; x_wconf 90' lang='lat' dir='ltr'>suspensio</span> <span class='ocrx_word' id='word_1_181' title='bbox 1084 3097 1118 3155; x_wconf 88' lang='lat' dir='ltr'>et</span> <span class='ocrx_word' id='word_1_182' title='bbox 1139 3089 1273 3155; x_wconf 90' lang='lat' dir='ltr'>interdi-</span> 
     </span>
     <span class='ocr_line' id='line_1_24' title="bbox 102 3213 1275 3302; baseline 0.001 -26"><span class='ocrx_word' id='word_1_183' title='bbox 102 3219 193 3286; x_wconf 87' lang='lat' dir='ltr'>ctum,</span> <span class='ocrx_word' id='word_1_184' title='bbox 220 3215 372 3281; x_wconf 88' lang='lat' dir='ltr'>feruntur</span> <span class='ocrx_word' id='word_1_185' title='bbox 394 3218 426 3280; x_wconf 92' lang='lat' dir='ltr'>in</span> <span class='ocrx_word' id='word_1_186' title='bbox 451 3237 605 3302; x_wconf 90' lang='lat' dir='ltr'>personas</span> <span class='ocrx_word' id='word_1_187' title='bbox 629 3217 778 3282; x_wconf 88' lang='lat' dir='ltr'>morales.</span> <span class='ocrx_word' id='word_1_188' title='bbox 798 3217 892 3280; x_wconf 83' lang='lat' dir='ltr'>Ratio</span> <span class='ocrx_word' id='word_1_189' title='bbox 909 3213 1110 3280; x_wconf 85' lang='lat' dir='ltr'>differentiae</span> <span class='ocrx_word' id='word_1_190' title='bbox 1126 3222 1183 3287; x_wconf 90' lang='lat' dir='ltr'>est,</span> <span class='ocrx_word' id='word_1_191' title='bbox 1201 3217 1275 3299; x_wconf 88' lang='lat' dir='ltr'>quia</span> 
     </span>
     <span class='ocr_line' id='line_1_25' title="bbox 102 3341 1273 3424; baseline 0.003 -25"><span class='ocrx_word' id='word_1_192' title='bbox 102 3341 387 3405; x_wconf 85' lang='lat' dir='ltr'>excommunicatio</span> <span class='ocrx_word' id='word_1_193' title='bbox 419 3347 468 3408; x_wconf 86' lang='lat' dir='ltr'>est</span> <span class='ocrx_word' id='word_1_194' title='bbox 499 3343 639 3406; x_wconf 90' lang='lat' dir='ltr'>omnium</span> <span class='ocrx_word' id='word_1_195' title='bbox 668 3359 879 3406; x_wconf 83' lang='lat' dir='ltr'>censurarum</span> <span class='ocrx_word' id='word_1_196' title='bbox 912 3341 1103 3424; x_wconf 84' lang='lat' dir='ltr'>gravissima</span> <span class='ocrx_word' id='word_1_197' title='bbox 1127 3345 1160 3404; x_wconf 91' lang='lat' dir='ltr'>et</span> <span class='ocrx_word' id='word_1_198' title='bbox 1182 3343 1273 3402; x_wconf 88' lang='lat' dir='ltr'>arcet</span> 
     </span>
     <span class='ocr_line' id='line_1_26' title="bbox 102 3462 1275 3552; baseline 0.002 -26"><span class='ocrx_word' id='word_1_199' title='bbox 102 3482 120 3525; x_wconf 88' lang='lat' dir='ltr'>a</span> <span class='ocrx_word' id='word_1_200' title='bbox 141 3462 233 3528; x_wconf 91' lang='lat' dir='ltr'>bouis</span> <span class='ocrx_word' id='word_1_201' title='bbox 256 3467 416 3530; x_wconf 90' lang='lat' dir='ltr'>universis</span> <span class='ocrx_word' id='word_1_202' title='bbox 432 3466 602 3552; x_wconf 81' lang='lat' dir='ltr'>religiosae</span> <span class='ocrx_word' id='word_1_203' title='bbox 618 3467 780 3530; x_wconf 86' lang='lat' dir='ltr'>societatis</span> <span class='ocrx_word' id='word_1_204' title='bbox 797 3469 828 3528; x_wconf 89' lang='lat' dir='ltr'>et</span> <span class='ocrx_word' id='word_1_205' title='bbox 844 3463 884 3528; x_wconf 91' lang='lat' dir='ltr'>ab</span> <span class='ocrx_word' id='word_1_206' title='bbox 900 3465 1127 3529; x_wconf 88' lang='lat' dir='ltr'>ecclesiasticis</span> <span class='ocrx_word' id='word_1_207' title='bbox 1147 3463 1275 3528; x_wconf 86' lang='lat' dir='ltr'>auxiliis</span> 
     </span>
     <span class='ocr_line' id='line_1_27' title="bbox 102 3585 1275 3668; baseline 0 -20"><span class='ocrx_word' id='word_1_208' title='bbox 102 3585 223 3654; x_wconf 87' lang='lat' dir='ltr'>directe</span> <span class='ocrx_word' id='word_1_209' title='bbox 239 3589 394 3654; x_wconf 88' lang='lat' dir='ltr'>ordinatis</span> <span class='ocrx_word' id='word_1_210' title='bbox 417 3588 457 3653; x_wconf 87' lang='lat' dir='ltr'>ad</span> <span class='ocrx_word' id='word_1_211' title='bbox 482 3586 764 3653; x_wconf 82' lang='lat' dir='ltr'>sanctificationem</span> <span class='ocrx_word' id='word_1_212' title='bbox 782 3593 813 3650; x_wconf 88' lang='lat' dir='ltr'>et</span> <span class='ocrx_word' id='word_1_213' title='bbox 829 3587 963 3652; x_wconf 88' lang='lat' dir='ltr'>salutem</span> <span class='ocrx_word' id='word_1_214' title='bbox 980 3587 1177 3661; x_wconf 90' lang='lat' dir='ltr'>animarum;</span> <span class='ocrx_word' id='word_1_215' title='bbox 1202 3604 1275 3668; x_wconf 89' lang='lat' dir='ltr'>quo·</span> 
     </span>
     <span class='ocr_line' id='line_1_28' title="bbox 103 3709 1275 3796; baseline -0.002 -21"><span class='ocrx_word' id='word_1_216' title='bbox 103 3715 187 3777; x_wconf 88' lang='lat' dir='ltr'>circa</span> <span class='ocrx_word' id='word_1_217' title='bbox 210 3713 334 3778; x_wconf 91' lang='lat' dir='ltr'>admitti</span> <span class='ocrx_word' id='word_1_218' title='bbox 350 3733 415 3776; x_wconf 90' lang='lat' dir='ltr'>non</span> <span class='ocrx_word' id='word_1_219' title='bbox 439 3713 541 3785; x_wconf 91' lang='lat' dir='ltr'>dehet,</span> <span class='ocrx_word' id='word_1_220' title='bbox 566 3719 602 3778; x_wconf 90' lang='lat' dir='ltr'>ut</span> <span class='ocrx_word' id='word_1_221' title='bbox 624 3712 737 3796; x_wconf 90' lang='lat' dir='ltr'>aliquis</span> <span class='ocrx_word' id='word_1_222' title='bbox 762 3712 821 3776; x_wconf 90' lang='lat' dir='ltr'>etsi</span> <span class='ocrx_word' id='word_1_223' title='bbox 845 3712 1009 3790; x_wconf 78' lang='lat' dir='ltr'>innocenS,</span> <span class='ocrx_word' id='word_1_224' title='bbox 1026 3709 1102 3774; x_wconf 90' lang='lat' dir='ltr'>huic</span> <span class='ocrx_word' id='word_1_225' title='bbox 1118 3728 1275 3774; x_wconf 90' lang='lat' dir='ltr'>censurae</span> 
     </span>
     <span class='ocr_line' id='line_1_29' title="bbox 102 3837 1275 3924; baseline -0.002 -23"><span class='ocrx_word' id='word_1_226' title='bbox 102 3839 209 3922; x_wconf 89' lang='lat' dir='ltr'>subsit,</span> <span class='ocrx_word' id='word_1_227' title='bbox 226 3841 301 3924; x_wconf 92' lang='lat' dir='ltr'>quia</span> <span class='ocrx_word' id='word_1_228' title='bbox 323 3839 409 3905; x_wconf 90' lang='lat' dir='ltr'>illius</span> <span class='ocrx_word' id='word_1_229' title='bbox 432 3840 669 3906; x_wconf 87' lang='lat' dir='ltr'>communitatis</span> <span class='ocrx_word' id='word_1_230' title='bbox 692 3857 767 3923; x_wconf 90' lang='lat' dir='ltr'>pars</span> <span class='ocrx_word' id='word_1_231' title='bbox 790 3842 847 3902; x_wconf 89' lang='lat' dir='ltr'>est.</span> <span class='ocrx_word' id='word_1_232' title='bbox 866 3875 881 3884; x_wconf 98' lang='lat'>-</span> <span class='ocrx_word' id='word_1_233' title='bbox 908 3837 934 3901; x_wconf 85' lang='lat' dir='ltr'>E</span> <span class='ocrx_word' id='word_1_234' title='bbox 959 3842 1073 3902; x_wconf 89' lang='lat' dir='ltr'>contra</span> <span class='ocrx_word' id='word_1_235' title='bbox 1092 3839 1174 3902; x_wconf 88' lang='lat' dir='ltr'>aliae</span> <span class='ocrx_word' id='word_1_236' title='bbox 1199 3855 1275 3902; x_wconf 88' lang='lat' dir='ltr'>cen-</span> 
     </span>
     <span class='ocr_line' id='line_1_30' title="bbox 103 3959 1275 4049; baseline -0.003 -25"><span class='ocrx_word' id='word_1_237' title='bbox 103 3981 197 4028; x_wconf 88' lang='lat' dir='ltr'>surae</span> <span class='ocrx_word' id='word_1_238' title='bbox 220 3965 336 4049; x_wconf 91' lang='lat' dir='ltr'>quippe</span> <span class='ocrx_word' id='word_1_239' title='bbox 350 3963 491 4028; x_wconf 85' lang='lat' dir='ltr'>leviores</span> <span class='ocrx_word' id='word_1_240' title='bbox 514 3963 680 4028; x_wconf 88' lang='lat' dir='ltr'>continent</span> <span class='ocrx_word' id='word_1_241' title='bbox 696 3959 937 4045; x_wconf 84' lang='lat' dir='ltr'>prohibitiones,</span> <span class='ocrx_word' id='word_1_242' title='bbox 955 3959 1036 4024; x_wconf 85' lang='lat' dir='ltr'>ferri</span> <span class='ocrx_word' id='word_1_243' title='bbox 1058 3979 1184 4043; x_wconf 89' lang='lat' dir='ltr'>quoque</span> <span class='ocrx_word' id='word_1_244' title='bbox 1207 3979 1275 4043; x_wconf 80' lang='lat' dir='ltr'>pos</span> 
     </span>
     <span class='ocr_line' id='line_1_31' title="bbox 103 4086 1274 4175; baseline -0.003 -25"><span class='ocrx_word' id='word_1_245' title='bbox 103 4094 174 4152; x_wconf 91' lang='lat' dir='ltr'>snut</span> <span class='ocrx_word' id='word_1_246' title='bbox 190 4109 254 4154; x_wconf 91' lang='lat' dir='ltr'>non</span> <span class='ocrx_word' id='word_1_247' title='bbox 271 4095 306 4154; x_wconf 93' lang='lat' dir='ltr'>ut</span> <span class='ocrx_word' id='word_1_248' title='bbox 321 4109 444 4175; x_wconf 88' lang='lat' dir='ltr'>poenae</span> <span class='ocrx_word' id='word_1_249' title='bbox 460 4088 516 4154; x_wconf 88' lang='lat' dir='ltr'>sed</span> <span class='ocrx_word' id='word_1_250' title='bbox 532 4089 637 4175; x_wconf 90' lang='lat' dir='ltr'>prouti</span> <span class='ocrx_word' id='word_1_251' title='bbox 653 4095 727 4152; x_wconf 89' lang='lat' dir='ltr'>sunt</span> <span class='ocrx_word' id='word_1_252' title='bbox 743 4087 940 4172; x_wconf 85' lang='lat' dir='ltr'>privationes</span> <span class='ocrx_word' id='word_1_253' title='bbox 956 4105 1038 4168; x_wconf 88' lang='lat' dir='ltr'>quae</span> <span class='ocrx_word' id='word_1_254' title='bbox 1053 4089 1165 4151; x_wconf 90' lang='lat' dir='ltr'>tenent</span> <span class='ocrx_word' id='word_1_255' title='bbox 1180 4086 1274 4148; x_wconf 89' lang='lat' dir='ltr'>etiam</span> 
     </span>
     <span class='ocr_line' id='line_1_32' title="bbox 102 4211 299 4278; baseline 0.01 -4"><span class='ocrx_word' id='word_1_256' title='bbox 102 4211 299 4278; x_wconf 87' lang='lat' dir='ltr'>innocentes.</span> 
     </span>
    </p>

    <p class='ocr_par' dir='ltr' id='par_1_7' title="bbox 105 4335 1275 4546">
     <span class='ocr_line' id='line_1_33' title="bbox 192 4335 1275 4425; baseline -0.008 -19"><span class='ocrx_word' id='word_1_257' title='bbox 192 4340 322 4406; x_wconf 87' lang='lat' dir='ltr'>Revera</span> <span class='ocrx_word' id='word_1_258' title='bbox 345 4337 511 4425; x_wconf 87' lang='lat' dir='ltr'>suspensio</span> <span class='ocrx_word' id='word_1_259' title='bbox 534 4338 616 4403; x_wconf 83' lang='lat' dir='ltr'>ferri</span> <span class='ocrx_word' id='word_1_260' title='bbox 648 4341 752 4423; x_wconf 90' lang='lat' dir='ltr'>potest</span> <span class='ocrx_word' id='word_1_261' title='bbox 775 4339 808 4402; x_wconf 91' lang='lat' dir='ltr'>in</span> <span class='ocrx_word' id='word_1_262' title='bbox 833 4335 1019 4422; x_wconf 85' lang='lat' dir='ltr'>collegium,</span> <span class='ocrx_word' id='word_1_263' title='bbox 1044 4337 1076 4399; x_wconf 94' lang='lat' dir='ltr'>in</span> <span class='ocrx_word' id='word_1_264' title='bbox 1101 4335 1275 4420; x_wconf 88' lang='lat' dir='ltr'>capitulum</span> 
     </span>
     <span class='ocr_line' id='line_1_34' title="bbox 105 4453 1274 4546; baseline -0.005 -24"><span class='ocrx_word' id='word_1_265' title='bbox 105 4463 257 4539; x_wconf 83' lang='lat' dir='ltr'>quatenus</span> <span class='ocrx_word' id='word_1_266' title='bbox 281 4479 420 4546; x_wconf 87' lang='lat' dir='ltr'>persona</span> <span class='ocrx_word' id='word_1_267' title='bbox 443 4461 574 4525; x_wconf 90' lang='lat' dir='ltr'>moralis</span> <span class='ocrx_word' id='word_1_268' title='bbox 598 4463 662 4535; x_wconf 89' lang='lat' dir='ltr'>est;</span> <span class='ocrx_word' id='word_1_269' title='bbox 687 4479 755 4544; x_wconf 81' lang='lat' dir='ltr'>arg.</span> <span class='ocrx_word' id='word_1_270' title='bbox 782 4478 855 4541; x_wconf 84' lang='lat' dir='ltr'>cop.</span> <span class='ocrx_word' id='word_1_271' title='bbox 887 4457 929 4522; x_wconf 83' lang='lat'>16</span> <span class='ocrx_word' id='word_1_272' title='bbox 937 4508 944 4539; x_wconf 91' lang='lat'>,</span> <span class='ocrx_word' id='word_1_273' title='bbox 971 4455 1056 4522; x_wconf 86' lang='lat' dir='ltr'>Sess.</span> <span class='ocrx_word' id='word_1_274' title='bbox 1082 4453 1131 4519; x_wconf 70' lang='lat' dir='ltr'>aa</span> <span class='ocrx_word' id='word_1_275' title='bbox 1154 4455 1274 4521; x_wconf 82' lang='lat' dir='ltr'>Concil.</span> 
     </span>
    </p>
   </div>
   <div class='ocr_carea' id='block_1_4' title="bbox 0 0 1610 5104">
    <p class='ocr_par' dir='ltr' id='par_1_8' title="bbox 0 0 1610 5104">
     <span class='ocr_line' id='line_1_35' title="bbox 0 0 1610 5104; baseline 0 0"><span class='ocrx_word' id='word_1_276' title='bbox 0 0 1610 5104; x_wconf 95' lang='lat' dir='ltr'> </span> 
     </span>
    </p>
   </div>
  </div>
 </body>
</html>
