3306 5102
299 305 366 372 350
815 321 899 370 runs
931 323 954 368 1.

390 446 465 511 260.
484 447 521 510 ln
538 445 810 530 irregularitatem
829 465 871 510 ex
886 445 1034 528 infamio
1051 446 1136 511 iuris
1157 445 1402 530 dispensandam
1419 463 1479 530 per

298 589 335 634 se
359 569 536 654 Episcopus
559 569 680 634 nullam
705 567 802 634 babet
825 574 1032 654 potestatem3
1057 569 1213 654 siquidem
1237 570 1413 654 Episcopus
1438 591 1481 635 ex

298 714 375 777 cop.
401 693 433 767 6,
457 713 535 759 sess.
561 693 619 774 24,
647 693 745 760 Cone.
770 693 863 758 Trici.
889 693 1052 779 dispensat
1074 693 1335 780 irregularitates
1358 711 1401 757 ex
1423 692 1480 756 de·

299 817 376 883 licto
400 816 538 883 occulto.
556 815 721 898 Equidem,
739 817 784 880 uti
799 817 970 894 innuimus,
988 815 1217 880 nonnullorum
1242 817 1402 879 sententia
1421 818 1479 887 est,

301 943 392 1006 istam
409 939 682 1022 irregularitatem
699 940 872 1022 provenire
889 958 934 1004 eac
949 937 1079 1012 delicto,
1096 937 1225 1004 dubium
1245 945 1353 1002 tamen
1374 944 1425 1002 est
1438 957 1480 1000 an

299 1068 427 1131 oriatur
450 1085 493 1130 ex
510 1065 628 1131 delicto
644 1067 781 1132 occulto.
800 1067 908 1140 Quare
924 1065 1019 1130 dubia
1035 1067 1131 1132 estin
1150 1065 1211 1130 boc
1227 1085 1304 1130 casu
1320 1066 1480 1150 irregula-

302 1193 397 1267 ritas;
422 1197 454 1256 et
478 1191 645 1255 dumtaxat
668 1211 710 1255 ex
734 1191 796 1256 hoc
819 1193 923 1275 capite
948 1193 1067 1275 poterit
1091 1193 1267 1276 Episcopus
1291 1191 1480 1275 dispensare

299 1315 348 1380 ad
372 1316 548 1382 cautelam.

391 1441 467 1506 261.
493 1439 630 1504 Infamia
652 1440 735 1523 facti
751 1441 929 1504 incurritur
945 1438 984 1503 ob
1001 1439 1223 1524 quodcumque
1243 1439 1403 1524 publicum
1422 1441 1479 1505 cri·

302 1587 376 1631 men
393 1565 475 1650 quod
499 1566 645 1650 grauber
667 1565 765 1630 laedit
785 1567 1054 1632 existimationem
1069 1565 1208 1630 hominis
1232 1563 1315 1650 apud
1331 1565 1481 1630 cordatos

300 1697 335 1757 et
347 1691 463 1776 probos
479 1693 577 1755 viros.
592 1691 636 1754 De
652 1690 831 1754 huiusmodi
849 1691 979 1755 infamia
995 1691 1142 1756 decernit
1154 1709 1229 1774 cup.
1245 1690 1304 1754 uta
1319 1689 1368 1754 De
1380 1695 1479 1773 teuep.

302 1817 413 1882 oratu.
439 1816 480 1888 X.
504 1816 634 1881 iubens:
664 1795 893 1886 <onasum
922 1822 971 1882 eu
993 1817 1035 1882 ue
1057 1815 1289 1882 secuudum
1319 1817 1372 1881 cer
1404 1816 1483 1881 arm

300 1941 433 2007 clericis
456 1941 516 2026 qui
534 1960 601 2022 per
619 1945 754 2006 reotzim
771 1941 940 2012 adulterii,
955 1941 1113 2022 periurii,
1136 1941 1310 2007 booeicidii
1326 1942 1377 2007 uel
1401 1939 1483 2022 fulsi

304 2065 493 2135 testimonii,
526 2065 652 2131 bonitus
684 2065 906 2132 conscientiae
928 2071 1040 2132 rectae
1059 2065 1297 2148 perdideruat.
1326 2065 1481 2148 Respon-

300 2189 422 2254 demus
446 2189 538 2272 quod
560 2189 591 2253 si
609 2189 788 2271 proposito
811 2189 957 2254 miserico
980 2189 1102 2255 ordine
1117 2188 1299 2284 iudiciario
1324 2209 1484 2273 couzpro-

304 2311 381 2379 butu
405 2314 457 2379 oet
481 2313 568 2378 otios
598 2314 733 2380 notorio
763 2335 833 2380 ooo
861 2313 1096 2396 faeciniam
1127 2313 1246 2381 debent
1274 2315 1308 2379 bi
1331 2311 1485 2399 (praeter

301 2455 379 2502 reos
403 2435 589 2521 domicidii)
608 2441 687 2518 post
707 2437 949 2519 poeniteutiam
973 2437 1010 2501 iu
1032 2437 1104 2501 iam
1122 2437 1285 2519 susceptis
1308 2438 1359 2502 oei
1382 2439 1486 2503 misci·

298 2560 437 2642 piendis
460 2560 638 2626 ordinibus
653 2560 814 2642 inspectiri
832 2583 860 2626 u.
882 2562 1022 2627 Cavetur
1037 2563 1122 2626 enim
1147 2581 1189 2625 ex
1213 2561 1401 2626 criminibus
1425 2581 1484 2645 pu·

303 2681 396 2748 blicis
419 2687 452 2746 et
475 2684 619 2762 notoriis,
643 2683 694 2747 vel
720 2683 759 2747 ob
790 2683 903 2749 iudicis
933 2685 1125 2749 sententiam
1148 2683 1200 2748 vel
1225 2684 1265 2748 ob
1289 2683 1484 2748 evidentiam
1552 2663 1554 2666 ⁵

302 2807 391 2888 tacti,
408 2808 517 2872 enasci
540 2807 723 2890 infusorium
745 2809 850 2892 fucti5
874 2807 1001 2892 quando
1025 2827 1139 2894 nempe
1162 2829 1227 2872 non
1255 2815 1329 2873 sunt
1356 2829 1396 2874 ea
1420 2811 1485 2874 cri-

301 2933 391 2995 mina
407 2930 518 3014 quibus
542 2930 671 2996 adnexa
693 2939 741 2997 est
764 2933 912 3016 iufamia
928 2933 1007 2998 iuris
1024 2916 1222 2998 inaurienda
1237 2934 1288 2998 vel
1309 2935 1378 3018 ipso
1395 2933 1484 2998 lacto

302 3056 356 3122 vel
380 3077 423 3120 ex
446 3058 606 3122 sententia
628 3057 750 3132 iudicis,
774 3058 819 3123 uti
851 3059 1025 3125 docuimus.
1051 3059 1097 3123 De
1128 3058 1190 3124 hac
1221 3057 1370 3140 iufamia
1400 3057 1486 3140 facti

303 3181 620 3266 pluresdecernunt
648 3201 788 3248 canones
820 3185 853 3248 in
881 3183 1019 3248 Decreto
1049 3185 1204 3256 Gratiani,
1229 3183 1285 3258 sed
1309 3190 1385 3249 sunt
1408 3203 1485 3269 apo-

302 3305 431 3391 cryphi.
457 3307 561 3370 Tenet
584 3306 678 3370 eliam
702 3305 839 3370 infames
855 3306 1002 3389 iufamia
1016 3305 1100 3390 facti
1123 3307 1234 3391 regula
1253 3327 1271 3369 c
1289 3307 1487 3389 quuruibus

299 3437 424 3512 portae
446 3450 516 3497 nou
535 3437 676 3512 pateant
700 3431 905 3516 dipriitotum
922 3454 951 3496 u.

394 3553 468 3619 262.
495 3553 578 3628 Quia
602 3590 620 3601 -
645 3555 729 3620 utlaii
753 3561 801 3619 est
823 3560 893 3619 tacu
915 3557 1075 3620 uoticrcte
1090 3555 1127 3620 iu
1143 3555 1218 3621 iure
1234 3575 1343 3640 quam
1366 3575 1406 3622 eo
1430 3575 1485 3642 pe-

301 3701 386 3747 uere
410 3681 568 3766 quodque
591 3681 728 3747 dissolui
745 3700 811 3765 quo
828 3681 1023 3767 collipoturu
1038 3681 1107 3763 fuit
1124 3719 1141 3730 -
1160 3681 1213 3767 (ex
1239 3683 1259 3746 l.
1278 3683 1321 3746 34
1337 3683 1388 3748 De
1410 3701 1484 3767 rep.

304 3909 409 3960 incidat
429 3918 454 3960 ec
473 3907 502 3959 iu
522 3907 653 3976 taqueum
672 3908 777 3962 diaboli
796 3925 821 3960 ›.
844 3907 950 3962 illalum
969 3923 1036 3962 vero
1061 3907 1164 3962 babere
1189 3908 1390 3975 testimonium,
1411 3909 1486 3963 idem

302 4022 347 4071 est
365 4033 397 4070 ac
416 4033 477 4070 esse
495 4019 638 4086 iiisamem.
658 4016 764 4070 Exinde
784 4015 910 4070 Ecclesia
932 4017 1031 4071 statuit
1049 4016 1083 4071 de
1099 4017 1300 4086 promouendis
1319 4015 1353 4070 ad
1372 4017 1489 4072 ordines

304 4100 431 4177 habende
445 4139 504 4177 esse
514 4125 649 4178 scrutinia
662 4128 691 4178 et
704 4125 940 4192 interrogationes
953 4124 986 4177 ad
1000 4123 1140 4193 populum.
1152 4123 1257 4178 Concil.
1271 4125 1345 4178 Trid.
1356 4141 1423 4179 sess.
1435 4125 1489 4188 2²3,

305 4246 328 4280 c.
348 4247 369 4282 c.
394 4229 495 4294 13,14
520 4230 561 4284 De
587 4234 641 4300 ref.
667 4258 680 4271 ·
705 4231 796 4291 Quare
821 4231 938 4298 populus
964 4231 991 4283 in
1018 4230 1203 4286 electionibus
1229 4237 1258 4286 et
1283 4251 1304 4284 s.
1328 4231 1487 4286 ordinatio·

305 4337 385 4388 nibus
403 4341 512 4405 partem
531 4336 629 4391 habuit
647 4337 793 4392 dumtaxat
811 4337 845 4391 ad
864 4338 1030 4392 reddendum
1045 4342 1146 4394 bouum
1164 4341 1352 4396 testimouium
1372 4342 1408 4396 de
1427 4360 1490 4396 mo-

302 4445 389 4498 ribus.
410 4427 449 4500 Cl.
470 4444 604 4513 Philipps,
626 4445 643 4495 l.
665 4463 687 4498 c.
707 4447 724 4508 ἓ
746 4446 798 4497 53.
