3266 5102
352 287 416 354 158
873 307 958 354 raas
985 306 1007 352 1.

349 426 551 513 protrahitur
574 427 614 492 ad
643 427 748 494 lorum
773 435 964 506 externum;
988 428 1045 494 sed
1069 429 1132 494 hoc
1154 427 1361 514 reputariter
1389 447 1454 492 non
1476 425 1514 492 lit.

351 585 368 598 -
390 551 550 635 Siquidem
574 557 714 618 aeterne
729 571 786 616 seu
802 572 912 616 coram
929 552 1096 638 republica
1116 552 1293 618 christiana
1315 571 1381 616 non
1405 555 1454 616 sat
1475 557 1516 616 eu

347 677 527 745 huiusmodi
552 680 623 745 iura
645 697 703 744 seu
718 679 806 744 facta
828 699 978 744 asserere
1002 678 1058 744 sed
1081 678 1215 764 probari
1237 678 1357 744 debent
1378 699 1438 764 per
1452 683 1516 742 acta

346 804 541 876 authentica,
566 809 678 890 suapte
693 809 811 870 natura
823 804 972 870 ordinata
984 806 1016 868 in
1029 805 1135 870 forum
1152 809 1344 870 calmum.
1357 771 1448 898 :Sub
1463 805 1515 868 isto
1582 811 1587 830 ’

346 935 495 1013 respectu
519 928 702 994 distinctum
726 928 787 994 fuit
810 927 949 994 officium
976 930 1250 995 Paenitentiariae
1272 927 1312 992 ab
1336 927 1439 994 officio
1462 929 1514 992 Da·

344 1053 448 1117 tariae
471 1051 527 1136 (cf.
543 1053 608 1118 ool.
627 1052 668 1117 II
686 1072 721 1118 a.
739 1051 829 1139 265).
845 1052 937 1118 Unde
956 1073 1020 1117 non
1049 1052 1149 1118 semel
1168 1053 1256 1117 lucta
1278 1051 1417 1116 habetur
1438 1051 1515 1116 inter

345 1197 443 1242 unum
467 1182 500 1242 et
522 1178 660 1242 alterum
690 1177 808 1249 forum,
832 1197 889 1243 seu
920 1179 1007 1242 inter
1036 1177 1268 1243 conscientiam
1291 1182 1324 1242 et
1354 1177 1514 1260 imperinm

344 1305 502 1366 externae
525 1304 706 1386 potestatis:
733 1302 832 1368 veluti
857 1303 882 1366 si
906 1301 998 1366 nulla
1020 1303 1062 1366 sit
1085 1301 1246 1367 sententia
1268 1320 1426 1366 censurae
1442 1319 1514 1384 quae

345 1422 440 1489 firma
470 1430 503 1491 et
530 1432 602 1491 rata
624 1425 763 1493 habetur
787 1429 819 1491 in
843 1425 915 1491 foro
950 1431 1105 1501 extemo;
1135 1428 1181 1492 uti
1212 1427 1379 1492 lnnocent
1414 1425 1461 1489 ΙΙΙ
1483 1424 1514 1488 ia

343 1569 419 1633 cap.
443 1549 495 1616 13.
520 1551 570 1616 De
591 1557 670 1616 rest.
694 1553 779 1634 spot.
805 1552 837 1617 X
853 1549 909 1636 (ΙΙ.
926 1549 991 1638 13.)
1016 1555 1129 1636 aperta
1153 1547 1323 1636 significat.
1349 1548 1513 1614 Praeralet

343 1677 450 1739 autem
474 1676 651 1740 auctoritas
674 1675 738 1740 lori
762 1677 936 1741 exteruiin
959 1676 1110 1759 hisquae
1133 1673 1173 1739 ab
1196 1673 1308 1740 eadem
1331 1672 1514 1738 ordinantur

343 1799 376 1863 in
400 1799 664 1884 gubernationem
698 1799 806 1886 populi
837 1800 1022 1876 christiani;
1047 1799 1171 1864 scilicet
1204 1791 1344 1884 privatio
1375 1794 1512 1863 beneficii

342 1927 398 1986 aut
420 1920 515 1986 officii
539 1922 671 1988 decreta
697 1923 814 1988 intuitu
844 1941 1002 1988 censurae
1032 1942 1115 2006 quae
1148 1927 1258 1988 tamen
1287 1920 1378 1986 nulla
1408 1924 1456 1986 est
1484 1921 1511 1982 in

342 2048 414 2114 Ioro
437 2049 565 2113 interno
589 2049 719 2114 atinde
749 2053 982 2133 consequentes
1014 2049 1203 2114 collationes
1233 2044 1463 2112 beneficiorum
1486 2049 1512 2108 et

341 2170 520 2238 officiorum
543 2172 672 2258 plenum
695 2171 818 2238 habent
840 2173 1001 2248 valorem;
1025 2192 1119 2238 secus
1142 2172 1228 2238 enim
1258 2169 1512 2256 pessumdaretur

341 2303 480 2363 externa
502 2300 663 2364 societatis
685 2296 885 2384 gubernatio.
911 2297 959 2362 cf.
990 2297 1156 2362 Thesaar.
1180 2295 1221 2362 P.
1247 2295 1274 2368 I,
1300 2313 1375 2377 cap.
1399 2293 1459 2359 22.

433 2423 504 2489 107.
532 2423 673 2489 Proinde
695 2424 750 2526 ille
774 2426 828 2508 qui
850 2423 949 2488 habet
972 2427 1161 2510 potestatem
1185 2419 1370 2490 absolvendi
1394 2419 1447 2484 vel
1467 2417 1512 2482 di-

538 2515 715 2534 ...e———n-a

340 2546 511 2632 spensandi
527 2565 587 2632 pro
603 2545 675 2611 Ioro
690 2546 819 2611 interno
834 2550 968 2620 tantum,
986 2565 1052 2612 non
1067 2545 1173 2611 valide
1196 2543 1334 2610 absolvit
1348 2549 1381 2609 et
1396 2543 1511 2628 dispen-
1596 2559 1597 2574 ¹

339 2677 390 2733 sat
413 2687 472 2760 pro
496 2667 569 2733 foro
592 2673 739 2732 externo.
768 2669 858 2735 Unde
889 2668 1084 2754 dispensatio
1115 2673 1148 2732 et
1176 2666 1334 2733 absolutio
1365 2683 1512 2731 concessa

339 2811 398 2878 pro
421 2792 493 2856 foro
517 2793 733 2856 conscientiae
754 2795 890 2866 tantum,
915 2811 979 2857 non
1003 2789 1201 2876 suffragatur
1216 2811 1276 2877 pro
1292 2791 1364 2856 foro
1380 2797 1510 2858 externo

338 2937 396 2982 seu
419 2917 635 2992 contentios03
660 2936 761 3002 quare
777 2917 875 2982 iudex
889 2919 1010 3003 poterit
1023 2917 1201 3002 procedere
1225 2922 1340 2982 contra
1362 2936 1453 2982 reum
1475 2913 1510 2980 ad

338 3059 458 3124 poenas
481 3059 520 3105 ac
543 3041 570 3105 si
593 3038 794 3126 dispensatus
813 3041 865 3105 rel
882 3040 1046 3108 absolutus
1069 3060 1134 3105 non
1154 3041 1278 3106 fuisset.
1295 3039 1451 3110 Sanchez,
1468 3038 1510 3104 De

337 3169 439 3230 matr.
472 3165 565 3239 VIII,
590 3164 647 3238 34,
671 3166 731 3231 29.

427 3287 578 3353 Iamvero
601 3290 671 3375 ipsa
694 3289 897 3374 dispensandi
921 3290 976 3355 vel
998 3287 1183 3354 absolvendi
1207 3289 1346 3354 facultas
1369 3286 1453 3375 quod
1473 3285 1508 3352 ad

337 3411 443 3478 forum
468 3415 631 3479 internum
655 3413 828 3498 aliquando
852 3413 1042 3480 conceditur
1064 3435 1125 3499 pro
1148 3419 1227 3482 actu
1250 3413 1462 3480 confessionis
1482 3417 1509 3478 et

337 3543 414 3603 tunc
437 3543 532 3603 extra
554 3539 822 3605 sacramentalem
846 3539 1081 3605 confessionem
1113 3559 1177 3604 non
1201 3540 1305 3616 valet;
1339 3540 1366 3604 si
1398 3557 1508 3604 conce·

336 3661 432 3727 datur
454 3683 514 3748 pro
537 3663 609 3729 foro
631 3665 757 3729 animae
781 3683 837 3730 seu
860 3665 1078 3730 conscientiae
1093 3670 1172 3730 tunc
1192 3664 1379 3750 impertitur
1394 3664 1429 3728 in
1443 3664 1508 3729 loro

335 3787 464 3852 interno
489 3787 583 3852 etiam
609 3793 703 3852 extra
734 3789 977 3854 confessionem.
1002 3789 1133 3854 Revera
1162 3787 1359 3854 Thesaurus
1381 3806 1437 3870 op.
1460 3785 1506 3853 ait.

334 3898 410 3992 cap.
427 3909 479 3975 22
495 3911 595 3995 agitat
611 3912 839 4000 quaestionem,
856 3916 965 3976 utrum
988 3911 1041 3996 qui
1064 3910 1163 3976 habet
1185 3911 1372 3978 facultatem
1392 3911 1508 3997 dispen-

335 4033 425 4098 sandi
448 4035 502 4099 vel
525 4033 711 4100 absolvendi
737 4055 806 4119 pro
836 4034 915 4118 foro
939 4033 1175 4111 ooasaeattae,
1200 4033 1371 4102 absolvere
1403 4043 1436 4102 ot
1465 4035 1507 4100 di·

334 4178 489 4243 sponsare
520 4161 625 4226 valide
656 4162 755 4246 possit
781 4166 878 4226 extra
908 4160 1143 4225 confessionem
1170 4163 1457 4237 sacramentalem:
1479 4165 1507 4226 et

332 4280 440 4344 allatis
455 4280 577 4347 duabus
593 4285 765 4348 contrariis
781 4283 957 4356 sententiis,
971 4281 1134 4349 concludit
1149 4281 1346 4369 probabilem
1362 4289 1506 4351 ettotam
1593 4263 1594 4286 1

332 4423 405 4468 esse
428 4407 633 4481 sententiam,
659 4426 740 4490 quae
767 4409 857 4472 tenet
888 4406 999 4472 valore
1030 4406 1210 4473 huiusmodi
1239 4408 1505 4494 dispensationem
