3290 5100
314 285 382 352 522
834 305 918 352 rues
942 305 964 352 1.

313 433 483 511 usurpata
498 427 571 492 dein
595 429 627 492 in
647 427 727 492 alios
750 429 1000 501 transferantur,
1019 429 1062 492 ita
1083 433 1189 492 tamen
1215 433 1250 492 ut
1271 448 1336 492 nou
1355 429 1491 507 reserat,

314 574 357 619 an
380 555 448 638 ipse
472 558 644 638 usurpator
666 559 722 618 aut
744 553 825 618 elius
849 557 991 620 remotus
1014 571 1183 618 successor
1211 572 1279 618 rem
1307 559 1493 637 usurpatam

315 679 348 743 in
372 679 452 744 alios
474 679 692 745 transmiserit
714 685 770 744 eut
793 679 861 764 ipse
888 677 1038 744 detineat.
1071 678 1251 762 Usnrpolio
1274 698 1354 742 vero
1378 677 1494 742 intelli-

315 805 403 890 gitur
426 825 489 870 non
518 803 599 868 furis
622 809 678 868 aut
701 804 845 886 latronis,
870 803 926 870 sed
952 805 1114 890 Principis
1140 809 1197 870 aut
1219 805 1353 870 alterius
1379 814 1493 888 poten-

315 932 407 995 tioris
419 949 588 1016 personae,
601 930 727 1016 agentis
743 949 802 1014 per
813 929 973 1015 publicam
985 932 1212 996 auctoritatem
1229 951 1272 995 ex
1286 929 1494 1014 responsione

316 1055 436 1122 Sacrae
456 1056 574 1141 Congr.
591 1056 623 1122 S.
641 1053 746 1122 Officii
763 1053 1145 1138 uiee3npntts1873,
1162 1060 1194 1120 et
1213 1075 1256 1120 ex
1271 1055 1336 1118 alia
1351 1053 1494 1118 eiusdem

316 1181 434 1268 Congr.
459 1179 510 1246 die
535 1183 558 1246 9
580 1181 701 1246 Martii
716 1181 811 1247 1870
834 1187 868 1247 et
891 1201 933 1246 ex
956 1181 1119 1248 decisione
1134 1182 1165 1248 S.
1182 1180 1301 1267 congr.
1317 1180 1443 1246 Concil.
1464 1181 1494 1243 in

317 1307 442 1372 Sorano
464 1327 496 1372 a.
526 1307 623 1374 1696.
651 1343 668 1355 -
694 1306 742 1373 of.
769 1309 814 1372 De
839 1307 927 1373 Luca
950 1307 1006 1372 Ad
1035 1307 1128 1374 Trid.
1154 1307 1185 1372 h.
1211 1313 1231 1370 t.
1256 1306 1344 1372 Disc.
1370 1304 1432 1376 32,
1465 1309 1496 1370 et

317 1429 516 1497 D’Annibale
540 1433 561 1496 l.
586 1452 612 1498 c.
637 1452 671 1498 n.
697 1432 753 1506 96,
776 1437 844 1498 not.
869 1431 918 1500 56
942 1431 997 1518 (l).

406 1557 481 1622 452.
498 1557 625 1620 Verum
641 1556 668 1620 si
684 1555 769 1620 bona
784 1555 952 1622 Ecclesiae
971 1576 1054 1640 quae
1070 1557 1141 1622 iure
1156 1555 1342 1621 detinentur
1365 1575 1386 1618 a
1401 1554 1497 1618 bene-

405 1767 444 1840 (1)
464 1769 493 1822 ln
512 1769 606 1838 specie
618 1768 696 1824 iuvat
709 1767 858 1822 nonnullas
872 1768 992 1823 enodare
1005 1769 1190 1840 quaestiones.
1204 1797 1219 1808 ·
1234 1768 1327 1821 Primo
1340 1769 1497 1838 quaeritur,

315 1892 352 1930 an
371 1875 496 1929 incurrat
514 1890 659 1929 censuram
678 1891 712 1930 ex
731 1874 805 1928 Trid.
825 1873 908 1928 (lonc.
928 1874 975 1944 qui
996 1891 1040 1928 res
1059 1880 1207 1946 usurpatas
1226 1876 1363 1929 conducit.
1382 1873 1497 1926 Dubita-

316 1985 420 2038 tiouem
439 1983 508 2037 iacit
527 1983 697 2038 D'Anuibale
718 1983 736 2036 l.
756 2001 778 2038 c.
797 2001 824 2037 n.
845 1982 896 2041 97.
915 1995 969 2038 not.
992 1985 1036 2048 61,
1056 1983 1104 2054 qui
1124 1983 1266 2052 explicans
1291 1983 1407 2036 verbum
1428 2000 1496 2052 per·

315 2094 443 2146 venerint
462 2090 592 2156 advertit,
610 2093 761 2161 per-venire
776 2093 880 2146 dicitnr
899 2073 1032 2162 qnod'est
1050 2107 1249 2146 remansionem
1262 2094 1292 2144 et
1304 2089 1389 2143 addit
1404 2106 1420 2140 s
1435 2089 1499 2144 unc

315 2201 405 2270 ipitnr
421 2199 562 2269 pertinent
581 2208 686 2252 tontum
704 2202 752 2268 qni
771 2214 831 2252 rem
850 2215 900 2253 suo
919 2200 1030 2252 nomine
1049 2200 1182 2264 detinent,
1196 2214 1252 2252 non
1270 2199 1319 2268 qni
1341 2198 1449 2261 alieno,
1468 2207 1498 2252 ut

314 2313 392 2375 pute,
402 2305 564 2375 depositam,
576 2307 786 2370 commodatam,
800 2305 996 2359 condumam».
1008 2333 1023 2344 -
1036 2302 1223 2357 Nihilominus
1234 2303 1280 2374 qui
1291 2301 1391 2356 fundos
1401 2303 1499 2356 Eccle-

316 2411 375 2465 siae
400 2415 546 2480 usurpatos
570 2409 708 2476 conducit,
727 2410 846 2464 incurrit
869 2410 1185 2466 excommunicationem
1210 2411 1277 2481 quia
1301 2409 1498 2464 Tridentinum

317 2517 390 2572 hauc
408 2519 463 2573 sert
481 2519 509 2572 iu
529 2533 716 2588 quoscumque
735 2518 782 2588 qui
841 2519 1016 2574 obventiones
1040 2521 1151 2589 fractas
1174 2533 1346 2588 quonamque
1371 2520 1498 2587 quaesito

317 2627 413 2681 colore
430 2627 460 2678 in
478 2642 543 2680 snos
560 2641 628 2679 usis
647 2636 811 2680 convertere
829 2627 942 2680 audent.
962 2625 1037 2695 Ergo
1057 2641 1110 2680 non
1130 2625 1196 2696 quia
1218 2625 1319 2679 tnudus
1341 2625 1375 2678 ad
1395 2625 1499 2679 condu-

317 2737 421 2789 ctorem
444 2736 592 2804 pereenint
616 2734 663 2788 sed
688 2733 753 2805 quia
778 2735 885 2788 fructus
904 2735 932 2788 in
956 2750 1021 2788 euos
1047 2751 1112 2787 usus
1137 2733 1284 2788 convertit
1303 2733 1343 2786 Cf.
1364 2733 1498 2799 Gennari,

320 2842 536 2908 Consultazioni,
552 2859 582 2912 p.
598 2843 617 2894 5
637 2851 664 2895 ct
676 2841 727 2906 36,
742 2841 781 2895 uti
795 2840 956 2895 recoluntur
971 2841 1164 2910 responsiones
1176 2839 1203 2894 S.
1220 2841 1469 2897 Poenitentiariae.
1483 2871 1498 2881 -

317 2949 465 3010 Quaeritur
484 2966 519 3002 en
540 2948 647 3017 possint
664 2947 760 3003 redimi
780 2947 962 3020 (astrancare)
983 2965 1097 3014 censns‚·
1114 2952 1143 3002 et
1162 2946 1228 3002 hinc
1242 2947 1399 3018 quaestioni
1421 2947 1500 3018 affin

316 3057 419 3110 mittive
444 3055 591 3125 respondet
617 3055 788 3110 D'Aunibale
816 3058 834 3108 l.
854 3073 875 3110 c.
899 3073 925 3108 n.
947 3055 999 3121 97,
1017 3066 1076 3110 not.
1098 3055 1154 3122 663
1172 3055 1229 3122 sed,
1251 3056 1280 3110 ni
1304 3057 1375 3108 fiant
1398 3054 1501 3108 distin-

317 3161 433 3227 ctiones,
452 3177 496 3215 res
514 3164 557 3214 est
575 3159 655 3215 valde
674 3159 799 3212 obscura.
820 3159 891 3213 Sunt
915 3159 1042 3214 nonnulli
1068 3175 1167 3214 census
1188 3160 1378 3225 redimibiles3
1396 3163 1428 3214 et
1447 3159 1500 3213 hos

318 3269 453 3324 redimere
471 3271 513 3322 fas
532 3273 583 3336 est,
601 3273 740 3340 quatenus
764 3267 901 3323 redimens
920 3268 1010 3322 utitur
1035 3268 1096 3323 iure
1120 3285 1180 3336 sno,
1198 3269 1345 3322 dummodo
1362 3269 1386 3322 si
1406 3267 1437 3322 in
1458 3269 1500 3324 eis

317 3379 489 3434 redimendis
507 3379 608 3443 minus,
626 3386 739 3448 accepta
756 3386 840 3442 sorte,
854 3377 1055 3446 persolverint,
1075 3377 1102 3430 id
1122 3377 1257 3432 Ecclesiis
1278 3381 1435 3434 restituant.
1457 3377 1500 3431 lla

318 3486 548 3551 Poeuitentisria,
567 3488 583 3539 1
601 3485 663 3539 Inn.
683 3484 772 3552 1869,
793 3485 827 3538 ad
849 3486 934 3548 loum3
954 3484 988 3538 ad
1007 3485 1064 3537 num
1080 3489 1174 3540 autem
1194 3491 1280 3554 negat
1297 3501 1377 3555 posse
1396 3485 1498 3540 redimi

318 3610 417 3648 census
435 3592 479 3647 vel
499 3590 697 3662 expectoret
716 3609 750 3646 ex
770 3592 830 3646 iure
849 3608 909 3646 ean.
921 3609 976 3646 non
1014 3593 1178 3647 edimidr'tes.
1193 3591 1265 3646 Sane
1284 3591 1343 3658 hos,
1355 3607 1405 3661 per
1426 3593 1500 3646 iniu-

317 3700 396 3764 riam,
415 3699 483 3754 t'ecit
501 3697 671 3752 redimibiles
689 3698 732 3751 ius
751 3695 913 3752 hodiernum
938 3698 1030 3763 civile,
1049 3703 1079 3753 et
1097 3697 1148 3753 hos
1166 3698 1302 3754 redimere
1324 3703 1367 3752 est
1384 3699 1517 3772 auferre

319 3805 461 3861 Ecclesiae
487 3807 641 3859 dominium
666 3807 812 3860 directum.
838 3805 878 3858 Gt.
898 3803 1020 3860 Gennari
1046 3806 1064 3858 l.
1084 3824 1107 3860 c.
1126 3835 1139 3846 -
1160 3805 1264 3861 Deinde
1288 3805 1437 3876 quaeritur
1463 3821 1498 3859 an

318 3930 435 3969 censura
453 3913 606 3968 constituta
625 3912 653 3965 iu
673 3911 746 3966 Trio.
766 3911 872 3968 concil.
891 3913 1051 3968 incurratur
1069 3915 1097 3968 in
1110 3914 1236 3984 emendis
1252 3913 1399 3978 fructibus,
1413 3915 1500 3968 rebus

317 4019 477 4073 annonariis
495 4018 642 4074 fundorum
662 4022 863 4088 usurpatorum.
879 4019 942 4073 -Et
961 4021 1116 4076 communis
1134 4021 1276 4076 sententis
1295 4019 1349 4072 DD.
1370 4023 1400 4074 et
1419 4020 1500 4090 ipsae

318 4127 510 4196 responsiones
528 4125 554 4179 S.
568 4125 805 4180 poenitentiarios
824 4127 999 4194 confirmant,
1015 4126 1119 4182 incurri
1138 4143 1284 4183 censuram
1297 4126 1408 4198 quando
1429 4127 1501 4184 haec

319 4232 391 4285 bona
410 4235 538 4286 ementur
556 4231 586 4284 in
604 4233 723 4285 notabili
740 4232 899 4301 quantitate.
919 4229 960 4286 Gt.
979 4230 1101 4287 Gennsri
1122 4234 1141 4286 l.
1161 4251 1184 4286 c.
1203 4261 1219 4273 -
1238 4234 1295 4288 lam
1312 4233 1416 4289 Beued.
1431 4233 1499 4288 XlV

318 4338 390 4394 hanc
414 4340 606 4411 quaestionem
630 4341 750 4409 agitavit
774 4341 802 4393 iu
828 4339 955 4410 Epistola
980 4371 995 4382 ·
1021 4341 1124 4395 Urbem
1141 4343 1309 4397 Antidotum
1329 4371 1344 4383 -
1370 4341 1439 4398 date
1464 4343 1499 4396 ed

319 4445 506 4501 Secreterinm
529 4447 563 4502 de
588 4447 671 4518 Prop.
698 4446 755 4501 Fid.
779 4449 825 4502 die
844 4448 880 4502 19
897 4449 997 4504 Martii
1020 4449 1105 4503 1752
1129 4453 1159 4504 et
1177 4453 1195 4514 ἓ
1213 4450 1253 4504 16
1270 4465 1326 4520 sep.
1352 4450 1436 4506 docet
1461 4467 1499 4504 es
