<?xml version="1.0" encoding="UTF-8"?>
<!DOCTYPE html PUBLIC "-//W3C//DTD XHTML 1.0 Transitional//EN"
    "http://www.w3.org/TR/xhtml1/DTD/xhtml1-transitional.dtd">
<html xmlns="http://www.w3.org/1999/xhtml" xml:lang="en" lang="en">
 <head>
  <title>
</title>
<meta http-equiv="Content-Type" content="text/html;charset=utf-8" />
  <meta name='ocr-system' content='tesseract 3.04.00' />
  <meta name='ocr-capabilities' content='ocr_page ocr_carea ocr_par ocr_line ocrx_word'/>
</head>
<body>
  <div class='ocr_page' id='page_1' title='image "./praelectionesin02legagoog_0574.png"; bbox 0 0 3302 5100; ppageno 0'>
   <div class='ocr_carea' id='block_1_1' title="bbox 602 297 1331 364">
    <p class='ocr_par' dir='ltr' id='par_1_1' title="bbox 602 297 1331 364">
     <span class='ocr_line' id='line_1_1' title="bbox 602 297 1331 364; baseline 0 -2"><span class='ocrx_word' id='word_1_1' title='bbox 602 313 807 362; x_wconf 80' lang='lat' dir='ltr'><strong>annsonrun</strong></span> <span class='ocrx_word' id='word_1_2' title='bbox 833 315 880 362; x_wconf 81' lang='lat' dir='ltr'><strong>iv.</strong></span> <span class='ocrx_word' id='word_1_3' title='bbox 1265 297 1331 364; x_wconf 82' lang='lat'><strong>569</strong></span> 
     </span>
    </p>
   </div>
   <div class='ocr_carea' id='block_1_2' title="bbox 154 437 1332 828">
    <p class='ocr_par' dir='ltr' id='par_1_2' title="bbox 154 437 1332 828">
     <span class='ocr_line' id='line_1_2' title="bbox 158 437 1330 507; baseline 0.001 -14"><span class='ocrx_word' id='word_1_4' title='bbox 158 439 265 494; x_wconf 91' lang='lat' dir='ltr'><strong>biticns</strong></span> <span class='ocrx_word' id='word_1_5' title='bbox 283 439 392 507; x_wconf 85' lang='lat' dir='ltr'><strong>agitur,</strong></span> <span class='ocrx_word' id='word_1_6' title='bbox 411 437 545 492; x_wconf 89' lang='lat' dir='ltr'><strong>nonnulla</strong></span> <span class='ocrx_word' id='word_1_7' title='bbox 569 437 621 491; x_wconf 89' lang='lat' dir='ltr'><strong>hoc</strong></span> <span class='ocrx_word' id='word_1_8' title='bbox 645 437 707 492; x_wconf 88' lang='lat' dir='ltr'><strong>loco</strong></span> <span class='ocrx_word' id='word_1_9' title='bbox 731 437 907 506; x_wconf 86' lang='lat' dir='ltr'><strong>adiungenda</strong></span> <span class='ocrx_word' id='word_1_10' title='bbox 931 437 1121 504; x_wconf 86' lang='lat' dir='ltr'><strong>indicavimus,</strong></span> <span class='ocrx_word' id='word_1_11' title='bbox 1145 437 1234 493; x_wconf 90' lang='lat' dir='ltr'><strong>eidem</strong></span> <span class='ocrx_word' id='word_1_12' title='bbox 1259 439 1330 494; x_wconf 89' lang='lat' dir='ltr'><strong>Con·</strong></span> 
     </span>
     <span class='ocr_line' id='line_1_3' title="bbox 156 544 1332 616; baseline 0.003 -18"><span class='ocrx_word' id='word_1_13' title='bbox 156 546 317 616; x_wconf 78' lang='lat' dir='ltr'><strong>gregationi</strong></span> <span class='ocrx_word' id='word_1_14' title='bbox 338 545 510 616; x_wconf 90' lang='lat' dir='ltr'><strong>potissimum</strong></span> <span class='ocrx_word' id='word_1_15' title='bbox 530 545 590 598; x_wconf 91' lang='lat' dir='ltr'><strong>usui</strong></span> <span class='ocrx_word' id='word_1_16' title='bbox 609 547 712 610; x_wconf 80' lang='lat' dir='ltr'><strong>futura,</strong></span> <span class='ocrx_word' id='word_1_17' title='bbox 731 561 802 616; x_wconf 89' lang='lat' dir='ltr'><strong>quas</strong></span> <span class='ocrx_word' id='word_1_18' title='bbox 821 544 914 600; x_wconf 83' lang='lat' dir='ltr'><strong>tamen</strong></span> <span class='ocrx_word' id='word_1_19' title='bbox 934 546 968 599; x_wconf 92' lang='lat' dir='ltr'><strong>ah</strong></span> <span class='ocrx_word' id='word_1_20' title='bbox 991 544 1082 601; x_wconf 86' lang='lat' dir='ltr'><strong>altera</strong></span> <span class='ocrx_word' id='word_1_21' title='bbox 1105 545 1191 600; x_wconf 86' lang='lat' dir='ltr'><strong>etiam</strong></span> <span class='ocrx_word' id='word_1_22' title='bbox 1210 545 1332 616; x_wconf 87' lang='lat' dir='ltr'><strong>Congre-</strong></span> 
     </span>
     <span class='ocr_line' id='line_1_4' title="bbox 158 651 1330 722; baseline 0 -16"><span class='ocrx_word' id='word_1_23' title='bbox 158 652 273 720; x_wconf 87' lang='lat' dir='ltr'><strong>gationc</strong></span> <span class='ocrx_word' id='word_1_24' title='bbox 292 654 380 708; x_wconf 90' lang='lat' dir='ltr'><strong>sancti</strong></span> <span class='ocrx_word' id='word_1_25' title='bbox 400 651 499 717; x_wconf 88' lang='lat' dir='ltr'><strong>Officii,</strong></span> <span class='ocrx_word' id='word_1_26' title='bbox 517 652 581 706; x_wconf 89' lang='lat' dir='ltr'><strong>dum</strong></span> <span class='ocrx_word' id='word_1_27' title='bbox 601 652 629 705; x_wconf 91' lang='lat' dir='ltr'><strong>in</strong></span> <span class='ocrx_word' id='word_1_28' title='bbox 646 651 728 706; x_wconf 87' lang='lat' dir='ltr'><strong>huius</strong></span> <span class='ocrx_word' id='word_1_29' title='bbox 752 667 861 722; x_wconf 87' lang='lat' dir='ltr'><strong>quoque</strong></span> <span class='ocrx_word' id='word_1_30' title='bbox 885 651 996 719; x_wconf 86' lang='lat' dir='ltr'><strong>generis</strong></span> <span class='ocrx_word' id='word_1_31' title='bbox 1017 651 1109 705; x_wconf 83' lang='lat' dir='ltr'><strong>causis</strong></span> <span class='ocrx_word' id='word_1_32' title='bbox 1129 667 1159 706; x_wconf 88' lang='lat' dir='ltr'><strong>ss</strong></span> <span class='ocrx_word' id='word_1_33' title='bbox 1184 651 1330 718; x_wconf 89' lang='lat' dir='ltr'><strong>immiscet,</strong></span> 
     </span>
     <span class='ocr_line' id='line_1_5' title="bbox 154 755 1329 828; baseline 0.002 -19"><span class='ocrx_word' id='word_1_34' title='bbox 154 757 205 810; x_wconf 88' lang='lat' dir='ltr'><strong>ubi</strong></span> <span class='ocrx_word' id='word_1_35' title='bbox 229 755 335 813; x_wconf 89' lang='lat' dir='ltr'><strong>similes</strong></span> <span class='ocrx_word' id='word_1_36' title='bbox 360 774 451 812; x_wconf 88' lang='lat' dir='ltr'><strong>rerum</strong></span> <span class='ocrx_word' id='word_1_37' title='bbox 476 757 703 812; x_wconf 75' lang='lat' dir='ltr'><strong>circumstantiae</strong></span> <span class='ocrx_word' id='word_1_38' title='bbox 727 773 757 811; x_wconf 90' lang='lat' dir='ltr'><strong>se</strong></span> <span class='ocrx_word' id='word_1_39' title='bbox 782 756 909 823; x_wconf 82' lang='lat' dir='ltr'><strong>offerant,</strong></span> <span class='ocrx_word' id='word_1_40' title='bbox 934 772 1021 828; x_wconf 89' lang='lat' dir='ltr'><strong>aeque</strong></span> <span class='ocrx_word' id='word_1_41' title='bbox 1045 757 1217 812; x_wconf 85' lang='lat' dir='ltr'><strong>observanda</strong></span> <span class='ocrx_word' id='word_1_42' title='bbox 1241 763 1329 812; x_wconf 89' lang='lat' dir='ltr'><strong>erunt.</strong></span> 
     </span>
    </p>
   </div>
   <div class='ocr_carea' id='block_1_3' title="bbox 157 861 1330 1040">
    <p class='ocr_par' dir='ltr' id='par_1_3' title="bbox 157 861 1330 1040">
     <span class='ocr_line' id='line_1_6' title="bbox 157 861 1330 935; baseline 0.002 -17"><span class='ocrx_word' id='word_1_43' title='bbox 157 862 391 935; x_wconf 73' lang='lat' dir='ltr'><strong>Quotiescumque</strong></span> <span class='ocrx_word' id='word_1_44' title='bbox 408 869 510 933; x_wconf 87' lang='lat' dir='ltr'><strong>agatur</strong></span> <span class='ocrx_word' id='word_1_45' title='bbox 528 864 561 919; x_wconf 92' lang='lat' dir='ltr'><strong>de</strong></span> <span class='ocrx_word' id='word_1_46' title='bbox 581 863 652 918; x_wconf 95' lang='lat' dir='ltr'><strong>libro</strong></span> <span class='ocrx_word' id='word_1_47' title='bbox 672 863 793 918; x_wconf 86' lang='lat' dir='ltr'><strong>auctoris</strong></span> <span class='ocrx_word' id='word_1_48' title='bbox 811 861 951 928; x_wconf 75' lang='lat' dir='ltr'>catholici,</span> <span class='ocrx_word' id='word_1_49' title='bbox 970 863 1017 934; x_wconf 91' lang='lat' dir='ltr'><strong>qui</strong></span> <span class='ocrx_word' id='word_1_50' title='bbox 1036 863 1073 918; x_wconf 92' lang='lat' dir='ltr'><strong>sit</strong></span> <span class='ocrx_word' id='word_1_51' title='bbox 1085 863 1211 934; x_wconf 89' lang='lat' dir='ltr'><strong>integrae</strong></span> <span class='ocrx_word' id='word_1_52' title='bbox 1230 866 1330 931; x_wconf 80' lang='lat' dir='ltr'><strong>famas,</strong></span> 
     </span>
     <span class='ocr_line' id='line_1_7' title="bbox 157 965 1330 1040; baseline 0.001 -19"><span class='ocrx_word' id='word_1_53' title='bbox 157 971 187 1021; x_wconf 92' lang='lat' dir='ltr'><strong>et</strong></span> <span class='ocrx_word' id='word_1_54' title='bbox 207 965 276 1022; x_wconf 91' lang='lat' dir='ltr'><strong>olari</strong></span> <span class='ocrx_word' id='word_1_55' title='bbox 295 967 424 1032; x_wconf 86' lang='lat' dir='ltr'><strong>nominis,</strong></span> <span class='ocrx_word' id='word_1_56' title='bbox 443 966 488 1022; x_wconf 86' lang='lat' dir='ltr'><strong>vel</strong></span> <span class='ocrx_word' id='word_1_57' title='bbox 507 969 542 1022; x_wconf 93' lang='lat' dir='ltr'><strong>ob</strong></span> <span class='ocrx_word' id='word_1_58' title='bbox 562 966 632 1021; x_wconf 86' lang='lat' dir='ltr'><strong>alios</strong></span> <span class='ocrx_word' id='word_1_59' title='bbox 650 966 740 1021; x_wconf 90' lang='lat' dir='ltr'><strong>editos</strong></span> <span class='ocrx_word' id='word_1_60' title='bbox 758 965 852 1033; x_wconf 84' lang='lat' dir='ltr'><strong>libros,</strong></span> <span class='ocrx_word' id='word_1_61' title='bbox 871 965 916 1020; x_wconf 83' lang='lat' dir='ltr'><strong>vel</strong></span> <span class='ocrx_word' id='word_1_62' title='bbox 934 967 1007 1022; x_wconf 82' lang='lat' dir='ltr'><strong>torte</strong></span> <span class='ocrx_word' id='word_1_63' title='bbox 1024 967 1060 1022; x_wconf 94' lang='lat' dir='ltr'><strong>ob</strong></span> <span class='ocrx_word' id='word_1_64' title='bbox 1078 983 1141 1022; x_wconf 90' lang='lat' dir='ltr'><strong>sum</strong></span> <span class='ocrx_word' id='word_1_65' title='bbox 1160 969 1264 1038; x_wconf 91' lang='lat' dir='ltr'><strong>ipsum,</strong></span> <span class='ocrx_word' id='word_1_66' title='bbox 1283 969 1330 1040; x_wconf 91' lang='lat' dir='ltr'><strong>qui</strong></span> 
     </span>
    </p>
   </div>
   <div class='ocr_carea' id='block_1_4' title="bbox 154 1072 1332 1893">
    <p class='ocr_par' dir='ltr' id='par_1_4' title="bbox 154 1072 1332 1893">
     <span class='ocr_line' id='line_1_8' title="bbox 156 1072 1331 1144; baseline 0.003 -18"><span class='ocrx_word' id='word_1_67' title='bbox 156 1072 186 1128; x_wconf 88' lang='lat' dir='ltr'><strong>in</strong></span> <span class='ocrx_word' id='word_1_68' title='bbox 212 1089 329 1130; x_wconf 85' lang='lat' dir='ltr'><strong>examen</strong></span> <span class='ocrx_word' id='word_1_69' title='bbox 354 1073 512 1139; x_wconf 73' lang='lat' dir='ltr'><strong>adducitur,</strong></span> <span class='ocrx_word' id='word_1_70' title='bbox 536 1077 565 1128; x_wconf 92' lang='lat' dir='ltr'><strong>et</strong></span> <span class='ocrx_word' id='word_1_71' title='bbox 592 1072 665 1126; x_wconf 90' lang='lat' dir='ltr'><strong>hunc</strong></span> <span class='ocrx_word' id='word_1_72' title='bbox 690 1073 800 1144; x_wconf 90' lang='lat' dir='ltr'><strong>quidem</strong></span> <span class='ocrx_word' id='word_1_73' title='bbox 826 1073 960 1140; x_wconf 81' lang='lat' dir='ltr'><strong>proscribi</strong></span> <span class='ocrx_word' id='word_1_74' title='bbox 984 1079 1128 1143; x_wconf 78' lang='lat' dir='ltr'><strong>oporteat3</strong></span> <span class='ocrx_word' id='word_1_75' title='bbox 1152 1090 1218 1144; x_wconf 88' lang='lat' dir='ltr'><strong>prae</strong></span> <span class='ocrx_word' id='word_1_76' title='bbox 1242 1076 1331 1129; x_wconf 87' lang='lat' dir='ltr'><strong>oculis</strong></span> 
     </span>
     <span class='ocr_line' id='line_1_9' title="bbox 158 1177 1331 1248; baseline 0.001 -16"><span class='ocrx_word' id='word_1_77' title='bbox 158 1179 296 1234; x_wconf 75' lang='lat' dir='ltr'><strong>habeatur</strong></span> <span class='ocrx_word' id='word_1_78' title='bbox 305 1196 355 1234; x_wconf 89' lang='lat' dir='ltr'><strong>usu</strong></span> <span class='ocrx_word' id='word_1_79' title='bbox 367 1179 471 1234; x_wconf 86' lang='lat' dir='ltr'><strong>iamdiu</strong></span> <span class='ocrx_word' id='word_1_80' title='bbox 480 1185 593 1248; x_wconf 87' lang='lat' dir='ltr'><strong>recepta</strong></span> <span class='ocrx_word' id='word_1_81' title='bbox 603 1178 773 1234; x_wconf 89' lang='lat' dir='ltr'><strong>cousuetudo</strong></span> <span class='ocrx_word' id='word_1_82' title='bbox 783 1177 947 1248; x_wconf 90' lang='lat' dir='ltr'><strong>prohibendi</strong></span> <span class='ocrx_word' id='word_1_83' title='bbox 957 1177 1069 1246; x_wconf 91' lang='lat' dir='ltr'><strong>librum,</strong></span> <span class='ocrx_word' id='word_1_84' title='bbox 1078 1180 1188 1236; x_wconf 89' lang='lat' dir='ltr'><strong>adiecta</strong></span> <span class='ocrx_word' id='word_1_85' title='bbox 1197 1180 1331 1236; x_wconf 85' lang='lat' dir='ltr'><strong>clausula:</strong></span> 
     </span>
     <span class='ocr_line' id='line_1_10' title="bbox 156 1283 1331 1356; baseline 0.003 -18"><span class='ocrx_word' id='word_1_86' title='bbox 156 1289 247 1340; x_wconf 80' lang='lat' dir='ltr'><strong>denec</strong></span> <span class='ocrx_word' id='word_1_87' title='bbox 266 1286 435 1355; x_wconf 55' lang='lat' dir='ltr'><strong>emulgetur,</strong></span> <span class='ocrx_word' id='word_1_88' title='bbox 454 1301 502 1340; x_wconf 84' lang='lat' dir='ltr'><strong>seu</strong></span> <span class='ocrx_word' id='word_1_89' title='bbox 515 1287 604 1340; x_wconf 87' lang='lat' dir='ltr'><strong>donec</strong></span> <span class='ocrx_word' id='word_1_90' title='bbox 615 1295 801 1356; x_wconf 63' lang='lat' dir='ltr'><strong>corrmpatur,</strong></span> <span class='ocrx_word' id='word_1_91' title='bbox 814 1285 837 1338; x_wconf 90' lang='lat' dir='ltr'><strong>si</strong></span> <span class='ocrx_word' id='word_1_92' title='bbox 851 1283 941 1339; x_wconf 89' lang='lat' dir='ltr'><strong>locum</strong></span> <span class='ocrx_word' id='word_1_93' title='bbox 956 1283 1060 1341; x_wconf 83' lang='lat' dir='ltr'><strong>habere</strong></span> <span class='ocrx_word' id='word_1_94' title='bbox 1073 1285 1168 1355; x_wconf 90' lang='lat' dir='ltr'><strong>possit,</strong></span> <span class='ocrx_word' id='word_1_95' title='bbox 1183 1301 1232 1341; x_wconf 90' lang='lat' dir='ltr'><strong>nec</strong></span> <span class='ocrx_word' id='word_1_96' title='bbox 1245 1302 1331 1356; x_wconf 87' lang='lat' dir='ltr'><strong>grave</strong></span> 
     </span>
     <span class='ocr_line' id='line_1_11' title="bbox 158 1393 1331 1466; baseline 0 -16"><span class='ocrx_word' id='word_1_97' title='bbox 158 1395 300 1466; x_wconf 87' lang='lat' dir='ltr'><strong>quidpiam</strong></span> <span class='ocrx_word' id='word_1_98' title='bbox 325 1397 434 1460; x_wconf 88' lang='lat' dir='ltr'><strong>obstet,</strong></span> <span class='ocrx_word' id='word_1_99' title='bbox 453 1396 599 1466; x_wconf 91' lang='lat' dir='ltr'><strong>quominus</strong></span> <span class='ocrx_word' id='word_1_100' title='bbox 622 1395 651 1450; x_wconf 91' lang='lat' dir='ltr'><strong>in</strong></span> <span class='ocrx_word' id='word_1_101' title='bbox 675 1411 739 1449; x_wconf 89' lang='lat' dir='ltr'><strong>casu</strong></span> <span class='ocrx_word' id='word_1_102' title='bbox 759 1394 866 1466; x_wconf 90' lang='lat' dir='ltr'><strong>dequo</strong></span> <span class='ocrx_word' id='word_1_103' title='bbox 885 1395 987 1466; x_wconf 86' lang='lat' dir='ltr'><strong>agitur,</strong></span> <span class='ocrx_word' id='word_1_104' title='bbox 1007 1393 1132 1450; x_wconf 84' lang='lat' dir='ltr'><strong>adhiberi</strong></span> <span class='ocrx_word' id='word_1_105' title='bbox 1150 1393 1252 1451; x_wconf 83' lang='lat' dir='ltr'><strong>valeat.</strong></span> <span class='ocrx_word' id='word_1_106' title='bbox 1273 1395 1331 1450; x_wconf 86' lang='lat' dir='ltr'><strong>Hac</strong></span> 
     </span>
     <span class='ocr_line' id='line_1_12' title="bbox 156 1500 1332 1571; baseline -0.001 -15"><span class='ocrx_word' id='word_1_107' title='bbox 156 1506 252 1557; x_wconf 87' lang='lat' dir='ltr'><strong>autem</strong></span> <span class='ocrx_word' id='word_1_108' title='bbox 270 1502 429 1558; x_wconf 90' lang='lat' dir='ltr'><strong>conditione</strong></span> <span class='ocrx_word' id='word_1_109' title='bbox 447 1501 642 1571; x_wconf 80' lang='lat' dir='ltr'><strong>proscriptioni</strong></span> <span class='ocrx_word' id='word_1_110' title='bbox 661 1501 782 1568; x_wconf 87' lang='lat' dir='ltr'><strong>adiecta,</strong></span> <span class='ocrx_word' id='word_1_111' title='bbox 802 1517 857 1555; x_wconf 92' lang='lat' dir='ltr'><strong>non</strong></span> <span class='ocrx_word' id='word_1_112' title='bbox 877 1501 972 1555; x_wconf 87' lang='lat' dir='ltr'><strong>statim</strong></span> <span class='ocrx_word' id='word_1_113' title='bbox 991 1500 1089 1555; x_wconf 89' lang='lat' dir='ltr'><strong>edatur</strong></span> <span class='ocrx_word' id='word_1_114' title='bbox 1108 1501 1263 1567; x_wconf 88' lang='lat' dir='ltr'><strong>decretum,</strong></span> <span class='ocrx_word' id='word_1_115' title='bbox 1285 1501 1332 1556; x_wconf 86' lang='lat' dir='ltr'><strong>sed</strong></span> 
     </span>
     <span class='ocr_line' id='line_1_13' title="bbox 156 1605 1332 1678; baseline 0.001 -17"><span class='ocrx_word' id='word_1_116' title='bbox 156 1623 289 1677; x_wconf 86' lang='lat' dir='ltr'><strong>suspensa</strong></span> <span class='ocrx_word' id='word_1_117' title='bbox 307 1607 385 1662; x_wconf 91' lang='lat' dir='ltr'><strong>illius</strong></span> <span class='ocrx_word' id='word_1_118' title='bbox 403 1606 601 1677; x_wconf 87' lang='lat' dir='ltr'><strong>publicatione,</strong></span> <span class='ocrx_word' id='word_1_119' title='bbox 621 1622 664 1662; x_wconf 90' lang='lat' dir='ltr'><strong>res</strong></span> <span class='ocrx_word' id='word_1_120' title='bbox 682 1611 766 1662; x_wconf 89' lang='lat' dir='ltr'><strong>antea</strong></span> <span class='ocrx_word' id='word_1_121' title='bbox 784 1623 847 1661; x_wconf 90' lang='lat' dir='ltr'><strong>cum</strong></span> <span class='ocrx_word' id='word_1_122' title='bbox 866 1610 989 1672; x_wconf 89' lang='lat' dir='ltr'><strong>auctore,</strong></span> <span class='ocrx_word' id='word_1_123' title='bbox 1009 1605 1053 1662; x_wconf 85' lang='lat' dir='ltr'><strong>rel</strong></span> <span class='ocrx_word' id='word_1_124' title='bbox 1069 1607 1167 1678; x_wconf 83' lang='lat' dir='ltr'><strong>quovis</strong></span> <span class='ocrx_word' id='word_1_125' title='bbox 1179 1607 1269 1662; x_wconf 88' lang='lat' dir='ltr'><strong>altero</strong></span> <span class='ocrx_word' id='word_1_126' title='bbox 1282 1623 1332 1678; x_wconf 89' lang='lat' dir='ltr'><strong>pro</strong></span> 
     </span>
     <span class='ocr_line' id='line_1_14' title="bbox 155 1713 1330 1784; baseline 0.001 -16"><span class='ocrx_word' id='word_1_127' title='bbox 155 1730 191 1768; x_wconf 92' lang='lat' dir='ltr'><strong>eo</strong></span> <span class='ocrx_word' id='word_1_128' title='bbox 209 1720 321 1784; x_wconf 68' lang='lat' dir='ltr'><strong>egsum,</strong></span> <span class='ocrx_word' id='word_1_129' title='bbox 339 1718 368 1769; x_wconf 91' lang='lat' dir='ltr'><strong>et</strong></span> <span class='ocrx_word' id='word_1_130' title='bbox 387 1718 505 1784; x_wconf 81' lang='lat' dir='ltr'><strong>rogante</strong></span> <span class='ocrx_word' id='word_1_131' title='bbox 523 1715 751 1780; x_wconf 84' lang='lat' dir='ltr'><strong>communicetur,</strong></span> <span class='ocrx_word' id='word_1_132' title='bbox 769 1717 853 1783; x_wconf 86' lang='lat' dir='ltr'><strong>atque</strong></span> <span class='ocrx_word' id='word_1_133' title='bbox 870 1713 974 1784; x_wconf 86' lang='lat' dir='ltr'><strong>siquid</strong></span> <span class='ocrx_word' id='word_1_134' title='bbox 993 1713 1147 1780; x_wconf 89' lang='lat' dir='ltr'><strong>delendum,</strong></span> <span class='ocrx_word' id='word_1_135' title='bbox 1160 1715 1330 1782; x_wconf 88' lang='lat' dir='ltr'><strong>mutandum,</strong></span> 
     </span>
     <span class='ocr_line' id='line_1_15' title="bbox 154 1821 1331 1893; baseline 0 -16"><span class='ocrx_word' id='word_1_136' title='bbox 154 1823 384 1893; x_wconf 86' lang='lat' dir='ltr'><strong>corrigendumve</strong></span> <span class='ocrx_word' id='word_1_137' title='bbox 403 1823 496 1888; x_wconf 82' lang='lat' dir='ltr'><strong>fuerit,</strong></span> <span class='ocrx_word' id='word_1_138' title='bbox 514 1821 659 1878; x_wconf 88' lang='lat' dir='ltr'><strong>indicetur.</strong></span> <span class='ocrx_word' id='word_1_139' title='bbox 673 1821 750 1884; x_wconf 87' lang='lat' dir='ltr'><strong>Quod</strong></span> <span class='ocrx_word' id='word_1_140' title='bbox 768 1823 792 1876; x_wconf 87' lang='lat' dir='ltr'><strong>si</strong></span> <span class='ocrx_word' id='word_1_141' title='bbox 812 1837 892 1878; x_wconf 89' lang='lat' dir='ltr'><strong>nemo</strong></span> <span class='ocrx_word' id='word_1_142' title='bbox 905 1824 1026 1876; x_wconf 88' lang='lat' dir='ltr'><strong>auctoris</strong></span> <span class='ocrx_word' id='word_1_143' title='bbox 1039 1823 1150 1878; x_wconf 90' lang='lat' dir='ltr'><strong>nomine</strong></span> <span class='ocrx_word' id='word_1_144' title='bbox 1163 1828 1331 1892; x_wconf 87' lang='lat' dir='ltr'><strong>compareat,</strong></span> 
     </span>
    </p>
   </div>
   <div class='ocr_carea' id='block_1_5' title="bbox 156 1913 1330 2000">
    <p class='ocr_par' dir='ltr' id='par_1_5' title="bbox 156 1913 1330 2000">
     <span class='ocr_line' id='line_1_16' title="bbox 156 1913 1330 2000; baseline 0 -17"><span class='ocrx_word' id='word_1_145' title='bbox 156 1928 202 1984; x_wconf 79' lang='lat' dir='ltr'><strong>uel</strong></span> <span class='ocrx_word' id='word_1_146' title='bbox 220 1913 289 2000; x_wconf 87' lang='lat' dir='ltr'><strong>ipse,</strong></span> <span class='ocrx_word' id='word_1_147' title='bbox 309 1933 359 1984; x_wconf 90' lang='lat' dir='ltr'><strong>aut</strong></span> <span class='ocrx_word' id='word_1_148' title='bbox 377 1928 450 1985; x_wconf 90' lang='lat' dir='ltr'><strong>alter</strong></span> <span class='ocrx_word' id='word_1_149' title='bbox 469 1945 519 1999; x_wconf 91' lang='lat' dir='ltr'><strong>pro</strong></span> <span class='ocrx_word' id='word_1_150' title='bbox 537 1945 570 1984; x_wconf 90' lang='lat' dir='ltr'><strong>so</strong></span> <span class='ocrx_word' id='word_1_151' title='bbox 589 1943 684 1998; x_wconf 86' lang='lat' dir='ltr'><strong>agens,</strong></span> <span class='ocrx_word' id='word_1_152' title='bbox 703 1929 857 1982; x_wconf 88' lang='lat' dir='ltr'><strong>iniunctam</strong></span> <span class='ocrx_word' id='word_1_153' title='bbox 881 1930 1066 1984; x_wconf 90' lang='lat' dir='ltr'><strong>corretionem</strong></span> <span class='ocrx_word' id='word_1_154' title='bbox 1090 1928 1155 1983; x_wconf 89' lang='lat' dir='ltr'><strong>libri</strong></span> <span class='ocrx_word' id='word_1_155' title='bbox 1178 1928 1330 1990; x_wconf 83' lang='lat' dir='ltr'><strong>detrectet,</strong></span> 
     </span>
    </p>
   </div>
   <div class='ocr_carea' id='block_1_6' title="bbox 112 2017 1332 4445">
    <p class='ocr_par' dir='ltr' id='par_1_6' title="bbox 155 2017 1332 2740">
     <span class='ocr_line' id='line_1_17' title="bbox 155 2017 1331 2108; baseline 0.003 -19"><span class='ocrx_word' id='word_1_156' title='bbox 155 2017 414 2105; x_wconf 84' lang='lat' dir='ltr'><strong>congruodehnito</strong></span> <span class='ocrx_word' id='word_1_157' title='bbox 432 2041 557 2105; x_wconf 86' lang='lat' dir='ltr'><strong>tempore</strong></span> <span class='ocrx_word' id='word_1_158' title='bbox 575 2035 717 2090; x_wconf 88' lang='lat' dir='ltr'><strong>decretum</strong></span> <span class='ocrx_word' id='word_1_159' title='bbox 737 2035 842 2090; x_wconf 88' lang='lat' dir='ltr'><strong>edatur.</strong></span> <span class='ocrx_word' id='word_1_160' title='bbox 863 2034 891 2088; x_wconf 91' lang='lat' dir='ltr'><strong>Si</strong></span> <span class='ocrx_word' id='word_1_161' title='bbox 910 2050 977 2090; x_wconf 86' lang='lat' dir='ltr'><strong>vero</strong></span> <span class='ocrx_word' id='word_1_162' title='bbox 996 2035 1068 2090; x_wconf 89' lang='lat' dir='ltr'><strong>idem</strong></span> <span class='ocrx_word' id='word_1_163' title='bbox 1087 2041 1198 2102; x_wconf 85' lang='lat' dir='ltr'><strong>auctor,</strong></span> <span class='ocrx_word' id='word_1_164' title='bbox 1217 2037 1331 2108; x_wconf 86' lang='lat' dir='ltr'><strong>eiusque</strong></span> 
     </span>
     <span class='ocr_line' id='line_1_18' title="bbox 156 2137 1330 2210; baseline 0.002 -18"><span class='ocrx_word' id='word_1_165' title='bbox 156 2143 334 2209; x_wconf 86' lang='lat' dir='ltr'><strong>procurator,</strong></span> <span class='ocrx_word' id='word_1_166' title='bbox 355 2137 587 2210; x_wconf 87' lang='lat' dir='ltr'><strong>Congregationis</strong></span> <span class='ocrx_word' id='word_1_167' title='bbox 612 2139 687 2192; x_wconf 87' lang='lat' dir='ltr'><strong>iussa</strong></span> <span class='ocrx_word' id='word_1_168' title='bbox 711 2139 819 2204; x_wconf 82' lang='lat' dir='ltr'><strong>fecerit,</strong></span> <span class='ocrx_word' id='word_1_169' title='bbox 842 2138 894 2193; x_wconf 91' lang='lat' dir='ltr'><strong>hoc</strong></span> <span class='ocrx_word' id='word_1_170' title='bbox 913 2143 956 2194; x_wconf 89' lang='lat' dir='ltr'><strong>est</strong></span> <span class='ocrx_word' id='word_1_171' title='bbox 976 2155 1074 2193; x_wconf 89' lang='lat' dir='ltr'><strong>novam</strong></span> <span class='ocrx_word' id='word_1_172' title='bbox 1093 2140 1248 2194; x_wconf 89' lang='lat' dir='ltr'><strong>instituerit</strong></span> <span class='ocrx_word' id='word_1_173' title='bbox 1266 2138 1330 2195; x_wconf 84' lang='lat' dir='ltr'><strong>iibri</strong></span> 
     </span>
     <span class='ocr_line' id='line_1_19' title="bbox 158 2243 1331 2314; baseline 0.001 -16"><span class='ocrx_word' id='word_1_174' title='bbox 158 2243 310 2298; x_wconf 81' lang='lat' dir='ltr'><strong>editionem</strong></span> <span class='ocrx_word' id='word_1_175' title='bbox 329 2260 391 2298; x_wconf 89' lang='lat' dir='ltr'><strong>cum</strong></span> <span class='ocrx_word' id='word_1_176' title='bbox 410 2245 572 2314; x_wconf 91' lang='lat' dir='ltr'><strong>opportunis</strong></span> <span class='ocrx_word' id='word_1_177' title='bbox 591 2243 822 2314; x_wconf 79' lang='lat' dir='ltr'><strong>castigationibus</strong></span> <span class='ocrx_word' id='word_1_178' title='bbox 844 2261 876 2298; x_wconf 93' lang='lat' dir='ltr'><strong>ac</strong></span> <span class='ocrx_word' id='word_1_179' title='bbox 901 2245 1116 2312; x_wconf 77' lang='lat' dir='ltr'><strong>mutationibus,</strong></span> <span class='ocrx_word' id='word_1_180' title='bbox 1135 2249 1202 2298; x_wconf 90' lang='lat' dir='ltr'><strong>tunc</strong></span> <span class='ocrx_word' id='word_1_181' title='bbox 1226 2246 1331 2314; x_wconf 91' lang='lat' dir='ltr'><strong>soppri·</strong></span> 
     </span>
     <span class='ocr_line' id='line_1_20' title="bbox 156 2350 1332 2423; baseline 0.003 -18"><span class='ocrx_word' id='word_1_182' title='bbox 156 2355 250 2405; x_wconf 90' lang='lat' dir='ltr'><strong>matur</strong></span> <span class='ocrx_word' id='word_1_183' title='bbox 277 2351 488 2420; x_wconf 74' lang='lat' dir='ltr'><strong>proscriptionis</strong></span> <span class='ocrx_word' id='word_1_184' title='bbox 515 2350 672 2416; x_wconf 68' lang='lat' dir='ltr'><strong>decretum</strong></span> <span class='ocrx_word' id='word_1_185' title='bbox 698 2353 752 2408; x_wconf 87' lang='lat' dir='ltr'><strong>nisi</strong></span> <span class='ocrx_word' id='word_1_186' title='bbox 779 2353 851 2407; x_wconf 85' lang='lat' dir='ltr'><strong>forte</strong></span> <span class='ocrx_word' id='word_1_187' title='bbox 882 2351 980 2420; x_wconf 92' lang='lat' dir='ltr'><strong>prioris</strong></span> <span class='ocrx_word' id='word_1_188' title='bbox 1005 2350 1136 2406; x_wconf 84' lang='lat' dir='ltr'><strong>editionis</strong></span> <span class='ocrx_word' id='word_1_189' title='bbox 1161 2353 1332 2423; x_wconf 79' lang='lat' dir='ltr'><strong>exemplaria</strong></span> 
     </span>
     <span class='ocr_line' id='line_1_21' title="bbox 156 2455 1330 2526; baseline 0.003 -19"><span class='ocrx_word' id='word_1_190' title='bbox 156 2471 260 2524; x_wconf 82' lang='lat' dir='ltr'><strong>magno</strong></span> <span class='ocrx_word' id='word_1_191' title='bbox 286 2471 400 2510; x_wconf 92' lang='lat' dir='ltr'><strong>numero</strong></span> <span class='ocrx_word' id='word_1_192' title='bbox 425 2455 559 2512; x_wconf 88' lang='lat' dir='ltr'><strong>distracta</strong></span> <span class='ocrx_word' id='word_1_193' title='bbox 583 2455 701 2521; x_wconf 77' lang='lat' dir='ltr'><strong>fuerint3</strong></span> <span class='ocrx_word' id='word_1_194' title='bbox 720 2461 786 2510; x_wconf 92' lang='lat' dir='ltr'><strong>tunc</strong></span> <span class='ocrx_word' id='word_1_195' title='bbox 813 2457 887 2512; x_wconf 92' lang='lat' dir='ltr'><strong>enim</strong></span> <span class='ocrx_word' id='word_1_196' title='bbox 911 2456 952 2510; x_wconf 89' lang='lat' dir='ltr'><strong>ita</strong></span> <span class='ocrx_word' id='word_1_197' title='bbox 969 2455 1112 2511; x_wconf 87' lang='lat' dir='ltr'><strong>decretum</strong></span> <span class='ocrx_word' id='word_1_198' title='bbox 1135 2456 1330 2526; x_wconf 88' lang='lat' dir='ltr'><strong>publicandum</strong></span> 
     </span>
     <span class='ocr_line' id='line_1_22' title="bbox 157 2563 1332 2634; baseline 0.001 -16"><span class='ocrx_word' id='word_1_199' title='bbox 157 2564 219 2630; x_wconf 86' lang='lat' dir='ltr'><strong>erit,</strong></span> <span class='ocrx_word' id='word_1_200' title='bbox 239 2568 270 2618; x_wconf 90' lang='lat' dir='ltr'><strong>ut</strong></span> <span class='ocrx_word' id='word_1_201' title='bbox 282 2577 378 2618; x_wconf 92' lang='lat' dir='ltr'><strong>omnes</strong></span> <span class='ocrx_word' id='word_1_202' title='bbox 391 2563 561 2633; x_wconf 84' lang='lat' dir='ltr'><strong>intelligant,</strong></span> <span class='ocrx_word' id='word_1_203' title='bbox 579 2563 685 2634; x_wconf 86' lang='lat' dir='ltr'><strong>primae</strong></span> <span class='ocrx_word' id='word_1_204' title='bbox 698 2563 828 2619; x_wconf 84' lang='lat' dir='ltr'><strong>editionis</strong></span> <span class='ocrx_word' id='word_1_205' title='bbox 842 2563 1013 2634; x_wconf 81' lang='lat' dir='ltr'><strong>exemplaria</strong></span> <span class='ocrx_word' id='word_1_206' title='bbox 1025 2565 1170 2620; x_wconf 84' lang='lat' dir='ltr'><strong>dumtaxat</strong></span> <span class='ocrx_word' id='word_1_207' title='bbox 1183 2563 1332 2619; x_wconf 88' lang='lat' dir='ltr'><strong>interdicta</strong></span> 
     </span>
     <span class='ocr_line' id='line_1_23' title="bbox 156 2669 881 2740; baseline 0.001 -18"><span class='ocrx_word' id='word_1_208' title='bbox 156 2670 225 2734; x_wconf 80' lang='lat' dir='ltr'><strong>fore,</strong></span> <span class='ocrx_word' id='word_1_209' title='bbox 243 2669 380 2724; x_wconf 84' lang='lat' dir='ltr'><strong>secundae</strong></span> <span class='ocrx_word' id='word_1_210' title='bbox 399 2685 465 2724; x_wconf 85' lang='lat' dir='ltr'><strong>vero</strong></span> <span class='ocrx_word' id='word_1_211' title='bbox 483 2670 539 2724; x_wconf 91' lang='lat' dir='ltr'><strong>iam</strong></span> <span class='ocrx_word' id='word_1_212' title='bbox 558 2670 722 2726; x_wconf 86' lang='lat' dir='ltr'><strong>emendatae</strong></span> <span class='ocrx_word' id='word_1_213' title='bbox 741 2670 881 2740; x_wconf 87' lang='lat' dir='ltr'><strong>permissa.</strong></span> 
     </span>
    </p>

    <p class='ocr_par' dir='ltr' id='par_1_7' title="bbox 112 2776 1332 4445">
     <span class='ocr_line' id='line_1_24' title="bbox 245 2776 1331 2848; baseline 0 -18"><span class='ocrx_word' id='word_1_214' title='bbox 245 2781 263 2842; x_wconf 71' lang='grc' dir='ltr'><strong>ἓ</strong></span> <span class='ocrx_word' id='word_1_215' title='bbox 286 2777 326 2832; x_wconf 88' lang='grc'><strong>10.</strong></span> <span class='ocrx_word' id='word_1_216' title='bbox 338 2777 517 2848; x_wconf 85' lang='lat' dir='ltr'><strong>·Conquestos</strong></span> <span class='ocrx_word' id='word_1_217' title='bbox 535 2776 638 2832; x_wconf 87' lang='lat' dir='ltr'><strong>scimus</strong></span> <span class='ocrx_word' id='word_1_218' title='bbox 657 2777 805 2848; x_wconf 87' lang='lat' dir='ltr'><strong>aliquando</strong></span> <span class='ocrx_word' id='word_1_219' title='bbox 817 2777 974 2844; x_wconf 88' lang='lat' dir='ltr'><strong>nonnullos,</strong></span> <span class='ocrx_word' id='word_1_220' title='bbox 987 2777 1060 2848; x_wconf 89' lang='lat' dir='ltr'><strong>quod</strong></span> <span class='ocrx_word' id='word_1_221' title='bbox 1073 2776 1206 2831; x_wconf 90' lang='lat' dir='ltr'><strong>librorum</strong></span> <span class='ocrx_word' id='word_1_222' title='bbox 1219 2777 1331 2844; x_wconf 86' lang='lat' dir='ltr'><strong>iudicia,</strong></span> 
     </span>
     <span class='ocr_line' id='line_1_25' title="bbox 156 2883 1330 2954; baseline 0.002 -16"><span class='ocrx_word' id='word_1_223' title='bbox 156 2888 186 2938; x_wconf 89' lang='lat' dir='ltr'><strong>et</strong></span> <span class='ocrx_word' id='word_1_224' title='bbox 205 2885 430 2953; x_wconf 83' lang='lat' dir='ltr'><strong>proscriptiones,</strong></span> <span class='ocrx_word' id='word_1_225' title='bbox 444 2883 576 2938; x_wconf 88' lang='lat' dir='ltr'><strong>inauditis</strong></span> <span class='ocrx_word' id='word_1_226' title='bbox 589 2885 749 2938; x_wconf 87' lang='lat' dir='ltr'><strong>auctoribus</strong></span> <span class='ocrx_word' id='word_1_227' title='bbox 762 2885 839 2950; x_wconf 85' lang='lat' dir='ltr'><strong>fiant,</strong></span> <span class='ocrx_word' id='word_1_228' title='bbox 853 2883 930 2939; x_wconf 93' lang='lat' dir='ltr'><strong>nullo</strong></span> <span class='ocrx_word' id='word_1_229' title='bbox 942 2885 1009 2954; x_wconf 90' lang='lat' dir='ltr'><strong>ipsis</strong></span> <span class='ocrx_word' id='word_1_230' title='bbox 1022 2883 1084 2939; x_wconf 91' lang='lat' dir='ltr'><strong>loco</strong></span> <span class='ocrx_word' id='word_1_231' title='bbox 1096 2883 1131 2938; x_wconf 91' lang='lat' dir='ltr'><strong>ad</strong></span> <span class='ocrx_word' id='word_1_232' title='bbox 1142 2883 1330 2940; x_wconf 85' lang='lat' dir='ltr'><strong>defensionem</strong></span> 
     </span>
     <span class='ocr_line' id='line_1_26' title="bbox 158 2991 1331 3064; baseline 0.003 -18"><span class='ocrx_word' id='word_1_233' title='bbox 158 3008 298 3048; x_wconf 88' lang='lat' dir='ltr'><strong>concesso.</strong></span> <span class='ocrx_word' id='word_1_234' title='bbox 319 2992 388 3048; x_wconf 88' lang='lat' dir='ltr'><strong>Huic</strong></span> <span class='ocrx_word' id='word_1_235' title='bbox 407 2997 501 3047; x_wconf 92' lang='lat' dir='ltr'><strong>autem</strong></span> <span class='ocrx_word' id='word_1_236' title='bbox 519 2991 650 3064; x_wconf 88' lang='lat' dir='ltr'><strong>querelas</strong></span> <span class='ocrx_word' id='word_1_237' title='bbox 669 3007 829 3062; x_wconf 85' lang='lat' dir='ltr'><strong>responsum</strong></span> <span class='ocrx_word' id='word_1_238' title='bbox 849 2992 934 3048; x_wconf 85' lang='lat' dir='ltr'><strong>luisse</strong></span> <span class='ocrx_word' id='word_1_239' title='bbox 951 2993 1088 3056; x_wconf 85' lang='lat' dir='ltr'><strong>norimus,</strong></span> <span class='ocrx_word' id='word_1_240' title='bbox 1107 2991 1177 3046; x_wconf 92' lang='lat' dir='ltr'><strong>nihil</strong></span> <span class='ocrx_word' id='word_1_241' title='bbox 1189 3009 1257 3063; x_wconf 88' lang='lat' dir='ltr'><strong>opus</strong></span> <span class='ocrx_word' id='word_1_242' title='bbox 1271 3010 1331 3049; x_wconf 89' lang='lat' dir='ltr'><strong>esse</strong></span> 
     </span>
     <span class='ocr_line' id='line_1_27' title="bbox 158 3095 1331 3168; baseline 0.001 -16"><span class='ocrx_word' id='word_1_243' title='bbox 158 3103 288 3154; x_wconf 89' lang='lat' dir='ltr'><strong>auctores</strong></span> <span class='ocrx_word' id='word_1_244' title='bbox 307 3099 335 3152; x_wconf 91' lang='lat' dir='ltr'><strong>in</strong></span> <span class='ocrx_word' id='word_1_245' title='bbox 354 3097 487 3153; x_wconf 87' lang='lat' dir='ltr'><strong>iudicium</strong></span> <span class='ocrx_word' id='word_1_246' title='bbox 504 3113 613 3162; x_wconf 86' lang='lat' dir='ltr'><strong>vocare,</strong></span> <span class='ocrx_word' id='word_1_247' title='bbox 632 3097 679 3151; x_wconf 91' lang='lat' dir='ltr'><strong>ubi</strong></span> <span class='ocrx_word' id='word_1_248' title='bbox 700 3113 753 3151; x_wconf 92' lang='lat' dir='ltr'><strong>non</strong></span> <span class='ocrx_word' id='word_1_249' title='bbox 773 3095 883 3168; x_wconf 89' lang='lat' dir='ltr'><strong>qnidam</strong></span> <span class='ocrx_word' id='word_1_250' title='bbox 902 3097 936 3152; x_wconf 88' lang='lat' dir='ltr'><strong>de</strong></span> <span class='ocrx_word' id='word_1_251' title='bbox 954 3113 1051 3152; x_wconf 89' lang='lat' dir='ltr'><strong>eorum</strong></span> <span class='ocrx_word' id='word_1_252' title='bbox 1066 3098 1190 3167; x_wconf 89' lang='lat' dir='ltr'><strong>personis</strong></span> <span class='ocrx_word' id='word_1_253' title='bbox 1203 3099 1331 3153; x_wconf 85' lang='lat' dir='ltr'><strong>notandis</strong></span> 
     </span>
     <span class='ocr_line' id='line_1_28' title="bbox 158 3201 1331 3274; baseline 0.001 -18"><span class='ocrx_word' id='word_1_254' title='bbox 158 3207 206 3259; x_wconf 87' lang='lat' dir='ltr'><strong>aut</strong></span> <span class='ocrx_word' id='word_1_255' title='bbox 232 3203 447 3259; x_wconf 85' lang='lat' dir='ltr'><strong>condemnandis</strong></span> <span class='ocrx_word' id='word_1_256' title='bbox 470 3205 576 3274; x_wconf 90' lang='lat' dir='ltr'><strong>agitur,</strong></span> <span class='ocrx_word' id='word_1_257' title='bbox 596 3204 642 3258; x_wconf 85' lang='lat' dir='ltr'><strong>aed</strong></span> <span class='ocrx_word' id='word_1_258' title='bbox 661 3203 695 3258; x_wconf 90' lang='lat' dir='ltr'><strong>de</strong></span> <span class='ocrx_word' id='word_1_259' title='bbox 714 3201 882 3258; x_wconf 87' lang='lat' dir='ltr'><strong>consulendo</strong></span> <span class='ocrx_word' id='word_1_260' title='bbox 901 3201 1024 3256; x_wconf 89' lang='lat' dir='ltr'><strong>tidelium</strong></span> <span class='ocrx_word' id='word_1_261' title='bbox 1043 3202 1228 3268; x_wconf 88' lang='lat' dir='ltr'><strong>indemnitati,</strong></span> <span class='ocrx_word' id='word_1_262' title='bbox 1247 3209 1331 3273; x_wconf 88' lang='lat' dir='ltr'><strong>atque</strong></span> 
     </span>
     <span class='ocr_line' id='line_1_29' title="bbox 157 3307 1332 3380; baseline -0.002 -16"><span class='ocrx_word' id='word_1_263' title='bbox 157 3311 310 3366; x_wconf 79' lang='lat' dir='ltr'><strong>avertendo</strong></span> <span class='ocrx_word' id='word_1_264' title='bbox 328 3312 363 3364; x_wconf 90' lang='lat' dir='ltr'><strong>ab</strong></span> <span class='ocrx_word' id='word_1_265' title='bbox 383 3311 449 3380; x_wconf 90' lang='lat' dir='ltr'><strong>ipsis</strong></span> <span class='ocrx_word' id='word_1_266' title='bbox 468 3308 599 3380; x_wconf 89' lang='lat' dir='ltr'><strong>periculo,</strong></span> <span class='ocrx_word' id='word_1_267' title='bbox 619 3309 692 3380; x_wconf 92' lang='lat' dir='ltr'><strong>quod</strong></span> <span class='ocrx_word' id='word_1_268' title='bbox 710 3325 745 3364; x_wconf 83' lang='lat' dir='ltr'><strong>ex</strong></span> <span class='ocrx_word' id='word_1_269' title='bbox 760 3324 849 3363; x_wconf 90' lang='lat' dir='ltr'><strong>nocua</strong></span> <span class='ocrx_word' id='word_1_270' title='bbox 862 3308 997 3363; x_wconf 89' lang='lat' dir='ltr'><strong>librorum</strong></span> <span class='ocrx_word' id='word_1_271' title='bbox 1012 3307 1132 3363; x_wconf 89' lang='lat' dir='ltr'><strong>lectione</strong></span> <span class='ocrx_word' id='word_1_272' title='bbox 1144 3308 1227 3364; x_wconf 85' lang='lat' dir='ltr'><strong>facile</strong></span> <span class='ocrx_word' id='word_1_273' title='bbox 1240 3309 1332 3363; x_wconf 88' lang='lat' dir='ltr'><strong>incur·</strong></span> 
     </span>
     <span class='ocr_line' id='line_1_30' title="bbox 156 3416 1330 3491; baseline 0.002 -22"><span class='ocrx_word' id='word_1_274' title='bbox 156 3417 246 3482; x_wconf 78' lang='lat' dir='ltr'><strong>ritur3</strong></span> <span class='ocrx_word' id='word_1_275' title='bbox 263 3417 286 3472; x_wconf 89' lang='lat' dir='ltr'><strong>si</strong></span> <span class='ocrx_word' id='word_1_276' title='bbox 305 3435 360 3488; x_wconf 90' lang='lat' dir='ltr'><strong>qua</strong></span> <span class='ocrx_word' id='word_1_277' title='bbox 373 3432 440 3473; x_wconf 85' lang='lat' dir='ltr'><strong>vero</strong></span> <span class='ocrx_word' id='word_1_278' title='bbox 451 3417 622 3486; x_wconf 85' lang='lat' dir='ltr'><strong>ignominiae</strong></span> <span class='ocrx_word' id='word_1_279' title='bbox 635 3417 699 3491; x_wconf 81' lang='lat' dir='ltr'><strong>labe</strong></span> <span class='ocrx_word' id='word_1_280' title='bbox 711 3417 833 3471; x_wconf 89' lang='lat' dir='ltr'><strong>auctoris</strong></span> <span class='ocrx_word' id='word_1_281' title='bbox 848 3432 947 3471; x_wconf 90' lang='lat' dir='ltr'><strong>nomen</strong></span> <span class='ocrx_word' id='word_1_282' title='bbox 961 3432 995 3470; x_wconf 83' lang='lat' dir='ltr'><strong>ex</strong></span> <span class='ocrx_word' id='word_1_283' title='bbox 1008 3431 1042 3470; x_wconf 91' lang='lat' dir='ltr'><strong>eo</strong></span> <span class='ocrx_word' id='word_1_284' title='bbox 1054 3416 1164 3486; x_wconf 80' lang='lat' dir='ltr'><strong>aspergi</strong></span> <span class='ocrx_word' id='word_1_285' title='bbox 1177 3417 1330 3486; x_wconf 86' lang='lat' dir='ltr'><strong>contingat,</strong></span> 
     </span>
     <span class='ocr_line' id='line_1_31' title="bbox 156 3523 1330 3597; baseline 0 -18"><span class='ocrx_word' id='word_1_286' title='bbox 156 3525 183 3579; x_wconf 88' lang='lat' dir='ltr'><strong>id</strong></span> <span class='ocrx_word' id='word_1_287' title='bbox 201 3541 256 3582; x_wconf 91' lang='lat' dir='ltr'><strong>non</strong></span> <span class='ocrx_word' id='word_1_288' title='bbox 269 3526 382 3594; x_wconf 87' lang='lat' dir='ltr'><strong>directe,</strong></span> <span class='ocrx_word' id='word_1_289' title='bbox 395 3527 442 3581; x_wconf 91' lang='lat' dir='ltr'><strong>sed</strong></span> <span class='ocrx_word' id='word_1_290' title='bbox 460 3525 573 3597; x_wconf 88' lang='lat' dir='ltr'><strong>oblique</strong></span> <span class='ocrx_word' id='word_1_291' title='bbox 585 3543 620 3580; x_wconf 83' lang='lat' dir='ltr'><strong>ex</strong></span> <span class='ocrx_word' id='word_1_292' title='bbox 638 3524 703 3579; x_wconf 92' lang='lat' dir='ltr'><strong>libri</strong></span> <span class='ocrx_word' id='word_1_293' title='bbox 722 3525 900 3580; x_wconf 87' lang='lat' dir='ltr'><strong>damnatione</strong></span> <span class='ocrx_word' id='word_1_294' title='bbox 913 3525 1055 3596; x_wconf 87' lang='lat' dir='ltr'><strong>consequi.</strong></span> <span class='ocrx_word' id='word_1_295' title='bbox 1068 3523 1208 3585; x_wconf 84' lang='lat' dir='ltr'><strong>Quassus</strong></span> <span class='ocrx_word' id='word_1_296' title='bbox 1221 3525 1330 3579; x_wconf 89' lang='lat' dir='ltr'><strong>ratione</strong></span> 
     </span>
     <span class='ocr_line' id='line_1_32' title="bbox 112 3629 1331 3703; baseline 0.001 -17"><span class='ocrx_word' id='word_1_297' title='bbox 112 3643 116 3650; x_wconf 85' lang='lat'>&#39;</span> <span class='ocrx_word' id='word_1_298' title='bbox 159 3633 275 3688; x_wconf 89' lang='lat' dir='ltr'><strong>minime</strong></span> <span class='ocrx_word' id='word_1_299' title='bbox 294 3633 489 3703; x_wconf 86' lang='lat' dir='ltr'><strong>improbandas</strong></span> <span class='ocrx_word' id='word_1_300' title='bbox 504 3649 648 3688; x_wconf 88' lang='lat' dir='ltr'><strong>censemus</strong></span> <span class='ocrx_word' id='word_1_301' title='bbox 660 3631 816 3686; x_wconf 90' lang='lat' dir='ltr'><strong>huiusmodi</strong></span> <span class='ocrx_word' id='word_1_302' title='bbox 829 3631 963 3686; x_wconf 89' lang='lat' dir='ltr'><strong>librorum</strong></span> <span class='ocrx_word' id='word_1_303' title='bbox 977 3629 1186 3700; x_wconf 85' lang='lat' dir='ltr'><strong>prohibitiones,</strong></span> <span class='ocrx_word' id='word_1_304' title='bbox 1199 3631 1331 3688; x_wconf 88' lang='lat' dir='ltr'><strong>inauditis</strong></span> 
     </span>
     <span class='ocr_line' id='line_1_33' title="bbox 158 3734 1331 3808; baseline 0 -20"><span class='ocrx_word' id='word_1_305' title='bbox 158 3737 320 3791; x_wconf 89' lang='lat' dir='ltr'><strong>auctoribus</strong></span> <span class='ocrx_word' id='word_1_306' title='bbox 338 3737 443 3801; x_wconf 63' lang='lat' dir='ltr'><strong>factas,</strong></span> <span class='ocrx_word' id='word_1_307' title='bbox 461 3753 545 3808; x_wconf 89' lang='lat' dir='ltr'><strong>quum</strong></span> <span class='ocrx_word' id='word_1_308' title='bbox 566 3737 729 3806; x_wconf 87' lang='lat' dir='ltr'><strong>praesertim</strong></span> <span class='ocrx_word' id='word_1_309' title='bbox 749 3735 914 3792; x_wconf 88' lang='lat' dir='ltr'><strong>credendum</strong></span> <span class='ocrx_word' id='word_1_310' title='bbox 932 3735 979 3800; x_wconf 84' lang='lat' dir='ltr'><strong>sit,</strong></span> <span class='ocrx_word' id='word_1_311' title='bbox 998 3734 1128 3806; x_wconf 92' lang='lat' dir='ltr'><strong>quidquid</strong></span> <span class='ocrx_word' id='word_1_312' title='bbox 1154 3750 1203 3803; x_wconf 90' lang='lat' dir='ltr'><strong>pro</strong></span> <span class='ocrx_word' id='word_1_313' title='bbox 1225 3736 1331 3804; x_wconf 86' lang='lat' dir='ltr'><strong>seipso,</strong></span> 
     </span>
     <span class='ocr_line' id='line_1_34' title="bbox 157 3840 1332 3912; baseline 0 -18"><span class='ocrx_word' id='word_1_314' title='bbox 157 3847 206 3898; x_wconf 90' lang='lat' dir='ltr'><strong>aut</strong></span> <span class='ocrx_word' id='word_1_315' title='bbox 230 3858 280 3912; x_wconf 90' lang='lat' dir='ltr'><strong>pro</strong></span> <span class='ocrx_word' id='word_1_316' title='bbox 304 3841 447 3898; x_wconf 87' lang='lat' dir='ltr'><strong>doctrinae</strong></span> <span class='ocrx_word' id='word_1_317' title='bbox 472 3853 539 3898; x_wconf 87' lang='lat' dir='ltr'><strong>suae</strong></span> <span class='ocrx_word' id='word_1_318' title='bbox 556 3843 716 3898; x_wconf 83' lang='lat' dir='ltr'><strong>defensione</strong></span> <span class='ocrx_word' id='word_1_319' title='bbox 735 3843 872 3912; x_wconf 90' lang='lat' dir='ltr'><strong>potuisset</strong></span> <span class='ocrx_word' id='word_1_320' title='bbox 890 3846 988 3896; x_wconf 90' lang='lat' dir='ltr'><strong>auctor</strong></span> <span class='ocrx_word' id='word_1_321' title='bbox 1006 3842 1115 3906; x_wconf 75' lang='lat' dir='ltr'><strong>afferro,</strong></span> <span class='ocrx_word' id='word_1_322' title='bbox 1133 3841 1161 3894; x_wconf 92' lang='lat' dir='ltr'><strong>id</strong></span> <span class='ocrx_word' id='word_1_323' title='bbox 1182 3840 1297 3895; x_wconf 89' lang='lat' dir='ltr'><strong>minime</strong></span> <span class='ocrx_word' id='word_1_324' title='bbox 1315 3857 1332 3894; x_wconf 89' lang='lat' dir='ltr'><strong>a</strong></span> 
     </span>
     <span class='ocr_line' id='line_1_35' title="bbox 157 3948 1331 4022; baseline 0.002 -19"><span class='ocrx_word' id='word_1_325' title='bbox 157 3950 318 4005; x_wconf 88' lang='lat' dir='ltr'><strong>censoribus</strong></span> <span class='ocrx_word' id='word_1_326' title='bbox 343 3953 427 4022; x_wconf 88' lang='lat' dir='ltr'><strong>atque</strong></span> <span class='ocrx_word' id='word_1_327' title='bbox 451 3950 588 4004; x_wconf 90' lang='lat' dir='ltr'><strong>indicibus</strong></span> <span class='ocrx_word' id='word_1_328' title='bbox 612 3951 770 4020; x_wconf 87' lang='lat' dir='ltr'><strong>ignoratum</strong></span> <span class='ocrx_word' id='word_1_329' title='bbox 795 3948 990 4020; x_wconf 84' lang='lat' dir='ltr'><strong>neglectumve</strong></span> <span class='ocrx_word' id='word_1_330' title='bbox 1012 3950 1104 4004; x_wconf 83' lang='lat' dir='ltr'><strong>fuisse.</strong></span> <span class='ocrx_word' id='word_1_331' title='bbox 1123 3949 1219 4003; x_wconf 86' lang='lat' dir='ltr'><strong>Nihilo</strong></span> <span class='ocrx_word' id='word_1_332' title='bbox 1238 3953 1331 4005; x_wconf 68' lang='lat' dir='ltr'><strong>umen</strong></span> 
     </span>
     <span class='ocr_line' id='line_1_36' title="bbox 159 4053 1330 4128; baseline -0.001 -19"><span class='ocrx_word' id='word_1_333' title='bbox 159 4055 259 4124; x_wconf 86' lang='lat' dir='ltr'><strong>minus,</strong></span> <span class='ocrx_word' id='word_1_334' title='bbox 271 4057 342 4128; x_wconf 89' lang='lat' dir='ltr'><strong>quod</strong></span> <span class='ocrx_word' id='word_1_335' title='bbox 356 4073 437 4128; x_wconf 88' lang='lat' dir='ltr'><strong>saepe</strong></span> <span class='ocrx_word' id='word_1_336' title='bbox 450 4057 530 4124; x_wconf 86' lang='lat' dir='ltr'><strong>alias,</strong></span> <span class='ocrx_word' id='word_1_337' title='bbox 548 4073 656 4112; x_wconf 87' lang='lat' dir='ltr'><strong>summa</strong></span> <span class='ocrx_word' id='word_1_338' title='bbox 675 4057 824 4128; x_wconf 90' lang='lat' dir='ltr'><strong>aequitatis</strong></span> <span class='ocrx_word' id='word_1_339' title='bbox 837 4061 866 4110; x_wconf 89' lang='lat' dir='ltr'><strong>et</strong></span> <span class='ocrx_word' id='word_1_340' title='bbox 880 4055 1043 4126; x_wconf 89' lang='lat' dir='ltr'><strong>prudentiae</strong></span> <span class='ocrx_word' id='word_1_341' title='bbox 1056 4055 1173 4121; x_wconf 89' lang='lat' dir='ltr'><strong>ratione,</strong></span> <span class='ocrx_word' id='word_1_342' title='bbox 1186 4056 1221 4109; x_wconf 89' lang='lat' dir='ltr'><strong>ab</strong></span> <span class='ocrx_word' id='word_1_343' title='bbox 1234 4053 1330 4111; x_wconf 84' lang='lat' dir='ltr'><strong>eadem</strong></span> 
     </span>
     <span class='ocr_line' id='line_1_37' title="bbox 156 4161 1330 4233; baseline -0.003 -17"><span class='ocrx_word' id='word_1_344' title='bbox 156 4164 381 4233; x_wconf 75' lang='lat' dir='ltr'><strong>congregatione</strong></span> <span class='ocrx_word' id='word_1_345' title='bbox 400 4164 504 4217; x_wconf 81' lang='lat' dir='ltr'><strong>factum</strong></span> <span class='ocrx_word' id='word_1_346' title='bbox 523 4163 607 4217; x_wconf 85' lang='lat' dir='ltr'><strong>luisse</strong></span> <span class='ocrx_word' id='word_1_347' title='bbox 626 4166 745 4228; x_wconf 88' lang='lat' dir='ltr'><strong>constat,</strong></span> <span class='ocrx_word' id='word_1_348' title='bbox 764 4161 816 4215; x_wconf 90' lang='lat' dir='ltr'><strong>hoc</strong></span> <span class='ocrx_word' id='word_1_349' title='bbox 837 4162 921 4216; x_wconf 86' lang='lat' dir='ltr'><strong>ctiam</strong></span> <span class='ocrx_word' id='word_1_350' title='bbox 936 4162 965 4216; x_wconf 91' lang='lat' dir='ltr'><strong>in</strong></span> <span class='ocrx_word' id='word_1_351' title='bbox 977 4166 1119 4231; x_wconf 89' lang='lat' dir='ltr'><strong>posterum</strong></span> <span class='ocrx_word' id='word_1_352' title='bbox 1133 4162 1167 4214; x_wconf 89' lang='lat' dir='ltr'><strong>ab</strong></span> <span class='ocrx_word' id='word_1_353' title='bbox 1180 4161 1330 4215; x_wconf 82' lang='lat' dir='ltr'><strong>asservari</strong></span> 
     </span>
     <span class='ocr_line' id='line_1_38' title="bbox 157 4267 1331 4343; baseline -0.005 -15"><span class='ocrx_word' id='word_1_354' title='bbox 157 4288 327 4343; x_wconf 84' lang='lat' dir='ltr'><strong>magnopere</strong></span> <span class='ocrx_word' id='word_1_355' title='bbox 347 4278 483 4342; x_wconf 88' lang='lat' dir='ltr'><strong>optamus,</strong></span> <span class='ocrx_word' id='word_1_356' title='bbox 498 4275 528 4326; x_wconf 93' lang='lat' dir='ltr'><strong>ut</strong></span> <span class='ocrx_word' id='word_1_357' title='bbox 540 4270 651 4342; x_wconf 89' lang='lat' dir='ltr'><strong>quando</strong></span> <span class='ocrx_word' id='word_1_358' title='bbox 663 4286 707 4325; x_wconf 87' lang='lat' dir='ltr'><strong>res</strong></span> <span class='ocrx_word' id='word_1_359' title='bbox 720 4270 757 4324; x_wconf 90' lang='lat' dir='ltr'><strong>sit</strong></span> <span class='ocrx_word' id='word_1_360' title='bbox 770 4269 803 4324; x_wconf 91' lang='lat' dir='ltr'><strong>de</strong></span> <span class='ocrx_word' id='word_1_361' title='bbox 817 4274 930 4324; x_wconf 87' lang='lat' dir='ltr'><strong>auctore</strong></span> <span class='ocrx_word' id='word_1_362' title='bbox 943 4267 1092 4334; x_wconf 89' lang='lat' dir='ltr'><strong>catholico,</strong></span> <span class='ocrx_word' id='word_1_363' title='bbox 1104 4268 1198 4340; x_wconf 88' lang='lat' dir='ltr'><strong>aliqua</strong></span> <span class='ocrx_word' id='word_1_364' title='bbox 1211 4269 1331 4322; x_wconf 86' lang='lat' dir='ltr'><strong>nominis</strong></span> 
     </span>
     <span class='ocr_line' id='line_1_39' title="bbox 157 4372 1330 4445; baseline -0.007 -11"><span class='ocrx_word' id='word_1_365' title='bbox 157 4387 186 4434; x_wconf 90' lang='lat' dir='ltr'><strong>et</strong></span> <span class='ocrx_word' id='word_1_366' title='bbox 205 4379 367 4434; x_wconf 89' lang='lat' dir='ltr'><strong>meritorum</strong></span> <span class='ocrx_word' id='word_1_367' title='bbox 386 4380 461 4433; x_wconf 85' lang='lat' dir='ltr'><strong>fama</strong></span> <span class='ocrx_word' id='word_1_368' title='bbox 479 4377 593 4442; x_wconf 90' lang='lat' dir='ltr'><strong>illustri,</strong></span> <span class='ocrx_word' id='word_1_369' title='bbox 611 4377 726 4445; x_wconf 88' lang='lat' dir='ltr'><strong>eiusque</strong></span> <span class='ocrx_word' id='word_1_370' title='bbox 745 4391 823 4444; x_wconf 89' lang='lat' dir='ltr'><strong>opus,</strong></span> <span class='ocrx_word' id='word_1_371' title='bbox 841 4374 960 4444; x_wconf 89' lang='lat' dir='ltr'><strong>demptis</strong></span> <span class='ocrx_word' id='word_1_372' title='bbox 978 4374 1128 4438; x_wconf 89' lang='lat' dir='ltr'><strong>demendis,</strong></span> <span class='ocrx_word' id='word_1_373' title='bbox 1147 4373 1175 4427; x_wconf 95' lang='lat' dir='ltr'><strong>in</strong></span> <span class='ocrx_word' id='word_1_374' title='bbox 1190 4372 1330 4443; x_wconf 91' lang='lat' dir='ltr'><strong>publicum</strong></span> 
     </span>
    </p>
   </div>
   <div class='ocr_carea' id='block_1_7' title="bbox 0 0 1656 5100">
    <p class='ocr_par' dir='ltr' id='par_1_8' title="bbox 0 0 1656 5100">
     <span class='ocr_line' id='line_1_40' title="bbox 0 0 1656 5100; baseline 0 0"><span class='ocrx_word' id='word_1_375' title='bbox 0 0 1656 5100; x_wconf 95' lang='lat' dir='ltr'><strong> </strong></span> 
     </span>
    </p>
   </div>
  </div>
 </body>
</html>
