3312 5108
547 339 590 385 nu
615 337 770 386 naurorrs
798 338 842 386 rr
865 339 988 386 rossus
1314 317 1357 383 29

247 461 386 548 uLegem
403 479 473 526 can.
490 459 574 544 quod
590 461 714 537 attinet,
737 457 941 526 D'Aunibale
964 459 1003 544 (Ι,
1028 459 1106 543 298)
1130 461 1176 524 ita
1198 460 1358 545 principia
1414 456 1417 485 ³

177 586 320 672 explicat
343 585 663 680 obmurmurationis:
690 603 708 648 ‹
733 583 891 652 Ourssun
914 583 1044 668 aliquod
1061 583 1254 669 intelligitur
1276 587 1360 669 post·

177 732 272 796 quam
295 717 429 798 tempus,
454 714 542 778 intra
569 711 652 797 quod
674 711 859 778 iaciendum
883 717 965 794 erat,
989 712 1117 796 penitus
1140 709 1356 796 praeterierit.

178 839 301 904 Delicta
329 859 411 922 quae
434 859 558 907 vnners
588 843 739 905 constant
763 836 810 922 (ut
832 839 993 910 haeresis,
1017 837 1255 922 blasphemiae,
1280 855 1357 900 con-

176 965 277 1045 vicia)
303 967 381 1029 tunc
406 963 604 1050 regulaliter
628 963 776 1048 perfecta
800 982 872 1028 esse
895 962 1130 1046 intelliguntur,
1147 979 1218 1048 cum
1235 959 1282 1024 sic
1302 979 1358 1024 ore

177 1091 303 1176 prolata
326 1089 449 1154 fuerint
463 1093 508 1162 ut,
526 1089 553 1154 si
569 1090 639 1174 quis
655 1107 810 1173 praesens
827 1093 920 1160 esset,
939 1105 978 1152 ea
993 1085 1176 1172 intelligere
1193 1087 1357 1171 potuisset

178 1214 347 1280 dummodo
371 1214 496 1281 scilicet
518 1215 681 1300 integrum
705 1218 737 1278 et
761 1211 966 1278 manifestum
989 1211 1129 1298 prodant
1151 1213 1293 1276 animum
1309 1207 1356 1274 di-

178 1343 289 1406 centis.
322 1342 455 1408 Demum
479 1341 572 1422 actio,
586 1359 669 1424 quae
693 1357 803 1407 orsus
826 1338 933 1422 aliquo
957 1335 1126 1422 perficitur
1149 1341 1204 1400 aut
1232 1353 1357 1400 merum

177 1461 309 1542 factum
331 1466 390 1542 est,
414 1461 505 1526 velut
526 1460 743 1532 homicidium,
768 1459 912 1534 furtum,
935 1463 991 1524 aut
1014 1477 1118 1524 dorus
1136 1455 1180 1542 (1)
1198 1478 1225 1521 e.
1243 1477 1270 1521 c.
1289 1475 1357 1520 ma·

178 1588 373 1657 trimonium
398 1584 589 1671 baptismus,
614 1583 771 1650 absolutio
806 1603 826 1648 a
853 1583 1004 1669 peccatis.
1029 1583 1136 1648 Facto
1166 1581 1357 1671 plerumque

179 1708 322 1793 pluribus
345 1706 490 1793 partibus
516 1713 676 1788 constant,
701 1712 734 1772 et
756 1709 847 1771 velut
868 1707 970 1786 initi0,
1002 1723 1187 1789 progressu,
1212 1722 1251 1768 ac
1274 1699 1355 1764 fine:

178 1834 277 1906 initio,
294 1833 385 1918 pravi
403 1833 527 1898 consilii
543 1829 743 1916 significatio,
760 1849 945 1916 progressu,
963 1835 1105 1901 conatus,
1119 1825 1193 1896 line,
1208 1845 1357 1892 consum·

178 1955 274 2019 matio
298 1954 498 2019 continetur:
523 1953 647 2038 quoties
676 1953 774 2039 igitur
797 1952 919 2017 factum
944 1955 1125 2022 coercetur,
1150 1967 1261 2032 neque,
1278 1967 1356 2012 eun-

178 2076 239 2140 silii
263 2065 465 2162 significatio,
483 2095 587 2158 neque
611 2081 745 2140 conatus
769 2079 843 2138 suut
862 2073 1003 2138 obnoxia
1017 2071 1138 2157 poeuis,
1156 2071 1212 2136 sed
1235 2069 1357 2134 factum

180 2321 323 2375 constituit
338 2323 501 2392 periculum
519 2337 569 2390 pro
590 2321 727 2375 societate
747 2325 775 2375 et
793 2322 902 2374 molum
922 2320 1091 2389 exensplum.
1106 2347 1121 2358 -
1135 2317 1206 2378 Quia
1220 2333 1286 2371 vero
1307 2313 1357 2368 iiui

181 2429 320 2484 societatis
339 2429 489 2499 religiosae
508 2447 556 2484 seu
576 2429 798 2484 sanctificationi
817 2427 990 2498 singulorum
1020 2429 1100 2482 obest
1124 2443 1178 2480 uon
1203 2426 1294 2479 miuus
1313 2441 1358 2478 oo·

180 2549 261 2592 naeus
279 2555 361 2609 quam
381 2555 451 2608 opus
469 2543 644 2610 perfectum
670 2535 715 2608 (ci.
742 2554 800 2607 cap.
831 2537 861 2590 l8
887 2538 928 2591 Dc
957 2547 1023 2592 rese.
1042 2537 1152 2605 spoliat.
1174 2534 1203 2586 X
1226 2532 1276 2598 (ΙΙ,
1296 2530 1357 2602 13),

178 2643 242 2698 iude
251 2643 323 2713 apud
333 2645 491 2698 canonistas
500 2643 650 2715 aliquando
660 2642 832 2712 comparatio
842 2653 957 2696 conotus
971 2646 999 2696 et
1012 2641 1254 2696 consurttrrtutiom's
1267 2635 1356 2691 incul-

177 2753 267 2814 catur,
285 2748 406 2802 maxime
424 2749 515 2819 quoad
534 2761 665 2802 censuras
678 2753 733 2819 ser.
746 2755 832 2812 sent.,·
847 2751 876 2802 et
890 2745 941 2800 hoc
955 2746 1024 2799 scite
1037 2745 1146 2798 notavit
1160 2743 1263 2796 Baldus
1275 2743 1356 2796 Cous.

177 2855 241 2908 430
259 2855 314 2908 val.
332 2857 354 2908 2
372 2885 388 2896 -
407 2853 509 2909 Schola
529 2853 627 2908 Italica
648 2853 763 2924 proinde
789 2854 880 2908 tenuit
905 2852 1040 2922 regulam,
1068 2861 1197 2906 conatum
1221 2837 1276 2904 aba
1296 2866 1356 2904 esea

177 2959 420 3030 aequiparandum
439 2959 516 3013 crim.
531 2969 728 3014 coruummato.
743 2987 756 2999 ·
771 2958 811 3012 Ex
825 2958 941 3012 aduerso
960 2957 1057 3012 schola
1069 2957 1185 3024 Gallica,
1199 2961 1295 3012 secuta
1314 2961 1356 3010 est
1416 2936 1421 2946 Ι

177 3066 290 3122 illorum
304 3068 564 3122 iurisconsultorum
578 3067 756 3134 sententiam,
770 3077 889 3120 mentem
898 3083 1015 3137 peccare
1029 3082 1085 3118 iton
1098 3081 1215 3134 corpus;
1229 3069 1257 3118 at
1266 3063 1355 3117 adhuc

181 3173 246 3228 Cod.
264 3193 349 3246 poan.
377 3185 430 3230 ort.
449 3177 477 3228 2.
497 3176 587 3246 punit,
607 3191 697 3248 aequa
716 3191 814 3245 poena,
834 3185 962 3229 cenatum
981 3179 1097 3243 etopus
1129 3182 1355 3227 constantianum.

178 3275 231 3336 Sed
250 3281 405 3348 immerit03
432 3283 472 3336 uti
497 3282 619 3336 advertit
646 3281 686 3335 Du
712 3283 796 3352 Boys,
816 3281 939 3336 Histoire
959 3282 998 3333 clu
1016 3281 1091 3334 droit
1110 3280 1246 3334 crimincl.
1274 3279 1355 3334 Paris

178 3387 270 3452 1854,
290 3403 355 3439 uam
374 3385 493 3440 societas
522 3386 602 3454 punit
620 3390 728 3455 sactum
748 3395 895 3440 externum
913 3385 1043 3436 dolosum
1061 3399 1114 3454 pro
1133 3400 1267 3438 ozensara
1285 3384 1355 3436 iuris

180 3493 265 3560 ἰαθεὶς
292 3508 349 3547 non
377 3491 509 3561 propositi
536 3491 565 3544 in
591 3497 685 3546 mente
714 3491 826 3557 retenti,
852 3507 901 3545 seu
919 3490 976 3544 doli
996 3493 1105 3544 tantum
1125 3505 1228 3558 poenas
1246 3503 1355 3544 sumere

178 3598 268 3652 debet.
294 3595 334 3650 Gi.
360 3595 479 3651 carrara
498 3615 541 3667 op.
558 3598 601 3651 cit.
621 3601 639 3662 ὃ
659 3597 723 3651 399
740 3613 798 3667 sep.
817 3595 909 3650 codex
934 3595 1101 3665 Hispanicus
1118 3605 1171 3649 art.
1191 3596 1212 3647 3
1230 3593 1355 3665 sequitur

178 3705 301 3760 scholam
321 3705 456 3760 italicam.
481 3705 521 3758 Cf.
548 3706 680 3760 eximium
706 3722 775 3775 opus
802 3704 936 3770 Pecheco,
967 3705 1097 3758 Essuuios
1116 3705 1151 3759 de
1171 3705 1290 3758 derectae
1306 3719 1355 3773 pe·

177 3813 236 3879 nul,
256 3813 346 3868 lerion
365 3815 408 3868 13.

268 3921 308 3988 (l)
328 3919 369 3974 Ol.
387 3921 494 3975 Auctor
513 3920 661 3990 distinguit
680 3925 787 3992 factum
806 3919 877 3990 quod
897 3924 948 3985 est,
968 3922 999 3973 ul
1018 3917 1176 3988 plurimum,
1194 3916 1356 3986 complexus

178 4027 301 4097 plurium
325 4028 468 4087 actionum
492 4027 710 4097 conspirantium
730 4027 764 4081 ad
789 4027 982 4081 executionem
1007 4024 1125 4078 alieuius
1148 4025 1279 4093 physicae
1302 4027 1354 4087 rei,

176 4133 266 4189 veluti
285 4135 369 4201 furti,
387 4133 543 4198 homicidii,
563 4136 598 4189 ab
617 4145 680 4190 actu
699 4135 746 4205 qui
766 4133 876 4213 perficit
895 4150 952 4186 rom
971 4133 1070 4188 morali
1089 4134 1169 4188 modo
1188 4137 1217 4186 et
1240 4130 1356 4186 iuridice

178 4239 390 4305 consistentem
405 4239 492 4296 veluti
504 4239 682 4310 baptismum,
699 4239 914 4293 matrimonium.
933 4238 1013 4292 Unde
1027 4243 1118 4308 potest
1130 4238 1227 4293 haberi
1240 4241 1355 4307 foetam,

178 4344 266 4400 ueluti
283 4345 502 4412 matrimonium,
513 4349 684 4401 attentatum
705 4345 772 4416 quin
793 4345 929 4399 habeatur
946 4355 1033 4410 actua,
1047 4363 1096 4400 seu
1116 4361 1264 4401 consensus
1282 4343 1354 4412 legi-

179 4453 248 4509 tima
266 4470 413 4524 expressus
430 4453 466 4507 ad
485 4453 655 4508 matrimonii
675 4453 825 4508 ineundum
844 4456 1025 4508 contractum.
