3296 5108
326 297 393 362 432
847 315 930 362 rans
955 314 977 359 1.

325 459 402 524 pars
432 438 507 504 libri
537 458 608 504 esse
639 437 839 522 intelligitur,
865 445 900 503 ut
931 437 1067 522 epistola
1095 434 1308 510 dedicatoria,
1337 435 1506 520 prologus,

325 564 433 630 index.
452 565 663 629 Nihilominus
687 569 791 628 cessat
814 562 988 647 prohibitio
1010 563 1037 626 si
1061 581 1132 625 eam
1149 567 1274 645 partem
1292 577 1373 643 quae
1388 559 1506 644 prohi-

325 685 437 752 bitioni
460 706 589 752 cansam
613 685 701 750 dedit
725 685 908 750 detraxeris
931 685 984 749 vel
1016 684 1178 749 deleveris
1200 684 1253 749 vel
1277 683 1444 748 induxeris
1469 689 1509 748 ut

325 812 461 895 amplius
490 811 554 897 legi
589 817 746 896 nequeat;
771 810 845 874 dnm
879 830 919 874 ne
951 809 1036 873 liber
1067 809 1268 893 proscriptus
1297 807 1397 874 fuerit
1426 809 1508 891 quia
1626 807 1627 842 ³

325 941 445 1000 tractat
468 935 507 1000 de
532 936 688 1020 religione
712 954 757 1001 ac
775 935 976 1018 professo...
993 955 1025 997 ».
1050 931 1093 996 Vi
1110 934 1200 998 cuius
1216 933 1365 1017 principii
1389 951 1508 1018 appro
1626 971 1627 1008 q

325 1056 437 1123 bamus
460 1063 644 1142 sequentem
670 1058 909 1122 conclusionem
935 1057 971 1120 P.
996 1056 1230 1121 Vermeersch.
1244 1075 1281 1138 p.
1299 1053 1347 1121 43
1370 1056 1415 1119 ita
1430 1075 1509 1120 con·
1626 1087 1627 1090 ¹

326 1190 462 1268 ceptam.
481 1203 497 1244 ‹
516 1182 598 1257 Quid
615 1182 657 1248 de
671 1182 895 1248 araucetluueis
911 1182 1065 1246 litorariis
1083 1183 1102 1216 ‘¹
1116 1179 1368 1246 chrestomaties
1385 1178 1403 1199 ”
1422 1199 1510 1264 quae

325 1307 398 1372 loca
422 1305 568 1372 relerunt
584 1326 627 1372 ex
650 1306 800 1390 operibus
816 1305 996 1370 damnatis?
1013 1305 1220 1372 considerari
1244 1310 1377 1391 possunt
1401 1305 1454 1370 vel
1472 1313 1509 1370 ut

325 1451 428 1496 novus
451 1431 566 1515 aliquis
588 1431 680 1512 liber,
705 1433 899 1517 compositus
923 1451 965 1496 ex
989 1432 1088 1496 variis
1113 1431 1250 1496 aliorum
1275 1430 1429 1515 operibus
1452 1431 1509 1496 vel

326 1555 508 1622 formaliter
531 1561 567 1622 ut
590 1554 772 1620 referentes
796 1555 868 1620 loca
891 1555 1028 1619 aliorum
1052 1573 1196 1640 operum.

419 1681 502 1744 «Ex
517 1683 627 1765 priore
644 1681 758 1765 capite,
771 1681 903 1764 propria
916 1681 1056 1764 ipsorum
1069 1679 1193 1744 indoles
1209 1685 1258 1744 est
1273 1678 1513 1764 perpendenda

326 1809 359 1871 et
381 1807 457 1890 ipsis
481 1810 516 1870 ut
539 1806 640 1870 cuivis
664 1805 716 1870 alii
742 1805 832 1888 operi
849 1804 1040 1889 applicanda
1064 1811 1139 1868 sunt
1163 1803 1300 1870 Decreta
1318 1804 1508 1870 Generalis.

328 1927 486 1992 Poterant
516 1928 601 1992 enirn
635 1947 677 1992 ex
707 1927 854 2012 professo
885 1925 1053 1992 adversari
1084 1924 1168 1999 fidei,
1194 1926 1336 1992 moribus
1366 1932 1428 1992 eto.
1452 1928 1512 1994 Ex

326 2053 429 2119 altero
453 2057 562 2117 autem
578 2053 692 2136 capite,
710 2053 737 2115 si
754 2052 920 2115 moraliter
936 2051 1020 2116 idem
1036 2051 1165 2134 aliquod
1180 2070 1261 2136 opus
1287 2053 1511 2136 proscriptum

325 2175 497 2242 videantur
512 2175 677 2248 exhibere,
694 2176 789 2240 huius
805 2176 1050 2261 partecipabunt
1066 2177 1346 2262 proscriptionem.
1365 2177 1397 2243 Si
1413 2195 1509 2248 vero,

326 2306 363 2368 ut
378 2302 567 2386 plerumque
583 2299 627 2374 tit,
641 2299 784 2366 damnati
800 2299 875 2364 libri
892 2319 1012 2384 paucas
1029 2319 1164 2364 numero
1177 2301 1344 2366 continent
1359 2300 1511 2384 paginas,

326 2445 392 2490 non
415 2423 486 2490 ideo
509 2427 572 2490 iam
596 2423 808 2510 prohibentur
824 2427 893 2510 ipsa
910 2425 1127 2491 miscellanea.
1146 2425 1270 2490 Solutio
1294 2422 1513 2490 confirmatur

326 2551 396 2635 ipsa
419 2551 514 2634 praxi
532 2569 561 2613 a.

417 2675 668 2758 premeridea
693 2695 750 2740 seu
781 2675 896 2741 diaria
926 2694 991 2740 non
1023 2676 1157 2740 veniunt
1183 2677 1314 2739 nomine
1342 2673 1427 2748 libri,
1451 2675 1511 2742 sod

327 2798 524 2866 attendenda
546 2804 595 2864 est
617 2801 784 2884 responsio
801 2799 832 2864 S.
851 2797 958 2866 Officii
973 2799 1029 2866 die
1044 2799 1088 2866 13
1103 2797 1179 2864 lau.
1208 2799 1311 2880 1892,
1329 2819 1392 2884 qua
1407 2799 1514 2868 edixit

328 2926 494 2990 accenseri
517 2924 609 2990 libris
629 2923 875 3006 publicationes
893 2923 1091 3006 periodicas
1114 2923 1151 2988 iu
1173 2923 1356 3006 fasciculos
1373 2923 1510 3010 lipatas.

417 3048 565 3115 Libellus
584 3049 790 3133 distinguitur
813 3069 836 3112 a
863 3048 948 3114 libro
973 3050 1099 3113 ratione
1122 3049 1231 3124 molis,
1249 3051 1377 3116 ratione
1401 3055 1512 3114 autem

328 3173 501 3256 qualitatis
524 3172 765 3257 distinguitura
790 3171 920 3237 diariis.
945 3171 1073 3235 Adsunt
1096 3172 1191 3236 etiam
1216 3171 1317 3236 libelli
1337 3172 1513 3254 periodica¹

329 3317 408 3381 quos
432 3295 624 3382 significavit
647 3297 700 3362 cit.
726 3297 878 3362 resolutio
903 3297 933 3362 S.
960 3293 1076 3362 Officii.

419 3421 564 3496 Folium,
582 3441 641 3507 per
665 3443 709 3494 se,
735 3422 767 3486 in
791 3428 862 3486 arte
885 3420 1032 3493 libraria,
1054 3422 1208 3507 exprimit
1223 3421 1393 3505 qnamdam
1418 3441 1513 3488 men·

329 3565 438 3612 suram
455 3550 487 3611 et
501 3546 564 3612 hac
580 3545 618 3610 de
643 3547 767 3611 ratione
783 3545 858 3611 libri
875 3545 1026 3612 dicuntur
1040 3545 1078 3610 iu
1094 3545 1131 3608 4ο
1153 3545 1207 3610 vel
1228 3545 1265 3610 iu
1280 3545 1318 3611 8⁰
1340 3549 1404 3610 etc.
1422 3545 1512 3627 editi,

331 3675 363 3735 et
386 3669 448 3734 hoc
471 3689 568 3734 sensu
598 3666 735 3755 Smalzg.
768 3666 822 3754 (V,
847 3669 878 3740 7,
903 3669 959 3754 55)
990 3674 1022 3734 et
1050 3669 1106 3734 alii
1135 3657 1287 3736 asserunt
1317 3668 1356 3733 ad
1382 3667 1513 3736 tioium

330 3793 584 3878 componendum
608 3796 730 3878 requiri
754 3793 798 3858 10
820 3793 914 3876 solia.
941 3793 1063 3858 -Haec
1087 3795 1202 3879 regula
1221 3793 1332 3859 forsan
1349 3798 1399 3860 est
1415 3796 1514 3862 nimis

331 3915 484 3982 absoluta.
509 3917 644 3983 Folium
661 3937 720 3982 usu
743 3915 926 4000 quotidiano
950 3917 1133 4003 aequivalet
1148 3916 1280 3990 diariis,
1297 3935 1380 4002 quae
1396 3919 1433 3982 in
1449 3919 1511 3984 sin·

331 4039 423 4125 gulos
446 4038 514 4104 dies
537 4040 589 4106 vel
604 4041 646 4103 ‘in
670 4041 859 4106 constitutas
883 4045 991 4105 certas
1014 4038 1082 4106 dies
1104 4039 1254 4105 eduntur.
1272 4039 1382 4116 Quare
1407 4039 1514 4108 tioettt

326 4166 496 4248 periodici
512 4167 565 4250 qui
580 4166 719 4232 eduntur
735 4167 767 4231 in
784 4170 899 4230 statum
916 4149 1042 4252 tempus
1058 4163 1211 4232 differunt
1224 4184 1246 4229 a
1266 4164 1369 4249 foliis,
1387 4166 1513 4232 diariis
1626 4243 1627 4262 χ

332 4292 458 4356 ratione
480 4292 579 4360 molis
603 4298 634 4356 et
657 4291 836 4378 prauitatis
858 4293 1073 4358 tractationis.

422 4417 595 4501 Scriptum
610 4414 719 4483 differt
735 4417 852 4482 alibro
869 4417 998 4485 ratione
1013 4419 1112 4485 molis
1127 4423 1161 4485 et
1179 4416 1365 4503 qualitatis.
1385 4451 1402 4466 ·
1423 4415 1512 4484 Scri·
