3266 5102
547 315 590 360 nn
615 312 767 360 nements
792 313 834 358 nr
858 310 977 358 poeuis
1306 287 1346 352 71

168 462 271 524 nunu,
302 442 571 506 enucleemus
598 439 789 520 facientem,
821 437 1043 502 mandantem
1067 433 1113 520 (l)
1138 433 1251 498 cerins
1280 451 1351 496 non

170 575 275 633 tenet:
299 573 330 633 et
352 586 397 632 ece
420 565 564 646 diuerso,
588 569 714 630 statuta
730 563 894 630 attonsus
915 559 1146 630 inconstantem,
1171 577 1240 622 non
1265 560 1351 622 tenet

168 693 373 775 facientem:
395 697 521 758 statuta
544 692 709 757 aduersas
733 689 938 754 mandantes
954 691 985 752 et
999 683 1163 768 facientes
1177 701 1248 748 non
1265 686 1350 746 tenet

168 838 227 884 eos
251 818 310 902 qni
334 837 443 900 opem,
468 817 640 882 ancilium
659 813 848 898 praebent5
873 816 999 879 statuta
1023 811 1188 876 aduersas
1212 827 1267 874 eos
1292 807 1351 892 qni

168 942 349 1008 consiliam
367 941 541 1024 praebent.
558 959 629 1007 non
646 946 732 1006 tenet
748 959 804 1006 eos
819 939 878 1024 qni
891 941 1070 1021 praestant
1094 954 1203 1018 opem.
1228 930 1350 1016 quue

168 1064 285 1130 uniatis
309 1071 395 1130 tenet
419 1083 475 1130 eos
495 1065 554 1148 otei
570 1083 640 1131 non
652 1062 833 1146 prohibent
852 1062 900 1126 cel
916 1065 1032 1124 ratam
1057 1058 1200 1140 halent5
1223 1056 1351 1142 qnippe

168 1189 229 1272 qai
244 1209 366 1254 resera
382 1192 418 1254 in
435 1189 593 1254 delictam
609 1206 680 1254 non
697 1186 854 1270 inficiant.
874 1186 915 1249 ln
932 1203 1016 1268 qnos
1033 1187 1147 1248 antem
1171 1179 1350 1263 ircaniseste

168 1315 242 1378 tota
260 1321 308 1380 est
324 1321 410 1380 tenet
427 1335 482 1380 eos
494 1310 734 1398 proculdubio,
755 1313 815 1377 secl
826 1317 904 1394 post
920 1313 1073 1394 effectam
1089 1313 1270 1392 ..sapientam
1286 1304 1348 1389 (2);

260 1558 301 1626 (l)
321 1557 374 1612 Hic
393 1563 556 1614 mausolaeum
569 1557 720 1627 accipimus
737 1561 874 1626 epiretenus
887 1559 929 1610 est
939 1558 1101 1626 prouocatio
1116 1553 1148 1606 ad
1162 1551 1275 1622 aliquod
1288 1554 1348 1621 fac·

167 1678 242 1725 tureis
254 1684 318 1722 nam
339 1669 502 1720 nectndatnm
520 1666 547 1718 vi
568 1666 656 1730 errius,
675 1665 786 1720 nomine
806 1662 972 1726 mandentis,
991 1660 1180 1714 mandatarius
1206 1657 1348 1728 negotium

166 1771 319 1838 contrahit,
331 1773 416 1828 efficit
435 1779 465 1826 ut
479 1789 568 1842 poena
582 1777 695 1828 teneant
710 1775 817 1825 tantum
832 1773 1009 1824 inconcinnam
1024 1769 1104 1822 cerias
1116 1769 1228 1821 noeane
1241 1765 1349 1835 aliquid

166 1885 277 1948 gestum
297 1885 355 1942 est3
373 1880 476 1934 etenim
495 1882 544 1950 qni
558 1897 614 1949 per
632 1880 721 1932 aliena
741 1882 810 1948 facit
821 1895 875 1948 per
894 1894 923 1930 se
942 1879 1033 1946 ipsam
1053 1879 1150 1944 facere
1163 1875 1290 1938 videtum
1304 1874 1348 1925 ut-

167 1992 234 2055 pute
248 1987 293 2057 qui
310 1986 422 2055 praedia
439 1986 575 2042 ecelesiae
593 1986 662 2041 emit
681 1989 778 2038 contra
797 1983 874 2054 leges
893 1981 1085 2048 raumaricae,
1105 1981 1190 2050 operit
1213 1995 1347 2048 procura-

165 2094 244 2159 toris,
265 2095 324 2162 ipse
341 2109 443 2164 poenas
461 2094 542 2148 subit.
563 2092 653 2154 Quare
673 2091 834 2146 mandatum
853 2092 881 2143 in
901 2107 930 2146 re
950 2089 1091 2144 criminali
1117 2087 1237 2142 habetne
1262 2103 1348 2156 qaum

166 2204 347 2253 coenmittitar
365 2201 451 2254 atteri
469 2201 593 2254 criminis
618 2201 744 2254 executio
770 2202 798 2252 in
822 2198 995 2252 exclusivum
1021 2195 1217 2249 committentis
1243 2194 1349 2246 utilita-

166 2321 236 2374 tem;
255 2309 374 2363 hebetur
399 2325 465 2364 vero
490 2310 637 2362 consilinm
657 2309 679 2360 si
700 2307 824 2362 criminis
848 2307 954 2359 utilitas
981 2320 1097 2374 vergere
1123 2303 1206 2357 debet
1231 2306 1291 2355 tote
1314 2300 1348 2354 ad

166 2425 360 2480 executorem
380 2413 498 2469 hebetur
516 2417 633 2469 societas
654 2415 764 2484 quoties
790 2413 898 2466 utilitas
923 2411 1055 2466 dividitur
1082 2411 1156 2465 iuter
1181 2409 1271 2462 socios
1291 2407 1347 2461 eri-

165 2523 257 2590 minis,
276 2523 335 2576 siue
354 2523 410 2576 sint
429 2521 579 2592 complices
596 2523 721 2577 morales
742 2523 801 2576 siue
823 2525 951 2592 physicos
979 2551 995 2561 -
1016 2521 1053 2574 At
1072 2521 1210 2574 mandans
1230 2535 1286 2572 uon
1305 2523 1346 2572 te·

164 2633 248 2681 netm·
266 2628 289 2680 si
310 2627 499 2681 mandatarius
517 2627 563 2682 vel
582 2627 734 2682 excesserit
752 2627 822 2682 fines
841 2626 964 2681 mandati
984 2626 1028 2680 vel
1048 2627 1161 2696 gravius
1187 2624 1346 2694 deliquerit,

164 2731 276 2802 quando
295 2731 347 2786 hoc
360 2749 377 2785 e
390 2732 539 2786 mandante
554 2733 720 2801 praevideri
732 2751 787 2786 non
804 2743 928 2802 poteram
948 2732 1096 2786 corzsalens
1110 2733 1222 2784 tenetur
1239 2729 1262 2782 si
1283 2745 1347 2782 con·

164 2837 258 2892 silium
278 2839 333 2890 fuit
345 2837 458 2902 efficex;
470 2840 540 2892 socii
552 2839 676 2893 criminis
689 2855 755 2893 vero
769 2844 900 2893 tenentur
915 2838 992 2891 iuxta
1006 2838 1212 2906 proportionem
1226 2837 1347 2890 influxus

164 2942 286 2996 efficacis
306 2943 432 3011 praestiti
452 2943 481 2996 in
502 2944 606 2998 crimen
633 2943 845 3012 perficiendum
866 2951 895 2998 et
913 2946 1051 3014 quatenus
1076 2941 1245 3012 participant
1271 2941 1346 2994 idem

165 3051 272 3115 sectam
292 3051 447 3116 materiale,
462 3065 496 3104 ex
516 3049 734 3104 circumstantiis
752 3051 974 3120 appracann'tns
993 3049 1118 3103 realibus
1135 3063 1231 3101 omnes
1249 3050 1348 3100 tenen-

166 3157 218 3203 tur.
238 3149 355 3220 inquam
375 3181 390 3191 -
410 3151 536 3206 realibus
556 3182 571 3192 -
591 3169 655 3206 nam
674 3152 697 3205 ei
718 3151 927 3205 circumstantia
945 3153 983 3205 eit
1000 3153 1160 3222 personatis
1179 3167 1227 3204 eeu
1243 3149 1346 3219 afficiat

161 3259 339 3327 proposition
357 3258 542 3328 delinquendi
560 3263 643 3312 unias
662 3257 707 3313 vel
725 3260 846 3312 alterins
860 3259 937 3321 socii,
960 3260 1013 3312 ista
1029 3275 1085 3312 uon
1107 3259 1290 3328 participatur
1310 3259 1345 3312 ab

165 3361 235 3416 aliis.
256 3361 352 3416 Veluti
371 3364 394 3416 ei
415 3364 508 3433 plures
522 3364 668 3419 intendent
680 3365 713 3418 ed
728 3365 907 3419 occidendum
923 3364 1062 3420 hominem
1076 3369 1105 3419 et
1117 3365 1191 3419 alter
1209 3381 1244 3419 ex
1262 3364 1345 3417 sociis

164 3469 200 3521 sit
220 3469 275 3522 isto
295 3467 400 3524 homini
421 3471 518 3536 affinis,
539 3471 607 3526 haec
626 3471 757 3540 specialis
776 3473 900 3542 gravitas
924 3471 1009 3526 afficit
1028 3475 1137 3525 tautum
1157 3471 1262 3526 socium
1281 3470 1343 3541 affi-

163 3593 227 3628 nem
245 3591 301 3628 non
328 3586 442 3630 ceterae.
463 3606 478 3616 -
499 3575 625 3644 Cernere,
644 3583 662 3642 ἓ
682 3579 747 3631 435
767 3579 795 3631 in
820 3579 991 3648 propositum
1017 3577 1140 3632 inculcat
1165 3577 1345 3632 vehementer

164 3679 215 3734 hoc
235 3681 417 3750 principium:
436 3687 542 3753 factam
562 3685 711 3740 materiale
728 3693 817 3752 potest
839 3689 912 3738 inter
933 3685 1035 3754 plures
1057 3685 1208 3754 corisplices
1230 3685 1346 3755 portici·

161 3788 238 3854 ρανίς
259 3790 373 3842 mneime
393 3805 459 3842 uero
479 3790 674 3856 intentionem
693 3791 772 3844 itrxte
791 3791 917 3861 regulam
937 3791 1114 3846 enunciatam
1134 3793 1162 3845 in
1183 3793 1236 3861 lep.
1253 3791 1296 3844 53
1314 3792 1343 3862 ff.

163 3893 204 3946 De
222 3896 293 3962 snm.
314 3909 331 3946 e
350 3893 437 3948 Paolo
455 3895 550 3950 niente
569 3899 740 3966 «maleficia
764 3899 893 3951 voluntas
916 3907 942 3952 et
960 3901 1133 3968 propositum
1157 3899 1344 3969 delinquentis

162 4002 344 4069 diatinpnnnt.
358 4015 376 4058 n
388 4029 402 4041 ·
416 3999 521 4072 Nempe
535 4003 641 4058 crimen
658 4008 702 4058 eet
720 4005 825 4058 sactttm
845 4014 993 4058 externam
1006 4009 1035 4059 et
1046 4003 1112 4059 hine
1134 4003 1345 4074 participabi103

162 4103 209 4157 sed
228 4105 344 4157 intentio
363 4105 515 4160 subiectico
534 4111 563 4160 et
578 4108 740 4177 personalis
753 4124 808 4161 non
822 4113 864 4161 eet
878 4125 894 4161 a
908 4108 1033 4162 subiecto
1053 4108 1087 4162 ed
1106 4109 1261 4164 subiectum
1281 4125 1343 4178 pro·

163 4207 297 4278 rogabile
317 4225 406 4280 neque
426 4209 490 4264 eliis
509 4211 672 4281 imputatur.

250 4315 291 4386 (2)
311 4315 460 4382 Nimirum,
486 4319 603 4372 crimina
627 4324 691 4374 tunc
717 4319 813 4388 poenis
839 4319 1037 4390 intelliguntur
1062 4321 1233 4376 stibincuisse
1257 4337 1341 4391 quum

162 4427 353 4474 consummata
372 4423 485 4488 fuerint,
505 4425 596 4493 prouti
616 4421 674 4478 lete
696 4423 910 4493 explicavimus5
930 4441 1001 4495 quee
1021 4427 1119 4495 regule
1145 4427 1258 4497 respicit
1283 4430 1342 4479 tum
