3306 5102
307 259 373 323 362
830 277 913 323 raus
938 278 958 322 1.

304 403 445 472 immuni,
470 400 510 466 ad
542 402 724 466 instantiam
756 400 1002 486 dispensationis
1034 400 1283 484 irregularitatis
1316 397 1482 482 respondit

306 523 525 591 «Proletario
554 527 709 611 aegolios
724 547 755 589 a.
782 527 822 590 Ei
846 525 885 589 de
910 525 1067 591 consimili
1091 545 1167 590 casu
1191 526 1223 588 in
1247 523 1479 588 Mediolanensi

303 648 329 712 2
353 649 504 714 Decemb.
535 649 632 720 1724,
657 650 827 734 propositis
851 648 969 714 dubiis:
989 667 1007 712 ‹
1027 643 1058 712 l⁰
1075 649 1131 712 Aa
1154 652 1272 714 orator
1286 646 1327 712 rit
1347 646 1389 712 de
1404 647 1482 710 iure

303 772 509 857 irregularis
524 773 639 858 quoad
655 773 792 840 ordines
814 773 1047 856 cuempieados
1061 773 1098 836 in
1114 791 1196 837 casu
1213 791 1243 846 ›;
1268 777 1300 835 et
1323 777 1482 854 quatenus

302 893 494 961 affirmative
520 893 588 961 «2⁰
612 897 668 962 Aa
691 897 722 962 ei
744 897 786 962 sit
817 896 1023 980 dispersero
1054 895 1271 962 concedenda
1300 895 1336 960 ia
1360 913 1442 960 casu
1458 915 1477 953 ›

304 1021 422 1104 prodit
451 1022 643 1106 rescriptum
672 1022 757 1088 «Ad
790 1023 846 1086 l¹¹m
871 1019 1074 1107 affimativa
1099 1056 1116 1069 -
1142 1021 1182 1085 ad
1213 1021 1272 1085 2““1
1293 1038 1361 1102 pro
1385 1039 1481 1083 nunc

302 1149 502 1233 negative».
532 1150 629 1234 Atqui
661 1150 694 1212 in
724 1147 807 1230 folio
839 1149 1012 1232 exponitur
1042 1147 1129 1211 lucta
1160 1147 1224 1210 DD.
1256 1145 1480 1228 quaerentium

301 1291 343 1336 au
374 1273 600 1357 irregularitas
636 1274 676 1338 sit
707 1273 739 1335 in
775 1274 846 1336 iure
882 1289 1052 1356 expressa;
1078 1271 1231 1356 quocirca
1255 1268 1481 1353 irregularitas

301 1395 436 1461 dicenda
459 1402 508 1462 est
531 1396 644 1462 dubia.
671 1398 709 1462 lu
731 1396 912 1462 huiusmodi
939 1399 1105 1482 rescriptis
1129 1401 1235 1461 autem
1255 1395 1285 1460 S.
1304 1394 1338 1459 G.
1355 1392 1479 1460 Concil.

301 1541 364 1586 non
389 1522 467 1586 iacit
489 1523 539 1587 ius
562 1515 681 1586 novum
696 1521 752 1586 sed
768 1524 816 1586 ius
832 1522 980 1608 applicat.
1006 1527 1038 1588 et
1061 1521 1135 1587 dum
1150 1519 1290 1586 affirmat
1305 1525 1479 1588 oratorem

301 1661 371 1708 esse
386 1643 615 1728 irregularem
631 1644 747 1728 quoad
761 1643 899 1711 ordines
913 1663 1159 1718 suscrrmrvnos,
1176 1663 1241 1708 non
1261 1645 1378 1708 asserit
1392 1644 1479 1708 irre-

301 1766 506 1851 gularitatem
530 1787 600 1832 esse
620 1767 813 1850 propriam.
838 1767 988 1834 Ceterum
1010 1769 1079 1851 ipse
1095 1767 1251 1852 Gasparri
1273 1767 1295 1830 l.
1319 1786 1347 1830 c.
1372 1765 1478 1837 docet,

302 1889 341 1955 ob
371 1890 535 1957 doemonis
569 1895 802 1977 possessiouem
833 1913 897 1957 non
929 1893 1075 1978 impediri
1106 1893 1297 1957 exercitium
1329 1891 1478 1956 ordinum

300 2023 542 2100 susceptorum.
560 2018 669 2092 Quare
691 2037 796 2082 sermo
820 2024 869 2083 est
883 2017 923 2082 de
946 2016 1189 2102 irregularitate
1204 2015 1406 2100 improprio.
1426 2016 1477 2082 uf.

301 2163 399 2228 supra
422 2165 453 2208 n.
481 2143 554 2209 190.

389 2266 464 2331 274.
490 2267 595 2332 Etiam
618 2267 750 2348 militer,
772 2268 877 2351 prouti
903 2266 1056 2332 mandant
1078 2285 1225 2333 canones
1240 2268 1266 2340 1,
1284 2266 1317 2338 4,
1342 2266 1418 2331 dist.
1435 2267 1480 2333 51

300 2391 501 2475 repelluntur
525 2411 543 2455 a
567 2413 591 2456 s.
616 2391 798 2468 ordinibus;
823 2399 856 2458 et
878 2393 940 2457 hoc
972 2391 1089 2477 duplici
1115 2411 1286 2458 excausa.
1313 2427 1331 2438 -
1358 2392 1480 2458 Primo

300 2535 342 2579 ex
366 2517 434 2601 ipso
459 2516 598 2580 naturali
613 2517 695 2598 iure,
712 2518 786 2600 quia
802 2518 893 2582 miles
909 2519 962 2600 qui
985 2516 1143 2600 stipendia
1158 2521 1236 2582 actu
1251 2523 1396 2582 meretur
1413 2537 1480 2581 non

300 2645 405 2726 potest
434 2643 567 2707 servitio
597 2641 709 2739 altaris
739 2663 773 2707 se
805 2641 954 2707 addicere
979 2647 1012 2707 et
1034 2643 1163 2728 planum
1195 2649 1252 2708 est.
1278 2679 1294 2688 -
1320 2643 1479 2709 Secundo

300 2768 371 2851 quia
404 2767 495 2831 miles
526 2773 691 2850 postquam
722 2769 818 2833 etiam
842 2788 877 2833 se
900 2767 1099 2833 abdicaverit
1129 2767 1169 2832 ab
1196 2765 1301 2832 officio
1331 2768 1478 2838 militari,

299 2897 416 2965 tamen,
433 2889 474 2956 ob
498 2897 682 2956 consuetam
701 2892 785 2955 vitae
809 2892 956 2956 militaris
979 2893 1148 2971 rationem,
1165 2893 1225 2957 iste
1245 2893 1339 2957 nimis
1355 2891 1480 2958 distare

299 3012 427 3078 videtur
442 3034 462 3077 a
478 3011 619 3078 moribus
636 3012 748 3097 quibus
765 3014 929 3099 praeditus
950 3035 1020 3078 esse
1037 3013 1132 3080 debet
1148 3015 1296 3080 clericus.
1314 3013 1481 3080 Videlicet

299 3138 453 3206 eiusmodi
476 3139 572 3202 homo
596 3139 656 3202 nisi
682 3137 868 3223 probaverit
883 3138 1023 3203 divinam
1047 3139 1256 3206 vocationem
1272 3147 1305 3206 et
1321 3139 1379 3204 sibi
1397 3160 1477 3204 con-

299 3263 459 3327 ciliaverit
481 3267 538 3329 aut
552 3264 711 3348 integram
728 3266 974 3328 conservaverit
990 3265 1153 3329 hominurn
1169 3263 1344 3349 proborum
1369 3265 1479 3328 existi·

299 3387 480 3461 mationem,
504 3407 569 3452 non
593 3386 688 3455 debet
710 3410 735 3452 s.
760 3387 928 3454 ordinibus
951 3389 1082 3456 initiari.

388 3514 492 3579 Hodie
516 3514 622 3599 quoad
646 3536 700 3581 eos
723 3517 777 3601 qui
800 3517 933 3582 servitio
949 3517 1079 3581 militari
1102 3537 1137 3582 se
1161 3516 1246 3590 dant,
1264 3517 1353 3601 viget
1376 3517 1477 3601 potis-

297 3643 411 3706 simum
435 3641 498 3706 hoc
528 3643 716 3708 secundum
745 3642 1016 3728 impedimentum.
1043 3643 1228 3726 antiquitus
1257 3643 1343 3708 enim
1375 3643 1475 3709 veluti

297 3767 354 3830 sub
386 3764 489 3830 media
519 3771 635 3846 aetate,
660 3767 712 3850 qui
745 3768 915 3832 militarem
946 3768 1044 3831 vitam
1074 3767 1361 3852 amplectebantur,
1390 3769 1476 3834 ultro

296 3890 359 3956 hoc
382 3889 589 3975 praestabant
613 3897 645 3954 et
668 3892 700 3954 in
723 3897 822 3956 totam
838 3895 953 3966 vitam;
978 3913 1058 3956 aevo
1082 3892 1240 3958 hodierno
1260 3912 1372 3958 omnes
1388 3894 1476 3958 cives

297 4021 329 4082 et
352 4035 451 4100 penes
475 4036 534 4081 nos
557 4021 590 4080 et
613 4017 646 4080 iu
663 4016 769 4082 Gallia
790 4019 885 4082 etiam
903 4018 1025 4090 clerici,
1043 4019 1128 4083 iussu
1147 4019 1237 4103 legis.
1255 4019 1374 4084 milites
1397 4038 1474 4083 con·

295 4139 483 4205 scribuntur
506 4141 562 4206 sed
587 4144 618 4207 in
642 4140 742 4206 breve
765 4146 899 4227 tempus,
917 4164 977 4239 quo
1001 4143 1145 4208 absoluto
1169 4144 1303 4227 quisque
1328 4143 1412 4208 redit
1434 4142 1472 4207 ed

295 4284 353 4330 sua
384 4265 493 4329 munia
522 4265 632 4329 civilia
663 4271 696 4331 et
723 4265 907 4333 domestica.
936 4267 1147 4333 Nihilominus
1171 4269 1224 4350 qui
1255 4274 1379 4352 petunt,
1403 4273 1472 4353 post

295 4387 460 4471 expletum
475 4387 615 4452 militare
631 4390 839 4470 curriculum,
855 4390 905 4454 vel
922 4389 1061 4456 adscribi
1078 4392 1167 4456 clero
1184 4391 1288 4456 velud
1304 4413 1327 4456 s.
1342 4391 1470 4457 ordines
