3202 5104
331 291 398 365 246
853 309 936 360 rans
961 309 983 358 1.
1406 9 1584 330 Ἶ

333 441 462 514 Suarez,
479 439 627 514 XXVII,
644 439 671 512 1,
688 438 759 520 295
783 437 906 506 Glossa,
930 437 968 501 ia
986 435 1100 514 Ciam,
1116 434 1151 508 2,
1176 433 1227 498 De
1249 431 1317 498 oia
1339 435 1369 496 et
1393 427 1505 494 boner.

332 565 441 630 cleric.
467 585 497 630 a.
518 583 720 647 simperatum
735 560 1034 648 Schmalzgrueber,
1057 559 1090 633 V,
1108 559 1167 632 29,
1185 556 1280 638 302,-
1303 561 1337 620 et
1359 551 1493 640 probabi

330 689 404 752 liori
429 689 655 772 1·atione,quis
678 690 773 754 etiam
797 687 1036 754 distributiones
1059 690 1134 750 sunt
1156 683 1282 748 fructus
1304 679 1455 745 beneficii
1480 683 1509 742 et

331 817 448 880 dantur
471 817 598 880 ratione
621 812 777 879 beneficii.
803 813 865 880 Sed
889 813 1053 879 contraria
1077 812 1183 896 opinio
1208 813 1257 875 est
1279 807 1457 894 probabilis
1480 812 1509 868 et

330 941 416 1005 banc
440 941 530 1024 sequi
554 959 720 1024 possumus
744 940 775 1002 in
801 940 905 1024 praxi.

420 1061 454 1147 3)
478 1063 604 1128 Verum
627 1065 702 1148 quia
724 1063 851 1128 fructus
874 1081 939 1126 non
957 1061 1182 1146 intelliguntur
1198 1058 1258 1123 nisi
1283 1055 1429 1122 deductis
1454 1074 1509 1118 ex-

330 1188 447 1272 pensis,
472 1184 677 1252 bsneficiario
703 1185 904 1271 relinquendi
928 1195 1004 1252 sunt
1020 1185 1140 1250 reditus
1159 1181 1358 1249 sufficientes
1381 1181 1421 1244 ad
1447 1181 1509 1244 sol-

329 1311 451 1376 vendas
481 1317 591 1383 taxas,
616 1314 786 1397 pensiones
810 1317 842 1377 et
865 1313 1113 1397 praestationes,
1140 1315 1250 1396 utputa
1280 1308 1426 1376 aedituis,
1454 1306 1507 1370 Vi-

330 1439 427 1502 cariis
440 1435 563 1502 debitas
579 1442 612 1502 et
626 1436 665 1501 ad
682 1436 884 1522 adimplenda
897 1439 1064 1523 pia'onera
1077 1437 1260 1506 Missurum,
1274 1433 1508 1499 anniversaria.

330 1567 363 1626 et
386 1560 450 1625 alia
472 1561 590 1646 legata.
617 1561 778 1626 Eiusmodi
799 1562 883 1626 enim
908 1561 1118 1646 obligationes
1134 1580 1198 1624 uon
1215 1563 1289 1624 sunt
1309 1577 1449 1622 munera
1465 1557 1507 1619 of-

331 1683 394 1750 ficii
421 1686 535 1769 quibus
559 1685 767 1752 beneficiatus
791 1688 978 1752 satisfacere
1006 1686 1101 1752 debet
1123 1686 1268 1770 quamvis
1294 1685 1423 1748 fructus
1448 1703 1509 1748 non

329 1811 486 1896 percipiat
505 1809 661 1880 beneficii,
679 1811 735 1876 sed
759 1814 818 1877 ista
842 1819 917 1878 sunt
932 1831 1033 1877 onera
1048 1831 1130 1895 quae
1155 1811 1328 1876 inhaerent
1352 1808 1509 1874 reditibus

330 1931 477 1999 beneficii
502 1954 620 2019 eosque
645 1936 808 2010 minuunt;
833 1953 978 2020 quaeque
1000 1933 1178 2020 adimplere
1202 1937 1337 2018 oportet,
1367 1934 1509 2017 erogatis

330 2058 443 2123 iisdem
466 2058 632 2140 reditibus,
657 2081 698 2126 ne
721 2061 793 2125 aliis
817 2058 873 2124 fiat
895 2061 1022 2125 iniuria.

419 2181 452 2264 4)
477 2181 651 2256 Quaeritur
675 2203 717 2248 an
741 2187 911 2268 pensiones
934 2184 1178 2252 ecclesiasticae
1201 2185 1333 2248 veniant
1359 2179 1507 2247 beneficii

329 2303 542 2391 appellatione
565 2307 646 2372 adeo
669 2313 705 2373 ut
728 2329 901 2394 suspensus
924 2329 944 2374 a
967 2308 1137 2390 beneflcio,
1161 2329 1181 2372 a
1204 2311 1358 2393 pensione
1382 2327 1509 2392 quoque

329 2451 501 2515 suspensus
533 2433 725 2499 censeatur?
759 2435 799 2499 Et
829 2435 966 2508 Suarez,
992 2436 1150 2509 XXVII,
1174 2436 1208 2516 1,
1232 2435 1290 2508 15,
1316 2433 1506 2520 respondet:

332 2580 350 2618 a
366 2563 496 2624 certum
511 2564 558 2624 ert
575 2561 825 2642 comprehendi,
843 2561 925 2646 qaia
941 2571 990 2627 est
1005 2561 1203 2647 beneficiam
1217 2581 1251 2635 ›;
1267 2559 1323 2626 sed
1340 2561 1509 2644 responsio

328 2702 392 2746 non
416 2683 521 2766 placet
545 2683 707 2750 cardinali
733 2684 935 2759 d’Annibale,
962 2688 988 2760 l,
1013 2686 1096 2759 382,
1121 2659 1189 2754 aot.
1214 2685 1273 2766 33,
1297 2688 1373 2771 quia
1397 2705 1507 2750 versa·

329 2827 400 2871 mur
422 2809 455 2871 in
480 2807 613 2884 odiosis;
639 2814 672 2874 et
695 2811 728 2874 in
751 2811 940 2894 poenalibus
965 2847 983 2860 ·
1009 2813 1176 2894 capienda
1199 2817 1247 2877 est
1270 2811 1401 2879 occasio
1420 2831 1508 2896 quae

324 2930 464 3012 praebet
495 2931 674 3019 benipaius
703 2955 927 3019 respommm5
950 2957 993 3002 ex
1016 2937 1036 3000 l.
1066 2937 1146 3012 129,
1172 2937 1222 3002 De
1247 2936 1444 3022 rapiaris.
1473 2937 1508 3000 Et

328 3052 409 3117 baec
433 3055 540 3140 opinio
565 3056 693 3122 videtur
717 3057 814 3144 longe
837 3058 1043 3144 probabilior.
1580 3049 1581 3052 ¹

416 3179 453 3259 5)
479 3181 610 3246 Domum
628 3203 670 3248 ex
685 3183 833 3256 adverso,
849 3185 924 3269 quia
947 3187 1114 3270 suspensio
1130 3185 1173 3252 ab
1190 3185 1298 3270 officio
1315 3205 1380 3250 non
1397 3206 1508 3252 secun

327 3304 427 3370 trahit
450 3308 691 3391 suspensionem
707 3329 729 3374 a
745 3309 913 3395 beneficio,
927 3308 1152 3377 beneficiarius
1176 3312 1266 3378 istius
1290 3311 1413 3376 reditus
1440 3332 1507 3396 per·

328 3429 437 3512 cipere
461 3431 509 3494 ius
532 3432 631 3500 habet
653 3435 798 3516 quamvis
821 3433 926 3500 officio
950 3457 1014 3500 non
1046 3437 1215 3502 incumbat.
1244 3438 1288 3503 At
1310 3437 1444 3512 Glossa,
1470 3437 1506 3502 ad

327 3571 401 3635 cap.
428 3555 467 3634 8,
492 3556 543 3621 De
564 3563 627 3622 aet.
652 3565 682 3624 et
706 3561 823 3642 quatit.
849 3561 981 3642 ordia,
1007 3569 1115 3628 monet
1141 3569 1174 3628 et
1203 3564 1507 3648 susperarionemo
1578 3537 1579 3546 ἵ

328 3676 484 3763 beneficio
516 3680 722 3767 infligendam
754 3703 825 3750 esse
855 3689 881 3750 si
913 3707 1086 3772 suspensus
1118 3694 1166 3753 est
1196 3690 1228 3752 in
1261 3709 1352 3753 mora
1377 3689 1505 3773 petendi

327 3801 568 3870 absolutionem.
589 3841 605 3858 -
621 3811 701 3873 Item
717 3808 812 3876 docet
828 3811 1009 3896 Fagnanus,
1028 3816 1060 3878 in
1077 3833 1151 3896 cap.
1171 3813 1375 3885 Quaesitum.
1393 3836 1429 3880 a.
1449 3815 1505 3882 30.
1577 3785 1578 3790 ἵ

328 3927 380 3992 Da
405 3929 545 3997 cubabit.
571 3934 722 4001 clericor.
747 3935 794 4000 af.
820 3956 901 4020 quae
925 3938 1195 4022 supradiximus,
1220 3960 1252 4003 n.
1274 3941 1346 4013 153,
1371 3949 1507 4025 agentes
1576 4011 1577 4022 ,

327 4051 366 4114 de
390 4052 657 4123 iasordescentia
679 4059 713 4123 in
736 4062 892 4126 censuris.

420 4179 492 4244 166.
518 4181 694 4256 Quaeritur
716 4203 758 4250 an
782 4184 922 4251 clericus
945 4189 990 4252 ita
1016 4209 1190 4274 suspensus
1221 4192 1320 4275 possit
1349 4193 1507 4258 iuvocare
1575 4241 1576 4244 ,

326 4302 531 4390 privilegium
555 4309 796 4392 competentiae
818 4330 861 4376 ex
884 4331 953 4398 cap.
979 4315 1171 4390 licinanius,
1195 4315 1236 4380 ad
1259 4317 1385 4382 fructus
1407 4317 1507 4383 dedu-

326 4429 445 4494 cendos
461 4452 503 4496 ac
520 4441 623 4518 operti.
645 4471 659 4481 -
684 4436 914 4519 ltespondetur,
934 4439 962 4502 in
989 4441 1094 4504 causis
1110 4461 1152 4504 ex
1170 4440 1296 4506 delictis
1312 4445 1505 4527 provenien-
