3290 5100
295 275 361 340 526
810 293 893 340 raas
925 293 947 338 1.

295 421 476 487 saecularia
501 439 583 503 quae
607 440 642 484 se
667 420 745 484 Divo
769 419 869 484 Petro
893 417 1103 484 reddiderant
1125 419 1297 502 vectigalia
1321 427 1353 484 et
1375 429 1476 486 erant

295 543 543 630 quamplurima,
573 541 628 606 sed
654 541 749 606 hodie
773 543 805 604 in
830 540 937 606 (locst.
962 540 1027 624 Ap.
1053 540 1130 606 Sed.
1154 543 1263 625 agitur
1282 547 1407 607 tantum
1433 543 1475 608 de

294 670 405 735 Terris
429 673 461 733 et
475 667 664 734 Civitatibus
687 667 838 732 subiectis
863 667 1000 732 Dictioni
1030 663 1219 733 Pontificiae
1239 687 1354 753 nempe
1378 669 1475 733 (livill

296 793 493 877 Principatui
520 792 655 858 Romani
680 789 854 862 Bentificis.
880 791 962 866 Quia
986 791 1093 876 agitur
1116 789 1156 856 de
1179 791 1320 857 dictione
1339 791 1475 876 politica

295 925 326 986 et
348 918 527 1005 temporali,
552 917 630 984 hinc

430 1041 460 1127 l)
483 1042 695 1117 invadentes,
720 1042 945 1123 ttestruentes,
971 1045 1192 1125 usurpantes,
1213 1041 1472 1124 perturbantes,

292 1169 474 1234 retinentes
496 1168 626 1242 Terras,
652 1167 806 1233 Civitates
828 1171 883 1232 aut
907 1168 979 1231 iura
1006 1172 1039 1232 et
1069 1166 1336 1248 iurisdictionem,
1361 1169 1475 1251 eisque

293 1292 490 1364 adiuvantes,
515 1293 537 1358 ii
561 1292 786 1377 intelliguntur
817 1292 870 1374 qui
905 1290 1069 1365 inuadunt,
1094 1290 1274 1366 destruunt,
1304 1297 1471 1377 usurpant,

292 1417 493 1504 perturbant,
517 1418 669 1491 retinent,
695 1438 732 1482 eo
756 1437 872 1503 nempe
895 1417 1095 1497 consiliant
1118 1415 1270 1482 auferant
1293 1418 1367 1482 iura
1391 1419 1473 1502 poli·

292 1544 357 1609 tica
379 1543 513 1630 legitimi
544 1543 696 1628 principis
720 1547 753 1606 et
775 1544 834 1628 ipsi
857 1543 910 1608 vel
939 1543 992 1606 alii
1025 1541 1139 1625 quibus
1167 1561 1259 1627 opem
1291 1549 1471 1630 praestant,

291 1673 505 1752 assequantur
528 1673 561 1732 et
582 1672 781 1734 conservent
800 1667 926 1732 civilem
950 1687 1135 1752 supremum
1153 1668 1386 1755 principatum;
1410 1689 1475 1735 nec

292 1813 357 1858 non
380 1793 482 1858 ceteri
499 1811 610 1857 omnes
626 1791 851 1877 intelliguntur
867 1791 1098 1878 comprehendi
1115 1792 1169 1876 qui
1188 1791 1309 1864 iisdem,
1326 1791 1367 1856 ad
1384 1792 1474 1857 hunc

292 1937 422 2001 scopum
457 1917 631 2001 politicum,
658 1917 822 1999 promime
857 1915 1046 1990 ancilium,
1083 1916 1278 1989 canitiem,
1313 1916 1473 2000 fauorem

291 2041 456 2127 praebent.
482 2042 644 2116 Quocirca
673 2042 754 2107 iura
777 2047 810 2108 et
832 2029 1101 2108 iurisdictionem
1124 2041 1179 2107 hic
1202 2043 1378 2126 accipimus
1401 2063 1474 2127 spe-

292 2167 414 2231 ctantia
440 2165 480 2232 ad
504 2166 718 2251 principatum
750 2167 892 2233 civitatis
922 2167 1095 2252 politicum,
1128 2187 1193 2232 non
1224 2169 1288 2232 alia
1318 2168 1392 2232 iura
1419 2169 1474 2233 vel

291 2293 472 2380 spiritualia
494 2293 547 2358 rel
571 2313 661 2359 mere
684 2293 802 2358 civilia.

426 2417 458 2505 2)
483 2419 638 2504 Apprime
669 2419 903 2484 consideranda
933 2424 1007 2485 sunt
1038 2439 1078 2484 ea
1107 2419 1209 2484 rerba
1232 2438 1294 2485 nec
1324 2438 1397 2486 non
1426 2422 1475 2486 ad

290 2543 427 2630 sinuata
446 2543 627 2626 praedicta
650 2543 833 2626 ancilium,
857 2543 1045 2626 murittum,
1068 2544 1225 2628 fauorem
1248 2543 1471 2626 praebentes,

290 2692 372 2757 quae
407 2669 609 2757 significant,
635 2691 676 2736 ex
707 2671 854 2738 omnibus
889 2672 1058 2737 recensitis
1092 2671 1188 2738 factis
1211 2677 1244 2736 et
1266 2692 1377 2740 unum
1400 2674 1473 2738 sin-

289 2799 419 2888 patum,
443 2799 533 2883 quasi
564 2797 715 2864 delictum
746 2799 794 2863 sui
826 2800 964 2884 generis,
993 2796 1143 2864 sufficere
1170 2797 1211 2863 ad
1238 2799 1471 2864 incurrendam

291 2941 480 2994 censuram,
504 2921 606 2986 veluti
636 2925 691 2986 aut
721 2923 845 2986 tantum
876 2919 1058 2993 inuadere,
1082 2924 1139 2985 aut
1165 2919 1390 3004 perturbare,
1416 2930 1476 2990 aut

290 3047 392 3113 solum
416 3045 575 3127 detinere,
597 3049 630 3111 et
652 3045 697 3110 ita
719 3063 827 3131 porro.
854 3044 939 3112 Hine
963 3045 1059 3120 etiam
1082 3045 1307 3129 percelluntur
1330 3065 1476 3112 censura

290 3176 509 3256 cooperantes
532 3172 680 3257 proxime
693 3177 726 3238 et
741 3169 919 3238 efficaciter
934 3173 991 3238 uni
1004 3177 1130 3238 tantum
1146 3191 1190 3237 ex
1204 3172 1294 3240 hisce
1310 3172 1474 3240 damnatis

290 3295 496 3362 facinoribus.
521 3293 631 3371 Quare
654 3293 772 3362 sufficit
795 3295 958 3362 civitatem
977 3295 1185 3380 perturbare
1207 3302 1241 3361 ct
1258 3296 1474 3380 perturban-

291 3423 376 3490 tibus
406 3426 537 3506 praesto
568 3441 656 3493 esse,
680 3420 720 3485 ad
752 3421 982 3486 incurrendam
1013 3439 1202 3503 censuram,
1226 3423 1375 3504 quamvis
1398 3420 1475 3489 finis

289 3545 550 3633 perturbationis,
562 3547 675 3629 utputa
688 3545 853 3629 usurpatio
866 3543 972 3618 Urbis,
990 3563 1055 3609 non
1068 3544 1270 3612 successerit.
1284 3545 1347 3620 Qui
1364 3545 1473 3621 favor,

223 3744 228 3754 ,
288 3671 372 3756 quod
395 3671 573 3745 consilium,
590 3671 745 3738 auxilium
768 3690 869 3756 opera
892 3668 1026 3754 efficaci,
1050 3691 1116 3737 non
1138 3676 1263 3738 tantum
1283 3665 1471 3738 'intentione

288 3796 439 3883 praeberi
463 3793 580 3863 debent
602 3795 643 3861 ad
665 3793 896 3861 incurrendam
919 3796 1295 3868 excommunicationem,
1312 3797 1359 3861 uti
1384 3798 1475 3864 inter

287 3924 397 4008 plures
424 3923 503 3986 alias
526 3922 611 3987 hanc
641 3920 740 3986 edidit
768 3921 1010 4006 responsionem
1035 3919 1065 3988 S.
1093 3922 1220 3986 Poenit.
1244 3920 1296 3986 die
1318 3921 1363 3987 10
1390 3921 1469 3990 Dec.

288 4049 388 4124 1860,
413 4049 599 4116 declarans:
627 4047 797 4115 Censuras
820 4047 1073 4116 Ecclesiastioas
1095 4049 1196 4115 iacta
1220 4049 1350 4116 litteras
1373 4051 1472 4134 Apo-

287 4173 422 4241 stolicas
444 4173 500 4238 die
524 4173 573 4239 26
597 4173 718 4238 Martii
739 4173 831 4238 1860
853 4173 987 4240 incurri
1013 4173 1057 4239 ab
1079 4174 1122 4239 iis
1146 4174 1205 4259 qni
1227 4174 1374 4258 moriter
1397 4194 1475 4242 coo-

284 4305 457 4383 perantur
478 4301 530 4365 vel
554 4299 742 4365 adbaerent
764 4299 941 4366 rebellioni
964 4299 1102 4367 ditionis
1116 4299 1326 4386 Pontificice.
1355 4299 1474 4372 &aare

288 4424 334 4489 ad
356 4421 623 4511 dipnoscendnrn
642 4421 680 4487 in
700 4421 779 4505 soro
804 4423 1036 4499 concientiae,
1060 4428 1178 4489 atrurn
1201 4422 1277 4508 qun
1300 4441 1473 4492 caesuras
