3290 5100
533 317 576 362 nn
601 313 754 362 narraris
779 316 821 362 nr
845 315 963 362 nonnis
1269 295 1336 364 525

158 445 248 503 actus
273 440 485 506 alienationis.
511 440 620 514 Quare
643 440 795 504 alienatio
818 439 900 504 haec
923 439 1017 505 debet
1041 461 1103 504 non
1127 446 1251 506 tantum
1275 461 1335 524 per

158 565 336 648 praelatum
369 566 573 636 alienantem,
602 564 775 630 sedetiam
800 585 820 629 a
843 585 1033 630 successore
1060 567 1091 628 in
1116 563 1282 638 beneficia,
1307 566 1333 630 si

158 695 345 757 antecessor
365 710 429 756 non
453 690 515 756 hoc
540 691 745 774 praestiterit,
772 691 932 762 revocari,
957 691 1149 775 inquorum
1174 689 1335 756 delectum

159 817 292 880 veniunt
307 816 418 881 clerici
434 815 551 882 addicti
566 816 732 880 Ecclesiae
748 815 975 880 detrimentum
993 836 1120 900 passam
1138 835 1208 902 arg.
1226 837 1252 882 c.
1270 837 1296 883 c.
1310 816 1336 880 2

158 937 211 1004 De
222 940 392 1021 precariis
406 941 447 1012 X,
465 939 539 1024 (Ill,
559 939 612 1024 14)
637 945 669 1006 et
691 941 727 1020 2,
751 939 775 1003 6
798 939 830 1003 h.
852 945 872 1004 t.
893 939 991 1005 -Sed
1011 959 1172 1005 censurae
1196 945 1228 1005 et
1251 940 1335 1004 aliae

158 1085 281 1149 poenae
307 1085 371 1130 non
397 1067 609 1132 incurruntur
641 1067 700 1130 nisi
732 1065 884 1130 alienatio
915 1066 1015 1130 fuerit
1035 1065 1200 1148 perfecta,
1228 1066 1333 1150 prouti

158 1187 381 1272 expostulatur
403 1188 443 1253 ad
467 1189 651 1270 dominium,
677 1191 703 1253 si
729 1185 800 1254 fieri
824 1193 941 1274 posset,
966 1186 1239 1253 transferendum.

248 1314 391 1398 Denique
403 1314 604 1397 accipientes
620 1314 676 1379 sed
693 1333 757 1378 non
774 1313 961 1380 alienantes
977 1318 1176 1379 excusantur
1192 1313 1232 1377 ob
1247 1315 1333 1398 igno-

161 1440 296 1503 rantiam
324 1457 477 1504 crassam
509 1443 542 1506 et
571 1439 733 1523 supinam
765 1441 838 1523 quia
866 1439 922 1504 illa
945 1437 1059 1504 dictio:
1084 1437 1280 1505 alienantes
1304 1443 1334 1503 et

157 1563 309 1646 recipere
336 1569 595 1646 praesumentes
624 1599 640 1612 -
671 1567 784 1648 aperte
815 1561 998 1648 significati
1019 1563 1334 1646 praesumptionem

158 1687 278 1752 attendi
302 1689 404 1772 quoad
428 1689 627 1772 recipientes
649 1693 785 1754 tanturn.
803 1688 928 1752 Verum
952 1687 1333 1760 natetu1·,hanc(lonsti-

157 1816 311 1879 tutionem
343 1836 408 1880 non
442 1815 558 1898 ubique
595 1815 693 1879 fuisso
724 1836 782 1879 usu
815 1819 996 1899 receptam,
1029 1813 1072 1878 uti
1103 1817 1241 1878 testatur
1273 1815 1334 1880 Be·

158 1938 229 2002 ned.
247 1940 341 2020 XlV,
358 1940 408 2004 Dc
425 1939 518 2024 Spa,
544 1940 564 2002 l.
581 1939 633 2012 12,
653 1959 679 2004 c.
698 1939 730 2012 8,
746 1959 781 2003 n.
798 1939 829 2005 9.
850 1974 866 1986 -
885 1940 966 2005 ltem
983 1957 1062 2022 prae
1078 1937 1179 2002 oculis
1198 1937 1335 2002 habean-

157 2067 211 2129 tur
235 2065 323 2148 lepes
347 2065 582 2130 concordatae.

247 2187 320 2250 453.
347 2187 509 2252 Patronus
529 2185 686 2268 beneficii,
711 2189 801 2252 cuius
825 2186 909 2251 bona
934 2191 1068 2272 usurpet
1091 2185 1143 2250 vel
1166 2184 1333 2254 distrahet

158 2314 225 2396 ipse
249 2317 381 2397 praeter
403 2333 522 2398 poenas
547 2317 609 2378 iam
626 2314 736 2394 dictas,
765 2317 904 2380 incurrit
922 2315 1152 2398 privationem
1184 2313 1261 2376 iuris
1285 2329 1337 2396 pa-

156 2440 316 2510 tronatus,
335 2441 379 2503 uti
403 2438 548 2504 decernit
572 2439 691 2504 Concil.
717 2439 802 2504 Trid.
829 2441 848 2503 l.
875 2441 936 2503 iam
965 2439 1134 2523 explicato.
1154 2473 1171 2486 -
1190 2438 1334 2503 Clericus

157 2583 236 2627 vero
267 2565 412 2646 quamvis
443 2568 565 2630 tantum
597 2571 788 2648 cooperatus
814 2565 914 2630 fuerit
943 2571 999 2630 aut
1026 2565 1179 2629 annuerit
1202 2568 1236 2628 et
1257 2584 1334 2627 con-

157 2690 303 2761 senserit,
320 2695 490 2773 antequam
511 2691 613 2771 plene
625 2691 858 2774 perficeretur,
877 2691 909 2754 in
925 2690 1156 2774 spoliationem,
1174 2691 1332 2773 privatur,

157 2785 233 2899 ipso
248 2815 343 2888 lacto,
369 2813 533 2880 beneficiis
563 2814 814 2898 quibuscumque
839 2821 871 2880 et
897 2814 1026 2879 adalia
1053 2812 1209 2880 beneficia
1241 2814 1333 2878 inha-

156 2940 230 3006 hilis
253 2937 298 3006 fit.
318 2977 335 2989 ·
355 2941 404 3005 Ad
428 2942 519 3016 haec,
537 2942 689 3007 statuitur
712 2943 877 3026 suspensio
901 2940 940 3005 ab
965 2943 1122 3006 exercitio
1146 2941 1335 3007 sardinum

155 3066 211 3131 sed
234 3067 298 3148 fer.
322 3074 403 3132 sent.
430 3088 488 3152 per
513 3067 721 3134 Ordinarium
746 3067 930 3152 infligenda.

246 3194 319 3256 454.
346 3192 452 3258 Consi.
482 3194 547 3274 Ap.
574 3193 674 3274 Sea.;
697 3193 828 3277 speciali
859 3192 969 3260 modo.
1003 3195 1087 3258 tueri
1119 3193 1221 3257 voluit
1251 3193 1334 3257 bona

157 3317 248 3380 Civili
273 3317 473 3401 Principatui
498 3319 585 3383 Erat.
603 3315 700 3383 Rom.
726 3319 922 3402 pertinentia
944 3317 1125 3384 decernens
1148 3317 1206 3382 snb
1231 3318 1334 3390 n.12‚

156 3461 286 3508 esocem.
312 3443 332 3506 l.
349 3462 374 3507 s.
391 3461 440 3524 sp.
462 3461 506 3506 m.
525 3443 564 3506 P.
580 3449 791 3508 reservatam
809 3444 841 3507 in
864 3445 1110 3518 «invadentes,
1128 3443 1335 3509 destruentes

158 3567 350 3638 detinentes,
371 3587 438 3650 per
459 3587 495 3633 sc
518 3569 568 3633 ael
590 3587 655 3650 per
678 3568 778 3638 alios,
807 3569 978 3643 Ciuitates,
1009 3568 1152 3641 Terras,
1178 3569 1250 3634 loca
1275 3573 1335 3632 aut

156 3695 236 3758 iura
252 3695 298 3760 ad
313 3695 500 3761 Ecclesiam
515 3693 711 3760 Romanam
730 3695 1004 3777 pertinentiaoel
1028 3701 1242 3778 usurpantes
1257 3713 1333 3776 pcr-

157 3819 339 3889 turbantes.
360 3817 540 3885 retinentes
562 3839 761 3902 supremam
777 3819 1044 3886 iurisdictionem
1062 3821 1098 3884 in
1114 3820 1171 3899 eis,
1187 3838 1250 3886 nec
1264 3838 1335 3884 aon

80 3971 84 3980 ·
156 3945 203 4010 ad
225 3945 362 4031 stapula
394 3945 573 4027 praedicta
607 3943 795 4016 anartium,
822 3943 1017 4024 connitum,
1041 3943 1198 4026 favorem
1229 3963 1333 4026 prae·

157 4069 268 4136 beatas
283 4091 314 4133 r.

246 4196 350 4272 Quum
368 4197 399 4258 in
415 4195 477 4258 noc
492 4195 629 4259 articulo
653 4196 867 4279 prospiciatur
884 4195 1062 4260 defensioni
1087 4195 1230 4260 dominii
1256 4201 1334 4262 tem-

150 4321 294 4404 poralis,
320 4319 381 4383 hoc
406 4339 469 4383 non
494 4339 533 4383 aa
556 4322 747 4384 extensione
770 4321 944 4384 assumitur
967 4339 1029 4402 qua
1053 4319 1286 4384 defendebatur
1302 4322 1334 4383 in

154 4451 218 4512 art.
236 4445 279 4510 12
303 4445 422 4511 linitae
446 4443 584 4512 (laeuae.
610 4445 772 4529 Siquidem
796 4444 838 4509 ibi
864 4446 1090 4530 exprimuntur
1114 4447 1207 4512 etiam
1234 4465 1335 4531 regna
