3290 5100
551 337 595 386 nn
619 339 774 387 nnnrcr1s
797 339 840 386 nr
863 339 983 388 eonius
1288 321 1356 388 459

175 483 269 550 opem
292 459 521 550 praebentibus
549 463 627 547 ipsis
656 461 803 528 civilibus
834 461 969 548 legibus,
1000 462 1121 547 aliquid
1151 463 1298 530 inserere
1321 464 1355 528 in

175 587 383 675 ephemeride
406 588 490 654 unde
514 591 635 654 veritas
659 593 691 654 et
714 590 836 654 iustitia
867 589 1038 662 elucescat,
1062 589 1116 654 rel
1144 591 1252 656 invitis
1278 591 1356 676 ipsis

174 713 391 798 ephemeridis
414 713 681 780 moderatoribus.
707 713 832 779 Verum
856 733 915 799 pro
938 713 1118 778 auferendo
1145 713 1298 780 scandalo
1321 721 1354 780 et

173 836 413 903 allucinationis
436 837 591 923 periculo,
608 839 708 902 tutius
723 841 772 903 est
791 839 963 904 certiorem
985 835 1129 902 reddere
1144 835 1354 902 Ordinarimn

173 963 236 1028 loci
260 965 315 1048 qui
338 965 459 1050 negotii
482 965 676 1048 gravitatem
701 969 734 1029 et
756 964 1027 1050 opportunitatem
1050 963 1225 1029 aestimare
1248 961 1353 1028 debet.

216 1267 239 1348 ἓ
262 1266 292 1332 9.
317 1265 367 1332 De
389 1266 552 1349 facultate
575 1267 710 1353 tepeudi
732 1273 763 1333 et
785 1265 955 1332 retinendi
983 1263 1086 1332 libros
1108 1265 1307 1358 prohibitos.
1389 1285 1390 1290 ¹

464 1443 515 1485 llus
530 1441 643 1486 referatur
657 1448 727 1498 caput
743 1440 786 1496 lx,
800 1444 836 1486 tlt.
851 1441 862 1484 1
878 1441 910 1484 lta
930 1441 1064 1496 inscriptum

172 1651 390 1710 summarium.
408 1683 445 1698 ·-
463 1653 524 1710 378.
544 1655 716 1711 Referuntur
734 1665 787 1709 art.
807 1653 851 1721 23,
869 1655 912 1708 24.
936 1684 972 1698 —
996 1653 1057 1708 379.
1085 1654 1298 1710 Commentatio.
1317 1681 1353 1696 -

262 1761 323 1816 380.
343 1763 475 1818 Refertur
490 1774 542 1818 art.
562 1764 605 1818 25.
618 1790 653 1806 -
667 1762 728 1818 381.
748 1763 962 1818 commentatio.
973 1792 1010 1806 -
1023 1762 1084 1816 382.
1098 1762 1230 1820 Refertur
1241 1773 1294 1818 art.
1308 1764 1351 1817 26.

262 1898 294 1910 -
314 1867 377 1924 383.
398 1870 611 1942 commentatio.

261 2084 336 2150 378.
360 2087 447 2154 Anr.
463 2085 516 2152 23:
536 2107 553 2149 a
570 2086 692 2154 Libros
707 2087 777 2153 siue
791 2085 994 2170 specialibus
1009 2085 1079 2152 sive
1099 2085 1188 2153 bisce
1206 2085 1351 2152 Genera·

171 2207 258 2275 tibris
280 2209 430 2276 Decretis
447 2211 660 2293 proscriptos
684 2211 708 2275 ii
733 2215 863 2276 tautum
893 2211 1004 2296 tepere
1026 2215 1058 2276 et
1080 2210 1227 2277 retinere
1254 2214 1350 2293 pote-

169 2341 261 2408 ruut,
285 2335 345 2418 qui
368 2353 391 2399 a
414 2331 500 2399 Sede
523 2333 639 2416 Apost.
664 2339 724 2400 aut
746 2333 790 2399 ab
813 2333 880 2400 illis
903 2332 1026 2418 quibua
1048 2333 1136 2406 uices
1160 2351 1242 2399 suas
1265 2333 1351 2398 dele·

169 2457 272 2544 pavit,
296 2463 509 2541 opportunas
530 2457 661 2540 fuerint
684 2459 852 2525 consecuti
873 2458 1100 2542 facultates».

261 2583 345 2648 Anr.
362 2581 422 2648 24:
438 2604 456 2644 ‹
471 2582 701 2648 Coucedcuclis
714 2582 857 2648 licentiis
869 2582 1002 2668 lepeudi
1018 2587 1050 2648 et
1060 2582 1231 2649 retiaeudi
1246 2581 1351 2648 libros

169 2721 400 2790 quoscumque
419 2704 618 2788 prohibitos,
637 2703 736 2771 Rom.
755 2705 938 2791 Pontifices
954 2705 989 2772 S.
1006 2705 1135 2772 Iudicis
1154 2701 1350 2792 Couprepa-

170 2827 295 2895 lucem
309 2846 533 2913 proposuere.
551 2830 683 2896 Eadem
698 2829 921 2898 nihilomiuus
932 2835 1096 2913 potestate
1110 2830 1262 2915 paudeut
1278 2833 1349 2894 tum

170 2951 342 3036 Suprema
364 2950 398 3016 S.
425 2953 533 3038 Officii
558 2953 793 3040 Couprepatio,
819 2960 891 3020 tum
907 2953 941 3020 S.
961 2954 1187 3041 concrepatio
1203 2954 1245 3020 de
1259 2953 1349 3020 Pro·

165 3077 334 3161 papauda
357 3077 443 3144 Fide
467 3097 535 3162 pro
566 3077 762 3164 repleuibus
791 3098 853 3146 suo
886 3056 1048 3166 repimiui
1080 3078 1246 3146 subiectis.
1277 3077 1349 3145 Pro

174 3195 427 3272 dulciculum,
453 3199 536 3266 baec
556 3198 706 3282 facultas
729 3179 886 3282 competit
915 3200 1019 3266 etiam
1043 3199 1077 3266 S.
1101 3198 1228 3266 Palatii
1254 3199 1349 3283 Apo·

167 3323 277 3390 stolici
299 3325 467 3411 Mapistro
484 3346 514 3389 ›.

258 3451 334 3517 379.
359 3451 487 3518 Recolit
501 3458 564 3518 art.
581 3451 758 3527 23‚1ibr0s
781 3452 958 3539 prohiberi,
975 3453 1055 3519 alios
1078 3453 1225 3518 Decretis
1241 3452 1348 3518 Gene-

169 3575 290 3643 ralibus
308 3597 365 3642 seu
383 3577 516 3663 Regalis
540 3576 667 3651 Iudicis,
692 3577 773 3643 alios
795 3577 999 3644 nominatim
1022 3577 1179 3663 proscribi
1197 3597 1258 3664 per
1272 3595 1347 3660 spe-

168 3701 255 3769 ciale
277 3701 453 3768 decretum.
480 3736 497 3752 ·
523 3701 585 3769 Sed
609 3723 651 3769 ne
674 3704 847 3788 prohibitio
870 3702 965 3768 cedat
987 3704 1020 3768 in
1044 3701 1195 3768 damnum
1218 3704 1268 3768 rei
1291 3722 1348 3788 pn-

167 3822 282 3906 blicae,
299 3829 455 3909 quatenus
478 3825 708 3912 praecludatur
730 3827 784 3889 via
804 3825 989 3891 refutationi
1015 3844 1175 3908 errorum,
1191 3829 1350 3890 memorat

168 3947 369 4022 Constitutio‚
390 3947 462 4014 fieri
476 3949 582 4015 locum
605 3949 757 4036 legitimis
780 3949 1079 4035 dispensationibus.

258 4073 476 4148 Quamobrem
499 4093 637 4159 sequens
659 4074 816 4141 articulus
839 4076 955 4142 recolit
977 4095 1037 4161 per
1060 4094 1218 4159 quaenam
1242 4073 1348 4140 officia

168 4192 200 4259 S.
227 4194 381 4263 Pontifex
404 4197 507 4266 soleat
529 4200 716 4284 prospicere
739 4198 826 4264 haud
841 4197 907 4264 levi
922 4202 1051 4286 negotio
1075 4199 1347 4286 dispensationum

168 4319 460 4388 concedendarum.
493 4322 604 4397 Quoad
634 4322 806 4389 facultates
836 4323 949 4407 quibus
980 4323 1080 4410 pollet
1106 4321 1139 4388 S.
1175 4324 1274 4409 Oong.
1306 4321 1348 4388 de

144 4437 268 4527 ,Prop
293 4443 340 4527 F.,
365 4446 407 4510 cf.
431 4445 548 4511 Arndt.
572 4445 623 4512 De
647 4445 742 4512 libris
762 4447 951 4530 prohibitis,
975 4457 1060 4536 pap.
1085 4447 1169 4516 250.
