3266 5102
296 231 368 335 '186
829 288 914 336 rens
937 289 960 334 1.

303 417 377 478 tum
401 413 532 480 deuota
555 411 799 479 absolutionem
822 432 962 478 casuum
980 417 1012 478 et
1027 431 1254 479 caesurarum
1276 413 1379 480 etiam
1402 430 1485 477 sea-

302 554 392 602 omm
416 556 508 605 uano
531 537 653 620 Papae
676 543 929 604 reseruatomtm
953 537 1092 622 qnando
1111 539 1290 621 poenitens
1322 543 1486 604 versatur

299 662 337 727 in
360 662 629 745 impossibilitate
661 662 889 745 personaliter
919 662 1071 729 adeundi
1094 663 1129 728 S.
1153 659 1302 729 &demi
1325 667 1368 730 Il.
1396 664 1486 734 Otta-

302 794 398 854 tenus
413 787 577 874 nepotioe,
596 825 614 835 -
635 789 751 852 Utrum
776 789 1028 854 recurrendum
1050 788 1103 864 sit,
1127 790 1246 855 saltem
1261 809 1328 872 per
1340 791 1481 863 litteras,

301 915 349 982 ad
363 915 487 979 Erimm
507 913 609 980 Caret.
626 913 797 980 Maiorem
812 913 942 980 Poenit.
956 933 1024 996 pro
1040 913 1196 980 omnibus
1211 914 1345 981 casibus
1359 915 1486 998 Papae

298 1039 490 1121 reservatio,
514 1039 581 1106 nisi
611 1039 801 1122 Episcopus
831 1038 953 1105 babeat
980 1040 1127 1122 speciale
1157 1040 1340 1123 indultum,
1373 1059 1483 1124 prae·

300 1169 457 1247 tunnam
472 1161 510 1225 in
526 1161 670 1227 artimto
694 1161 824 1234 mortes,
842 1161 890 1226 ad
913 1161 1132 1228 obtinendam
1154 1161 1351 1230 absolvendi
1371 1161 1485 1245 facul·

300 1292 402 1352 tatem
420 1307 454 1362 ›;
469 1287 587 1372 prodiit
602 1288 687 1352 enim
713 1288 906 1372 rescriptum
927 1283 1052 1374 aPapa
1074 1287 1283 1373 approbatum
1308 1293 1342 1355 et
1364 1285 1483 1352 confir·

300 1411 431 1486 matum,
449 1413 492 1476 ita
509 1417 708 1498 conceptum,
726 1411 807 1478 adl.
827 1432 845 1476 a
862 1413 1000 1478 Attenia
1010 1412 1121 1496 praui
1138 1409 1172 1476 S.
1189 1412 1485 1480 Paenitentiamae

293 1536 501 1620 praesertim
525 1537 567 1602 ab
595 1537 686 1602 edita
717 1537 951 1604 constitutione
972 1537 1166 1636 apostolica
1196 1556 1271 1604 san.
1296 1556 1397 1603 mem.
1422 1535 1484 1602 Pii

297 1661 381 1726 Ρ.Ρ.
399 1660 453 1726 IX
466 1681 547 1746 quae
563 1663 674 1746 incipit
689 1661 805 1746 Apost.
832 1661 939 1728 Sedis.
963 1699 981 1710 -
1006 1662 1172 1748 Nepative
1195 1699 1215 1710 -
1238 1663 1286 1728 aol
1309 1663 1354 1728 Il.
1378 1662 1483 1746 Affir-

296 1787 435 1872 matioe;
447 1795 484 1854 at
495 1789 530 1854 in
549 1788 683 1855 casibus
697 1787 952 1875 arpentioribus
966 1789 1004 1853 in
1019 1787 1142 1874 quibus
1156 1788 1320 1856 absolutio
1344 1789 1483 1873 differri

296 1919 442 2000 nequeat
466 1911 592 1996 absque
610 1911 768 1993 periculo
791 1912 909 1998 prauis
931 1911 1088 1978 scandali
1109 1913 1161 1978 oet
1184 1911 1351 1996 infamiae
1373 1933 1484 1997 super

296 2059 366 2125 quo
390 2035 680 2119 confessariorum
704 2034 909 2102 conscientia
932 2041 1105 2108 oneratur,
1126 2035 1206 2100 dari
1223 2053 1326 2118 posse
1348 2035 1482 2102 absolu·

295 2165 431 2234 tionem,
456 2160 616 2226 iniunctis
639 2159 681 2225 de
705 2177 800 2225 more
822 2157 1054 2245 iniunpendis,
1086 2178 1109 2224 a
1129 2159 1282 2225 censuris
1304 2159 1408 2224 etiam
1430 2158 1481 2246 (l)

368 2389 408 2460 (l)
428 2388 460 2442 ln
480 2391 650 2458 propositum
670 2386 753 2440 huius
768 2387 871 2441 decreti
886 2386 939 2457 (23
952 2386 1014 2440 lan.
1030 2387 1113 2440 1886
1125 2404 1162 2441 en
1176 2389 1203 2442 S.
1219 2387 1260 2456 0.)
1274 2387 1308 2441 cl.
1323 2387 1479 2442 Buceeroni

298 2498 498 2552 &ommentarii
517 2525 532 2534 -
550 2497 593 2549 De
613 2497 722 2549 casibus
734 2495 885 2548 reservatis
899 2495 972 2548 etde
985 2495 1111 2548 censuris
1125 2523 1141 2533 -
1160 2513 1186 2549 n.
1199 2494 1235 2548 59
1247 2511 1303 2565 seq.
1317 2494 1480 2563 elegantem

294 2610 324 2659 et
342 2604 436 2673 magni
457 2602 584 2673 ponderis
603 2601 694 2670 agitat
711 2602 918 2672 quaestionem
936 2601 1074 2671 quomodo
1100 2617 1199 2670 nempe
1218 2618 1268 2670 per
1286 2601 1339 2655 hoc
1357 2601 1479 2670 simplex

294 2711 436 2764 decretum
449 2707 528 2762 nulla
539 2707 766 2778 promntpatione
779 2705 977 2760 denunciatum
990 2711 1019 2762 et
1033 2707 1062 2760 in
1074 2711 1171 2780 forma
1185 2711 1327 2761 cemorani
1344 2714 1481 2762 consueta

293 2833 310 2868 a
329 2815 466 2869 Pontifice
484 2815 677 2884 approbatum,
698 2813 819 2883 potuerit
837 2812 940 2866 mutari
962 2813 1005 2866 ius
1023 2823 1102 2866 vetus
1126 2817 1155 2867 et
1181 2813 1275 2867 induci
1293 2814 1479 2866 nouissimum

293 2924 344 2976 ius.
365 2923 471 2978 Exinde
492 2924 578 2978 refert
596 2937 613 2974 e
628 2924 703 2992 qnod
713 2961 728 2973 ..
737 2922 840 2990 plures
858 2923 971 2990 quidem
990 2923 1154 2976 dubitarunt
1165 2925 1200 2978 de
1213 2925 1242 2975 oi
1253 2923 1398 2992 obtipandi
1410 2923 1482 2975 talis

292 3033 400 3086 decreti
424 3035 453 3084 et
477 3031 518 3083 ita
537 3027 688 3082 dubitando
709 3044 807 3083 revera
825 3028 877 3081 visi
897 3033 962 3082 sunt
1013 3027 1054 3083 Cf.
1074 3027 1209 3082 Ballerini
1229 3039 1294 3083 nota
1313 3028 1354 3098 (a)
1371 3047 1398 3081 n.
1418 3030 1479 3083 130

300 3141 328 3190 V.
343 3139 367 3192 1.
386 3138 534 3208 compend.
549 3137 578 3189 P.
595 3135 685 3206 Gury3
699 3134 725 3188 S„
742 3133 873 3204 Alphons.
890 3135 911 3189 l.
926 3135 949 3199 l,
964 3153 990 3188 n.
1007 3135 1074 3200 106,
1087 3135 1200 3190 Picbler
1214 3135 1374 3204 Rolepom.
1384 3154 1412 3188 n.
1423 3137 1479 3202 ¹16,

293 3245 551 3313 Schmalzgrueber‚
573 3245 684 3297 Dissert.
705 3241 874 3295 Prooemial.
895 3260 921 3294 n.
943 3241 1018 3307 373,
1036 3241 1115 3308 377,
1136 3241 1279 3296 Reiffenst.
1300 3241 1427 3296 Prooem
1445 3245 1480 3294 in

294 3352 344 3406 lus
363 3369 422 3406 can.
441 3368 467 3403 n.
488 3351 553 3416 130,
574 3350 630 3402 134
644 3362 669 3406 ».
690 3346 794 3402 Deinde
814 3346 860 3399 hic
873 3349 980 3401 Auctor
993 3351 1139 3417 postquem
1150 3347 1280 3402 retulerit
1289 3347 1409 3402 aliorum
1420 3347 1478 3399 DD.

292 3459 460 3514 sententiam
471 3457 519 3527 qui
529 3455 604 3508 hisce
615 3455 734 3508 decretis
748 3454 858 3523 plenam
868 3454 925 3508 vim
935 3460 1063 3508 essermn
1075 3455 1142 3525 quin
1156 3453 1243 3508 ullam
1256 3455 1402 3525 requirant
1414 3469 1480 3523 pm-

292 3564 493 3635 mulgationem
513 3563 542 3614 in
561 3560 718 3615 huiusmodi
738 3561 809 3614 actis
825 3561 851 3614 S.
869 3561 955 3626 sedis,
975 3579 1054 3614 snam
1073 3561 1240 3616 sententiam
1260 3561 1301 3614 ita
1319 3561 1478 3630 siguificat:

289 3670 425 3725 «Verum
451 3669 508 3722 alia
534 3672 577 3722 est
602 3668 677 3720 ratio
699 3666 870 3736 praedictum
896 3667 1039 3722 decretum
1064 3667 1255 3722 considerandi
1280 3683 1352 3736 qnae
1379 3669 1478 3736 utpote

289 3777 380 3847 magis
399 3775 548 3830 conformis
568 3774 688 3842 receptis
706 3773 850 3843 principiis
868 3777 897 3827 et
917 3774 1022 3828 rationi
1042 3775 1122 3828 nobis
1139 3773 1253 3828 omnino
1265 3773 1410 3842 probatur.
1424 3771 1479 3825 De-

289 3889 395 3938 cretum
415 3882 467 3936 boe
486 3897 559 3934 nora
583 3879 718 3950 quaedam
742 3877 787 3933 lex
817 3895 872 3933 non
895 3884 945 3947 est,
966 3879 1013 3934 sed
1032 3879 1104 3950 legis
1123 3886 1152 3935 et
1170 3880 1239 3934 iuris
1261 3879 1481 3949 praeexistentia

289 3987 520 4058 interpretatio...
541 3986 667 4040 lemvero
685 3985 707 4037 ei
730 3984 878 4040 Decretum
893 3983 946 4040 hoc
962 4001 1016 4040 non
1030 3991 1073 4040 est
1085 3985 1138 4040 nisi
1151 4003 1229 4041 mera
1240 3985 1394 4041 declaratio
1407 3987 1478 4040 iuris

288 4101 318 4149 et
341 4093 412 4162 legis
431 4093 465 4147 ad
485 4094 537 4147 hoc
557 4093 598 4146 nti
618 4093 673 4146 vim
693 4091 834 4162 obligandi
856 4092 964 4147 habeat
983 4109 1038 4147 non
1058 4094 1210 4164 requiritur
1228 4093 1360 4164 specialis
1378 4111 1427 4148 sen
1445 4092 1478 4146 in

288 4205 384 4274 somna
402 4203 532 4271 specifica
554 4199 727 4269 approbati0,
746 4215 836 4269 neque
861 4199 993 4255 solemnis
1019 4201 1079 4255 eius
1104 4201 1292 4271 promulgatio
1311 4203 1477 4274 requiritur,

290 4307 337 4360 sed
350 4305 451 4359 sufficit
466 4306 579 4358 omnino
595 4303 749 4358 communis
761 4321 811 4358 seu
823 4305 852 4357 in
865 4308 961 4375 somna
974 4307 1114 4360 communi
1127 4307 1303 4376 approbatio;
1313 4313 1343 4362 et
1355 4308 1476 4378 simplex

287 4413 455 4483 publicatio,
469 4429 568 4480 nempe
587 4411 629 4464 nti
648 4410 813 4481 simpliciter
831 4411 989 4466 innotescat
1001 4426 1026 4470 rt.
1046 4413 1208 4468 Arbitratur
1219 4429 1286 4468 vero
1298 4412 1346 4469 hic
1358 4417 1476 4484 Auctor,
