3266 5102
498 296 542 344 nn
567 297 720 346 uulneris
746 299 787 345 ar
810 299 930 346 rossus
1237 280 1297 348 171

127 415 162 480 in
186 415 221 488 6,
253 421 407 482 statutum
441 418 502 484 fuit
538 418 597 484 sub
635 419 816 485 conditione
856 419 1088 485 reincidentiae
1120 418 1301 485 adeundum

128 561 192 606 esse
221 541 423 626 superiorem
446 542 486 608 ab
510 563 548 608 eo
572 545 625 628 qui
655 543 807 610 diuturno
839 545 1084 631 impedimento,
1112 545 1165 610 vel
1189 547 1301 610 mortis

127 665 265 748 periculo
300 663 448 780 deqentus
480 666 560 748 fuit,
592 669 761 752 quominus
796 668 837 734 ad
872 670 1072 756 superiorem
1107 669 1302 754 confugeret

126 808 180 872 pro
211 789 386 858 obtinenda
420 813 578 858 censurae
612 792 831 866 absolutione,
860 813 941 878 quae
976 791 1128 878 proinde,
1158 793 1298 858 instante

126 916 323 990 necessitate,
351 937 506 984 concessa
527 918 590 982 fuit
612 918 652 983 ab
675 918 842 984 inferiore.
868 917 920 984 Ab
944 917 1080 984 bomine
1103 937 1182 983 vero
1210 916 1300 982 addi-

127 1039 265 1104 turhaec
284 1041 426 1108 conditio
442 1041 568 1126 quando
584 1041 682 1108 iudex
697 1041 878 1114 absolvens,
895 1061 953 1108 sua
969 1043 1171 1113 auctoritate,
1189 1041 1302 1107 decre-

127 1168 186 1226 tum
208 1164 297 1230 addit
316 1165 566 1242 reincidentiae;
583 1166 667 1250 quod
682 1171 792 1232 tamen
808 1169 876 1231 sire
892 1187 913 1232 α
930 1166 1006 1232 iure
1021 1168 1091 1232 sive
1106 1165 1149 1232 ab
1167 1165 1300 1232 boariae

128 1309 185 1352 non
200 1295 355 1356 censetur
369 1291 497 1365 editum,
514 1293 576 1356 nisi
592 1311 748 1377 expresse
763 1291 987 1357 denuncietur.
1004 1327 1020 1339 -
1036 1295 1121 1357 Ante
1137 1291 1300 1377 impletam

128 1413 335 1481 conditionem
361 1418 577 1498 resolutivam,
594 1417 752 1482 absolutio
770 1416 894 1502 pridem
911 1416 1041 1482 obtenta
1056 1417 1164 1482 aufert
1186 1418 1299 1481 vincu-

128 1539 186 1604 lum
211 1561 371 1606 censurae
406 1560 487 1625 quae
518 1539 655 1626 prolude
686 1561 751 1606 non
784 1539 895 1604 eodem
925 1559 1069 1608 numero
1101 1541 1158 1606 sed
1187 1541 1300 1608 eadem

128 1665 226 1746 specie
249 1667 449 1746 incurritur,
474 1667 500 1732 si
525 1665 664 1732 conditio
692 1685 758 1730 non
790 1665 1013 1751 adimpleatur.
1039 1665 1147 1740 Quare
1171 1667 1204 1730 in
1227 1687 1300 1731 ceo-

128 1806 225 1852 suram
245 1810 312 1855 non
330 1791 520 1857 reinciditur
535 1793 595 1856 nisi
612 1791 755 1857 adiuerit
771 1794 973 1856 contumacia
996 1797 1110 1858 contra
1133 1789 1298 1856 decretum

127 1913 362 1989 reincidentiae,
380 1921 412 1982 et
434 1918 496 1982 nisi
518 1917 617 1982 iudex
633 1918 686 2000 qui
703 1918 765 1982 hec
789 1917 935 1990 ediderit,
953 1917 1052 1982 fuerit
1068 1916 1197 1981 aliunde
1212 1937 1299 1981 com-

127 2043 228 2121 petens
251 2041 292 2105 ad
319 2060 473 2106 censuras
498 2041 658 2107 ferendas.
685 2041 734 2110 cl.
759 2040 959 2106 D'Annibale
984 2039 1023 2126 (Ι,
1048 2062 1081 2107 a.
1106 2040 1201 2127 354).

207 2164 1298 2266 116.manuariasraulsretealssc„affirmatam

127 2289 168 2352 ud
187 2290 457 2376 reincidentiam,
482 2291 555 2377 quia
567 2309 701 2389 „poenae
712 2290 1068 2386 HQPQQ
1074 2292 1298 2370 irrep-ciuntur

124 2395 182 2494 per
196 2417 447 2482 contumaciam
470 2437 527 2510 seu
548 2437 615 2508 neq
638 2422 718 2513 ξιζιῃΙ
719 2416 882 2510 directius
892 2416 1069 2504 ‘ordinata-e
1085 2416 1298 2492 admedelam

126 2537 328 2623 singulorum,
353 2541 559 2626 quamobrem
582 2541 722 2606 debeant
741 2561 966 2627 perseverare,
991 2562 1154 2626 quousque
1178 2547 1295 2628 pateat,

127 2660 357 2750 delinquentem
369 2685 389 2730 a
399 2667 481 2752 legis
494 2672 679 2752 contemptu
694 2688 750 2733 seu
763 2687 783 2730 a
797 2667 1012 2734 contumacia
1028 2667 1211 2732 recessisse.
1226 2669 1298 2732 Hac

127 2785 161 2852 de
182 2807 276 2853 carisa
300 2790 424 2854 factum
447 2795 505 2862 est,
530 2811 686 2856 censuras
709 2791 832 2855 absolvi
856 2795 1008 2874 oportere
1032 2790 1090 2855 sub
1113 2792 1186 2874 lege
1211 2793 1295 2855 rein-

126 2911 275 2979 cidentiae
299 2934 321 2978 a
342 2914 419 2981 iare
434 2915 487 2980 vel
510 2915 553 2982 ab
573 2915 708 2982 bomine
723 2916 797 2980 lata.
815 2915 1060 2996 Verumtamen,
1078 2933 1137 3000 per
1153 2934 1196 2988 se,
1216 2914 1297 2979 nihil

126 3035 276 3120 prohibet,
289 3039 460 3122 quominus
473 3039 643 3106 Praelatus
656 3060 791 3125 poenam
808 3039 972 3125 dispenset
986 3039 1044 3104 sub
1061 3059 1101 3105 ea
1116 3037 1297 3103 conditione

126 3163 156 3222 ut
176 3161 376 3247 dispensatus
399 3166 425 3229 si
448 3164 568 3249 aliquid
590 3185 656 3229 non
680 3170 834 3250 praestat,
859 3166 978 3230 iterum
1002 3164 1132 3230 vinculo
1156 3163 1296 3229 eiusdem

126 3303 238 3366 poenae
262 3289 517 3374 constringatur.
542 3287 605 3354 Sed
628 3288 794 3353 ordinario
827 3291 897 3352 iure
924 3287 1008 3353 istud
1032 3287 1207 3353 remedium
1231 3307 1296 3351 non

125 3408 261 3488 iubetur;
278 3419 322 3494 et,
339 3419 451 3498 suapte
471 3419 601 3498 natura,
619 3413 851 3478 reincidentiae
874 3415 1013 3478 conditio
1034 3433 1098 3478 non
1122 3414 1294 3496 dispenso·

126 3531 201 3598 tioai
219 3536 275 3600 sed
291 3535 495 3603 absolutioni
510 3537 675 3610 convenit;
692 3537 777 3620 quia,
796 3536 842 3600 uti
858 3534 1018 3620 significat
1034 3537 1134 3621 ipsum
1147 3535 1293 3624 ¹vocabu-

126 3652 184 3717 lum
199 3691 213 3702 ·
228 3657 454 3723 reincideotia
469 3693 495 3740 -,
512 3677 569 3722 seu
592 3658 625 3721 in
642 3677 813 3722 censuram
831 3656 943 3736 relabi,
960 3655 1078 3742 pendet
1094 3657 1234 3720 maxime
1256 3655 1295 3720 ab

127 3776 188 3861 ipsa
198 3781 363 3848 voluntate
376 3783 582 3859 contumacis
596 3802 661 3847 non
672 3783 718 3846 ita
729 3781 891 3846 vinculum
905 3800 1028 3866 poenae
1039 3783 1169 3866 proprie
1181 3781 1294 3846 dictae.

208 3905 486 4000 QQQto
509 3928 551 3972 an
574 3908 674 3992 possit
697 3904 849 3972 revocari
872 3903 1066 3990 dispensatio
1094 3901 1194 3968 semel
1218 3924 1296 3968 con-

126 4044 217 4093 cessa.
242 4031 285 4096 Et
318 4029 514 4098 affirmativa
544 4032 704 4098 sententia
727 4027 1048 4122 videtur-admodum
1072 4030 1198 4106 iverim,
1221 4029 1297 4114 quia

127 4139 305 4222 radicaliter
331 4123 496 4224 iinculum
525 4125 751 4246 prohibitionis
775 4155 808 4220 in
832 4155 901 4240 ipsa
923 4154 996 4240 lege
1026 4173 1155 4239 semper
1183 4174 1296 4242 perse-

126 4284 228 4378 verat;
252 4279 298 4346 ita
329 4259 483 4356 starcher,
508 4281 580 4347 Lib.
607 4281 638 4355 8,
664 4281 714 4346 Dc
740 4284 841 4344 matr.
867 4278 962 4360 apud
992 4278 1214 4352 Thesbarum,
1240 4299 1295 4363 op.

127 4398 173 4462 cit
196 4401 236 4466 P.
261 4404 288 4476 Ι,
313 4422 340 4469 c.
364 4403 425 4468 20.
