3202 5104
277 291 344 357 270

276 593 298 676 5
321 593 352 659 2.
377 591 427 658 De
443 591 575 658 diuerso
592 591 713 658 ordine
729 610 796 677 quo
807 609 941 674 poenae
962 589 1164 674 inferantur
1173 609 1187 673 ,·
1206 591 1319 674 'qaam
1335 607 1461 671 nempe

367 716 553 802 aliquando
570 735 592 780 a
610 717 732 799 poeuis
747 715 933 802 aliquando
950 734 972 780 a
988 714 1139 780 censuris
1157 713 1296 779 indiam
1321 733 1460 779 samea-

366 843 450 908 dam
472 843 524 906 sit.

277 1071 494 1129 summarium.
513 1099 548 1112 -
570 1069 628 1123 183.
648 1070 820 1124 Itocoluntur
833 1074 927 1125 textus
940 1071 987 1140 qui
1000 1067 1139 1124 diversum
1153 1069 1278 1124 ordinem
1305 1083 1461 1137 poenarum

360 1182 521 1252 sequuntur.
540 1205 578 1219 -
599 1177 655 1230 184.
675 1177 858 1246 Exponuntur
877 1175 992 1246 regulas
1010 1177 1111 1247 quibus
1124 1175 1259 1230 statuitur
1271 1191 1393 1246 quanam
1413 1193 1461 1229 ra·

280 1346 283 1354 ,
360 1288 437 1342 tione
461 1286 609 1358 aliquando
634 1303 651 1339 a
675 1285 780 1354 poenis,
805 1283 954 1356 aliquando
972 1302 990 1337 a
1008 1283 1132 1340 censuris
1158 1285 1187 1336 in
1209 1283 1347 1352 puniendo
1368 1282 1461 1338 delin-

361 1397 464 1464 quente
477 1393 587 1446 initium
601 1393 658 1446 fiat.
670 1421 685 1432 -
699 1391 836 1445 Nimirum
850 1393 884 1444 ob
898 1391 1002 1445 crimen
1016 1394 1238 1445 consummatum
1247 1393 1277 1444 ct
1286 1404 1341 1444 uon
1351 1389 1461 1444 habens

360 1509 480 1554 tractam
498 1500 685 1554 successivum
697 1498 862 1566 infliguntur
876 1514 985 1568 poenae
998 1497 1191 1563 uindicatum,
1204 1499 1235 1549 at
1248 1495 1311 1550 dein
1329 1496 1461 1550 feruntur

362 1603 447 1657 etiam
472 1619 607 1657 censurae
625 1602 659 1655 ad
678 1601 717 1656 rei
743 1601 921 1656 obtinendam
947 1600 1184 1664 emendationem,
1209 1600 1244 1652 ob
1267 1599 1373 1654 crimen
1391 1616 1460 1654 vero

361 1726 418 1764 non
436 1713 655 1763 consummatum
669 1713 718 1762 aut
730 1706 836 1762 habens
849 1718 968 1762 tractum
981 1707 1169 1761 successivam
1182 1705 1293 1760 initium
1306 1706 1339 1758 fit
1358 1722 1376 1758 a
1396 1723 1462 1760 cen·

362 1817 437 1869 serris
455 1818 484 1869 et
503 1817 599 1882 postea
617 1813 764 1868 devenitur
783 1813 817 1866 ad
831 1829 947 1884 poenos.
1245 1795 1247 1799 ⁵

372 2048 445 2113 183.
471 2048 633 2113 Praesens
648 2047 808 2132 inquisitio
832 2048 896 2113 huc
920 2051 1043 2133 spectat
1065 2053 1101 2112 ut
1124 2043 1312 2111 definiamus
1329 2045 1460 2130 quando

280 2175 312 2237 in
337 2173 534 2258 applicandis
553 2172 708 2270 pemediis
731 2172 917 2259 poenalibus
941 2171 1155 2258 incipiendum
1180 2171 1222 2235 sit
1246 2190 1266 2234 a
1289 2172 1459 2244 censuris,

279 2295 408 2379 quando
431 2314 510 2359 vero
533 2314 553 2358 a
576 2295 696 2380 poenis.
721 2297 818 2380 Atqui
842 2297 952 2360 varius
975 2315 1153 2380 poenarum
1178 2294 1258 2359 ordo
1274 2313 1334 2378 pro
1358 2295 1459 2357 variis

281 2440 410 2484 casuum
433 2419 602 2484 adiunctis.
620 2419 669 2484 Re
685 2419 812 2503 quidem
835 2440 914 2484 vcra
934 2419 968 2484 iu
985 2439 1059 2503 cap.
1077 2421 1120 2484 10
1136 2419 1189 2486 De
1204 2419 1276 2484 iac.
1295 2417 1331 2480 X
1350 2415 1407 2502 (ΙΙ,
1430 2418 1459 2504 1)

280 2543 334 2608 hic
350 2545 522 2628 exponitur
538 2564 716 2628 poenarum
739 2544 868 2630 gradus,
892 2545 1047 2609 scilicet...
1068 2545 1131 2608 «si
1154 2543 1297 2610 ctericus
1321 2543 1360 2607 ia
1374 2561 1461 2625 quo·

280 2686 425 2752 caraque
459 2666 579 2734 ardiae
602 2668 809 2740 constitutus,
834 2668 871 2732 ia
891 2665 987 2749 farto
1013 2669 1064 2732 oet
1088 2665 1269 2732 homicidio
1300 2665 1354 2730 oet
1381 2683 1462 2746 per·

280 2792 370 2858 iuria
401 2811 461 2857 seu
495 2791 562 2857 otio
599 2791 744 2857 mimine
775 2791 883 2873 faerit
917 2792 1146 2874 deprehensus
1184 2789 1331 2875 tepitime
1358 2793 1462 2864 atoue

280 2917 460 2992 conuictus,
485 2915 528 2982 ab
553 2917 774 2984 ecclesiastico
798 2917 910 2982 iudice
932 2915 1153 2998 deponendas
1175 2920 1235 2981 est.
1263 2913 1326 2984 Qui
1348 2914 1379 2979 si
1407 2913 1463 2979 de·

277 3043 407 3126 positas
441 3042 683 3128 incorripibitis
704 3041 828 3124 faerit,
864 3041 1157 3108 eacommuaicari
1187 3039 1300 3114 debet,
1337 3040 1463 3106 deiude

281 3169 495 3235 coutumacia
518 3173 685 3234 crescente
708 3167 934 3233 anathematis
964 3186 1127 3234 mucrone
1162 3165 1264 3249 feriri
1274 3185 1288 3249 ;
1309 3171 1460 3248 postmo-

281 3293 365 3358 dam
387 3313 467 3360 aero
490 3294 519 3358 si
543 3294 579 3358 ia
598 3290 816 3374 profundum
838 3293 1010 3358 creatorum
1041 3291 1180 3357 veniens
1210 3291 1460 3374 contempserit,

281 3437 360 3484 cam
391 3417 540 3484 Ecclesia
570 3437 641 3483 noa
672 3415 792 3482 habeat
813 3418 906 3482 altra
929 3416 1013 3500 qaid
1038 3415 1155 3497 faciat,
1180 3433 1225 3480 ae
1252 3416 1363 3498 possit
1390 3434 1463 3482 esse

280 3544 374 3609 nitra
400 3541 549 3624 perditio
578 3541 821 3624 plurimorum,
848 3560 915 3623 per
937 3541 1147 3606 saecularem
1180 3538 1464 3622 comprimendus

281 3672 330 3733 est
347 3671 557 3751 potestatem,
581 3665 629 3730 ito
653 3665 746 3749 qaod
767 3665 799 3730 ei
821 3664 1002 3748 deputetur
1025 3663 1169 3729 coritium
1195 3664 1248 3728 aet
1272 3663 1344 3728 atio
1380 3663 1463 3748 tepi-

283 3789 366 3854 tima
388 3806 499 3872 poena
523 3807 554 3852 a.

372 3912 441 3986 Quo
465 3913 497 3975 in
522 3915 614 3976 textu
629 3911 753 3976 initium
770 3908 805 3978 fit
827 3931 846 3975 a
867 3910 986 3993 poeuis
1003 3913 1034 3974 et
1049 3915 1160 3995 postea
1179 3927 1345 3975 ceresuroe
1367 3907 1466 3973 adhi-

282 4037 399 4103 bentnr
415 4036 456 4102 ad
471 4037 646 4102 curandam
669 4038 715 4102 rei
740 4035 1004 4102 emendationem.
1024 4069 1041 4082 -
1059 4033 1113 4099 Ex
1129 4033 1266 4100 adverso
1283 4034 1316 4097 in
1333 4029 1467 4098 Concil.

284 4161 371 4226 Trid.
394 4180 472 4228 sess.
496 4159 556 4243 23,
581 4181 656 4246 cap.
683 4162 703 4225 1
730 4160 781 4226 De
806 4159 871 4244 ref.
902 4160 957 4225 hic
986 4177 1164 4244 poenarum
1199 4155 1279 4223 ordo
1310 4157 1467 4222 statuitur

282 4288 439 4370 adversus
469 4289 629 4374 parochos
655 4307 719 4354 uon
743 4287 931 4362 residentes,
955 4306 1071 4371 nempe
1097 4284 1231 4356 «Quod
1257 4285 1373 4368 siper
1395 4283 1468 4350 edi·

284 4420 374 4482 ctam
397 4414 498 4489 citati,
523 4414 625 4480 etiam
648 4433 718 4481 aaa
728 4411 966 4499 personaliter,
985 4416 1200 4478 contumaces
1222 4409 1366 4494 fuerint,
1386 4407 1469 4475 tibe-
