3296 5108
828 619 941 685 Gerar
966 619 1026 685 llI.

370 795 416 850 DE
436 795 601 850 SINGULlS
621 795 1008 852 IRREGULARITATIBUS
1026 795 1127 856 Quen
1146 796 1226 848 SIVE
1247 795 1296 848 ax
1317 793 1483 848 DEFECTU

565 902 646 956 SIVE
666 903 714 957 Ex
737 902 889 956 DliLiGTO
908 901 1092 956 CONTRAHI
1113 901 1285 956 POSSUNT.

408 1065 458 1106 Huc
473 1061 539 1106 reler.
555 1063 590 1107 tit.
605 1064 640 1118 al,
656 1063 693 1108 lib.
710 1064 729 1118 1,
747 1065 769 1107 Χ
783 1069 807 1106 et
823 1063 855 1116 12;
871 1064 909 1108 lib.
926 1064 971 1107 lin
985 1065 999 1107 6
1012 1071 1035 1108 et
1051 1064 1084 1118 123
1099 1063 1137 1108 lib.
1153 1065 1182 1118 V,
1198 1065 1228 1116 X;
1242 1069 1266 1106 et
1280 1062 1290 1104 l
1307 1063 1345 1106 lib.
1360 1064 1380 1104 V
1394 1063 1417 1105 in
1431 1063 1452 1104 d.

340 1275 556 1332 summarium.
570 1306 603 1319 -
617 1278 677 1332 293.
691 1279 752 1340 Qua
766 1278 874 1332 ratione
893 1279 989 1332 eadem
1009 1278 1227 1348 irregularitatis
1245 1277 1351 1346 species
1367 1276 1517 1347 aliquando
1630 1279 1631 1282 ’

429 1401 463 1438 ex
485 1386 586 1438 delicto
609 1383 759 1455 aliquando
781 1402 814 1438 ex
834 1387 946 1457 defectu
965 1385 1118 1454 proveniat.
1136 1413 1173 1427 -
1191 1383 1252 1438 294.
1273 1384 1311 1438 De
1330 1384 1462 1452 bigamia
1482 1413 1516 1424 -
1630 1379 1631 1382 ’

429 1490 490 1544 295.
511 1491 549 1546 De
568 1490 717 1544 homicidio
736 1496 765 1546 et
783 1492 971 1547 mutilatione.

429 1689 504 1754 293.
530 1687 634 1756 Causa
657 1691 934 1775 irregularitatum
954 1692 1122 1774 proxima
1145 1691 1200 1764 uti,
1225 1712 1283 1756 suo
1306 1690 1388 1764 loco,
1413 1691 1515 1776 expli·

340 1816 483 1880 cavimus
513 1821 563 1882 est
593 1821 649 1882 aut
671 1816 821 1899 defectus
848 1817 963 1901 aliquis
986 1823 1041 1882 aut
1064 1818 1233 1884 delictum.
1260 1818 1332 1882 Una
1355 1816 1518 1912 etaltera

341 1959 437 2006 causa
469 1941 501 2005 iu
524 1940 587 2006 hoc
611 1943 824 2014 conveniunt,
849 1943 952 2026 quoad
976 1939 1143 2013 effectum,
1168 1948 1202 2007 ut
1226 1943 1454 2028 irregularitas
1478 1945 1519 2009 sit
1630 1951 1631 1980 l

341 2065 439 2151 qnasi
462 2062 658 2132 indocilitas
680 2087 737 2131 seu
768 2067 1048 2150 impedimentum
1071 2066 1112 2131 ad
1135 2089 1160 2132 s.
1185 2067 1315 2132 ordines
1338 2069 1516 2154 suscipien-

341 2188 399 2254 dos
423 2195 456 2254 et
477 2190 556 2256 hinc
572 2188 781 2256 exercendos.
799 2191 842 2255 At
855 2191 936 2255 nihil
960 2191 1109 2275 prohibet
1131 2193 1300 2276 quominus
1316 2192 1398 2257 idem
1417 2193 1518 2277 impe·
1630 2239 1631 2264 t

341 2314 515 2379 dimentum
540 2315 722 2380 immediate
738 2318 907 2401 proveniat
929 2317 998 2381 sive
1020 2336 1063 2382 ex
1079 2316 1211 2398 desecta
1227 2319 1295 2382 sive
1318 2337 1361 2383 ex
1385 2317 1517 2388 delicto,

341 2441 446 2524 prouti
464 2441 496 2503 in
512 2439 665 2505 membris
677 2441 807 2505 humani
821 2441 965 2526 corporis
982 2440 1198 2508 inhabilitates
1210 2441 1250 2506 ad
1266 2444 1415 2528 proprios
1427 2451 1519 2508 actus
1630 2431 1631 2512 ᾗ

341 2565 578 2629 contrahuntur
601 2565 653 2630 vel
677 2585 719 2630 ex
743 2565 871 2631 delectu
900 2567 1092 2632 naturaliter
1123 2567 1222 2631 indito
1245 2566 1297 2630 vel
1323 2588 1365 2632 ex
1389 2565 1520 2634 defectu

341 2691 435 2776 culpa
458 2691 622 2775 acquisito.
639 2692 764 2757 Verum
786 2691 911 2757 adverti
932 2693 1035 2774 debet,
1051 2693 1310 2778 irregularitates
1334 2713 1400 2757 non
1423 2693 1519 2758 intel-

341 2818 396 2903 ligi
424 2818 485 2881 nisi
509 2818 541 2880 in
566 2818 636 2882 iure
660 2836 831 2902 expressas
855 2817 911 2882 sed
938 2817 1124 2883 earumdem
1152 2838 1293 2884 cansam
1313 2819 1521 2902 pronimam
1630 2867 1631 2882 2

342 2943 536 3028 efficientem
561 2964 624 3009 non
648 2945 680 3007 in
705 2945 775 3008 iure
791 2945 975 3010 necessario
998 2945 1207 3010 determinari
1231 2944 1287 3010 sed
1305 2946 1464 3010 Doctores
1489 2948 1520 3010 in
1630 2995 1631 3034 g

341 3068 403 3132 ista
425 3065 668 3133 determinanda
690 3067 896 3132 adlaborasse
914 3067 995 3132 adeo
1018 3075 1053 3132 ut
1075 3067 1246 3152 aliquando
1270 3069 1334 3132 Du.
1353 3089 1419 3134 non
1443 3089 1520 3134 con·
1630 3057 1631 3138 i

342 3193 528 3259 venientia
553 3213 617 3258 una
640 3192 693 3256 vel
715 3193 819 3257 altera
837 3193 1007 3276 prosim
1031 3212 1128 3256 causa
1151 3191 1354 3276 assignanda,
1373 3195 1522 3276 quamvis

342 3317 566 3403 irregularitas
584 3319 617 3380 in
633 3318 705 3382 iure
722 3336 877 3410 eapressa
893 3319 942 3381 sit.
958 3317 1048 3382 Haec
1065 3318 1128 3382 Di).
1147 3317 1365 3382 discordantia
1381 3317 1523 3383 habetur

342 3447 376 3508 in
399 3443 591 3530 explicanda
613 3444 855 3529 irregularitate
878 3464 924 3509 en
947 3443 1107 3529 bigamia.

431 3571 507 3637 294.
533 3571 678 3656 Bigamia
700 3575 856 3653 quatenus
879 3575 929 3635 est
952 3589 1049 3636 causa
1071 3569 1348 3657 irregularitatis
1373 3572 1524 3636 consistit

342 3699 377 3762 in
399 3697 576 3764 iteratione
598 3698 800 3781 nuptiarum
824 3695 908 3760 unde
932 3685 1124 3780 irregularis
1141 3695 1298 3781 bigamus
1313 3696 1370 3760 ille
1394 3701 1446 3761 est
1471 3699 1522 3781 qui

343 3822 422 3887 duas
451 3822 635 3888 successive
666 3818 777 3885 habuit
810 3841 937 3885 uxores.
962 3819 1130 3885 Secundae
1159 3821 1290 3904 nuptiae
1314 3821 1413 3884 etiam
1438 3821 1523 3906 apud

343 3947 479 4032 gentiles
503 3945 631 4011 habitae
655 3949 729 4010 suut
751 3945 796 4009 uti
827 3945 932 4008 minus
959 3942 1124 4028 probatae,
1149 3943 1224 4025 quia
1247 3943 1298 4006 vir
1328 3944 1384 4026 qui
1418 3947 1525 4029 prima

345 4076 470 4136 mortua
493 4090 595 4136 uxore
619 4069 754 4134 alteram
774 4069 863 4134 ducit
886 4087 1031 4140 uxorem,
1048 4088 1107 4153 per
1130 4087 1175 4149 se,
1192 4067 1335 4132 animum
1359 4067 1526 4154 significat

344 4199 376 4260 in
392 4215 546 4262 venerem
563 4191 707 4265 effusum,
723 4199 757 4259 et
771 4193 847 4257 hinc
864 4197 995 4278 propter
1014 4192 1240 4276 suspicionem
1255 4192 1527 4262 incontinentiae

345 4339 364 4384 a
394 4320 526 4385 servitio
556 4318 649 4383 altari
682 4315 843 4382 arcendus
870 4323 928 4382 est.
955 4313 1062 4380 -Sed
1093 4316 1147 4381 hic
1173 4315 1319 4380 defectus
1351 4317 1525 4392 naturalis,
1630 4355 1631 4368 ι

343 4451 549 4532 posteaquam
572 4443 808 4509 matrimonium
836 4447 982 4507 evectum
1006 4442 1069 4507 luit
1091 4461 1111 4505 a
1135 4441 1264 4507 Christo
1288 4441 1324 4505 D.
1349 4441 1390 4505 ad
1416 4441 1528 4529 digni·
