3202 5104
322 277 389 346 230
843 300 926 348 elas
951 299 972 346 ν.

323 418 433 484 eadem
462 421 608 485 Ecclesia
634 420 719 486 uode
742 423 843 506 ipsum
868 423 1035 486 materiale
1059 419 1236 486 aedilicium
1269 403 1365 484 veluti
1400 419 1501 482 deho-

322 548 477 608 nestatur.
507 543 667 618 Quocirca
693 545 836 626 pollutio
869 547 991 610 Eccles.
1023 551 1072 610 est
1101 547 1224 630 species
1255 544 1453 610 cessationis
1483 563 1504 606 a

323 668 447 733 dimois
477 675 510 734 et
536 667 699 734 inducitur
729 689 788 754 per
818 675 910 735 certa
941 671 1078 734 crimina
1108 671 1181 752 ipso
1213 671 1288 736 iure
1317 669 1503 755 designata.

307 793 471 858 ‘Ecclesia
490 794 625 876 polluta
648 793 781 858 solemni
808 796 871 858 ritu
897 793 1153 860 reconcilianda
1169 801 1227 874 esi,
1249 801 1282 860 et
1306 795 1379 858 inde
1405 795 1504 858 resti-

324 918 443 983 tuenda
466 919 566 983 cultui
589 917 706 983 divino.
733 920 778 984 De
795 920 929 1004 singulis
953 918 1140 984 criminibus
1164 917 1250 984 unde
1268 919 1415 984 Ecclesia
1433 919 1503 1004 pol-

324 1043 424 1108 luitur
447 1043 632 1108 canonistae
656 1041 817 1108 disserunt
849 1045 880 1107 in
905 1044 1011 1109 titulo:
1038 1045 1086 1109 De
1110 1045 1361 1110 consonatione
1384 1045 1507 1110 Eccle-

324 1169 395 1234 siae
419 1169 470 1234 ecl
494 1169 638 1251 allaris;
663 1170 704 1233 cl.
730 1171 775 1234 De
799 1170 943 1255 Angelis,
970 1170 1001 1232 b.
1027 1175 1047 1234 t.
1072 1191 1105 1234 ra
1131 1171 1174 1252 4,·
1197 1177 1230 1235 et
1253 1191 1280 1235 c.
1297 1191 1324 1236 c.
1349 1171 1380 1243 4,
1408 1169 1444 1239 7,
1475 1171 1507 1244 9,

326 1294 377 1365 10,
395 1294 425 1356 b.
444 1299 464 1358 t.
482 1293 515 1356 X
528 1294 603 1376 (ΙΙΙ,
621 1293 676 1380 40)
693 1301 725 1360 et
741 1315 814 1378 cap.
831 1295 921 1361 unic.
937 1296 974 1358 io
998 1295 1021 1359 6
1044 1292 1117 1376 (ΙΙΙ,
1135 1295 1201 1379 21).
1229 1331 1245 1343 -
1272 1297 1370 1360 Casus
1394 1301 1507 1360 autem

325 1419 358 1480 in
389 1418 460 1480 iura
491 1419 636 1501 expressi
668 1425 742 1483 sunt
772 1425 955 1502 sequentes;
987 1419 1141 1502 siquidem
1170 1419 1317 1484 Ecclesia
1348 1417 1509 1504 polluitur

329 1539 358 1622 Ι)
382 1559 442 1624 per
457 1539 653 1624 sepulturam
672 1542 939 1606 excommunicati
964 1540 1104 1624 vitandi,
1130 1545 1184 1605 aut
1200 1542 1338 1605 hominis
1355 1539 1508 1625 infidelis

326 1683 382 1728 seu
399 1683 463 1728 non
487 1663 646 1749 baptizati,
660 1664 830 1729 dummodo
848 1665 900 1730 hic
917 1685 980 1728 uon
1005 1672 1153 1730 versetur
1170 1669 1201 1728 in
1219 1665 1506 1731 catechumenatu:

326 1789 359 1868 2)
385 1807 444 1872 per
475 1789 751 1854 consecrationem
777 1789 943 1854 Ecclesiae
972 1789 1011 1852 ab
1036 1791 1193 1876 Episcopo
1225 1791 1506 1854 excommunicato

326 1915 463 1982 vitando
488 1914 625 1988 iactam,
644 1915 688 1979 ita
712 1917 924 1980 communiter
948 1917 1011 1979 llll.
1037 1935 1106 2001 arg.
1132 1916 1184 1980 cit.
1211 1935 1285 1997 cap.
1311 1915 1333 1978 4
1357 1915 1388 1978 b.
1414 1922 1449 1984 l..
1477 1932 1504 1979 ar
1581 1891 1582 1920 ¹

326 2058 400 2122 cap.
424 2041 514 2104 unic.
538 2039 575 2104 in
599 2040 622 2103 6
645 2039 725 2105 eius.
751 2039 813 2121 tite
837 2037 870 2124 3)
894 2059 954 2124 per
985 2039 1190 2105 homicidium
1214 2039 1431 2103 voluntarium
1458 2041 1490 2100 di

327 2168 416 2226 recte
440 2163 594 2227 intentum
619 2165 677 2227 elsi
701 2162 827 2228 iustum
852 2165 937 2227 intra
956 2165 1056 2249 ipsam
1074 2163 1254 2230 Ecclesiam
1271 2169 1503 2248 perpetratum.

326 2289 385 2352 etsi
410 2294 663 2352 consummatum
687 2288 786 2352 luerit
801 2287 919 2370 absque
935 2289 1101 2372 sanguinis
1117 2283 1270 2352 effusione
1296 2307 1351 2352 seu
1375 2307 1503 2372 percus-

327 2413 416 2477 sione
440 2421 495 2477 aut
518 2407 737 2478 suffocatione.
757 2411 847 2478 Unde
863 2413 1016 2498 martyris
1032 2433 1157 2497 quoque
1172 2414 1290 2478 occisio
1307 2415 1340 2476 in
1357 2412 1503 2477 Ecclesia

327 2536 474 2618 admissa,
499 2538 591 2602 istam
615 2537 738 2621 polluit,
755 2538 813 2602 etsi
837 2538 953 2602 vulnus
977 2557 1077 2623 grave
1101 2543 1134 2602 ln
1159 2539 1307 2604 Ecclesia
1323 2539 1451 2602 feratur
1475 2543 1503 2600 et

327 2683 415 2728 mors
438 2669 533 2728 extra
556 2671 726 2746 sequatur;
751 2665 784 2748 4)
808 2683 867 2748 per
883 2664 1097 2728 voluntariam
1121 2665 1253 2729 humani
1268 2665 1400 2729 seminis
1422 2663 1501 2728 ellu—
1580 2655 1581 2736 )

1580 2757 1581 2780 r

328 2790 449 2852 sionem
474 2789 506 2851 in
530 2787 678 2852 Ecclesia
704 2788 823 2852 lacmm
847 2789 907 2853 etsi
932 2788 1013 2853 haec
1048 2787 1158 2854 habita
1179 2791 1221 2854 sit
1243 2809 1303 2874 per
1325 2789 1500 2874 legitimum

328 2913 530 2978 concubitum
554 2915 639 2978 inter
656 2915 761 2980 virum
785 2921 818 2978 et
840 2933 987 2978 uxorem.
1007 2951 1023 2961 -
1042 2914 1171 2979 Polluta
1187 2915 1334 2979 Ecclesia
1351 2913 1501 2998 polluitur

328 3057 452 3122 quoque
476 3039 722 3119 coemeterium,
747 3039 774 3102 si
798 3038 965 3103 Ecclesiae
989 3043 1037 3103 est
1060 3041 1265 3124 contiguum;
1297 3038 1353 3104 sed
1384 3038 1501 3123 polluto

328 3165 522 3230 coemeterio
546 3184 609 3229 non
633 3164 786 3249 polluitur
813 3165 962 3230 Ecclesia
985 3165 1129 3249 quamvis
1153 3167 1313 3250 contigua,
1339 3165 1413 3247 quia
1434 3181 1500 3226 coe

328 3291 496 3356 meterium
528 3295 576 3354 est
602 3291 817 3354 accessorium
842 3295 874 3353 et
896 3291 1112 3354 accessorium
1140 3291 1286 3372 sequitur
1317 3287 1499 3373 principale,

329 3437 393 3480 non
405 3415 583 3500 principale
595 3417 821 3486 accessorium,
835 3418 879 3479 ita
892 3415 1091 3481 Bonil.VIll
1104 3415 1329 3498 incapacia
1343 3415 1372 3478 b.
1388 3420 1408 3477 t.
1421 3411 1459 3476 ia
1470 3411 1499 3474 6.

419 3538 631 3606 Nihilominus
647 3546 681 3605 ut
697 3540 778 3604 haec
793 3539 931 3604 admissa
948 3540 1127 3606 Ecclesiam
1146 3539 1301 3625 polluant,
1319 3537 1499 3621 requiritur.
1579 3513 1580 3518 ἵ

328 3664 482 3730 eiusmodi
515 3665 651 3728 crimina
681 3684 751 3730 esse
782 3665 910 3749 publica
932 3671 965 3729 et
988 3665 1114 3730 notoria
1139 3665 1191 3728 vel
1222 3685 1282 3749 per
1313 3661 1500 3728 evidentiam

329 3789 405 3854 lacti
429 3789 481 3852 vel
505 3808 564 3873 per
589 3787 885 3853 condemnationem
911 3791 959 3853 rei
982 3788 1133 3862 confessi,
1157 3789 1209 3852 vel
1242 3808 1301 3873 per
1331 3787 1501 3872 legitimam

328 3915 472 3978 criminis
489 3913 709 3998 probationem
726 3915 759 3978 in
776 3911 901 3978 iudicio.
922 3949 938 3961 -
957 3917 1002 3981 At
1024 3915 1148 3980 crimen
1169 3913 1338 3980 occultum
1353 3913 1378 3976 si
1394 3917 1501 3996 postea

329 4036 384 4102 ilat
406 4037 591 4120 publicam,
617 4059 659 4102 ex
681 4037 744 4103 hoc
775 4045 920 4123 tempore
953 4039 1101 4104 Ecclesia
1131 4038 1268 4104 habetur
1302 4037 1425 4122 polluta.
1453 4035 1500 4099 (ΙΙ.

328 4163 627 4247 Schmalzgrueber,
654 4164 719 4228 ΙΙΙ.
744 4163 797 4228 De
821 4171 1003 4230 consecrat.
1029 4165 1199 4230 Ecclesiae
1223 4181 1256 4226 n.
1280 4163 1311 4226 8.
