3290 5100
527 339 571 385 un
595 337 750 384 numeris
775 337 816 384 sr
840 335 959 384 ruerus
1265 315 1329 382 501

152 460 306 540 rnissnrn,
322 459 492 542 (siquidem
509 457 580 524 fieri
598 461 703 526 solent
725 458 765 524 ad
789 463 914 524 certum
929 463 1054 544 tempus
1070 457 1335 544 prorogationes)

154 602 220 646 non
244 583 425 648 incurritur
449 603 598 649 censura.
624 584 654 648 V
657 603 749 649 erum
773 584 951 650 Concilium
975 583 1170 649 Vaticanum
1188 582 1335 666 quamvis

155 726 220 772 uon
236 706 424 789 absolutum,
442 727 506 772 non
523 713 628 794 potest
652 708 717 773 dici
740 707 843 773 solum
867 725 1069 791 maspcnsum
1084 707 1124 773 ab
1141 707 1334 792 gravitatem

155 832 457 918 impedimentorum
488 841 522 900 et
552 853 617 899 non
650 841 775 899 certum
805 834 1044 920 prorogationis
1074 839 1208 918 tempus,
1233 849 1336 915 quare

155 959 196 1023 ad
220 958 303 1025 idem
327 959 420 1025 modo
446 961 613 1045 appellare
647 963 770 1026 crimen
799 959 964 1025 constituit
990 957 1073 1043 quod
1104 959 1165 1023 hac
1196 975 1336 1024 censura

157 1083 389 1167 comprimitur.

248 1209 319 1273 Non
350 1209 496 1272 incurret
527 1227 666 1274 censura
695 1208 862 1294 appellans
890 1206 930 1271 ad
952 1205 1110 1289 fntnrnrn
1137 1204 1337 1292 Pontificem

157 1334 234 1416 quia
256 1334 320 1397 iam
343 1332 527 1399 admitteret
549 1338 737 1419 potestatem
769 1329 983 1418 primatialem
1006 1332 1126 1417 Papae.
1152 1339 1171 1380 ’-
1195 1328 1336 1396 Domum

159 1461 313 1524 notentur
329 1455 446 1522 verba:
471 1456 514 1524 ab
529 1456 802 1525 ordinationibus
817 1475 876 1523 sen
892 1455 1066 1522 mandatis
1081 1453 1180 1522 Rana.
1197 1453 1337 1539 Pontis„

107 1553 110 1560 Ι
158 1582 273 1667 quibus
290 1581 500 1669 significatur,
517 1583 571 1648 hic
587 1583 725 1668 intelligi
741 1601 807 1648 non
830 1588 922 1648 actus
937 1582 1103 1667 potestatis
1119 1580 1338 1668 lepistotioae,

158 1727 217 1773 seu
231 1708 332 1794 leges,
349 1714 468 1774 statuta
485 1708 541 1774 sed
557 1714 648 1775 actus
664 1709 831 1794 potestatis
847 1706 1144 1773 administratione
1165 1711 1198 1771 et
1221 1725 1340 1772 coean-

160 1832 249 1899 tioae
271 1852 330 1898 seu
353 1831 533 1906 iudicialis,
558 1831 631 1897 illos
653 1851 770 1917 nempe
794 1831 846 1915 qui
870 1833 989 1895 natura
1013 1833 1071 1895 sut
1094 1829 1214 1914 aliquid
1230 1828 1340 1895 iubent

161 1963 213 2027 vel
238 1961 418 2028 decernunt
441 1962 531 2027 circa
564 1960 688 2044 aliquos
719 1960 871 2045 singulos,
895 1959 948 2023 rel
971 1959 1110 2043 aliquam
1141 1957 1339 2045 peculiarem

162 2089 431 2168 communitatem,
440 2087 493 2152 vel
506 2091 630 2152 eertum
643 2085 830 2172 collegium.
840 2121 859 2134 -
869 2084 989 2150 Eadem
1004 2086 1130 2151 ratione
1143 2086 1341 2150 contrahunt

160 2213 246 2277 hanc
266 2232 435 2296 censuram
459 2212 512 2294 qai
536 2211 699 2282 auxilium,
718 2214 773 2275 aut
797 2209 975 2282 consilium,
994 2215 1049 2276 aut
1073 2207 1219 2274 favorem
1243 2227 1340 2294 prae·

108 2423 112 2432 ¹
160 2343 257 2419 stant,
282 2342 316 2402 ut
338 2337 527 2424 appelletur.
553 2337 704 2401 nimirum
732 2334 913 2419 complices
935 2335 1125 2402 necessarii.
1151 2333 1212 2401 Sed
1236 2350 1342 2421 poena

161 2467 251 2528 tenet
274 2462 504 2546 appellatione
527 2466 650 2528 secuta.
678 2461 725 2527 cf.
750 2458 961 2538 D'Annibale
989 2457 1116 2527 Conrrn.
1141 2461 1195 2526 cit.
1223 2481 1257 2526 n.
1282 2459 1339 2525 47.

51 2608 53 2614 ·
165 2585 236 2649 Hoc
269 2582 458 2670 significant·
486 2584 541 2649 illa
576 2582 698 2650 verba:
734 2603 883 2668 quornm
918 2584 1093 2651 anxilio...
1130 2581 1341 2666 appellatum

160 2706 277 2792 faerit,
294 2728 375 2792 quae
398 2713 545 2794 spectant
568 2708 609 2773 ad
631 2708 804 2794 complices
829 2729 885 2774 seu
903 2709 1117 2783 consulentes,
1135 2693 1341 2786 auxiliantes,

165 2833 328 2906 foventes:
352 2853 414 2898 nec
437 2853 501 2897 non
526 2832 565 2897 ad
589 2833 789 2919 appellantes
812 2833 908 2918 ipsos.
926 2832 988 2898 Sed
1007 2831 1184 2897 attenditur
1206 2836 1341 2912 tantum,

163 2956 267 3041 quoad
291 2958 599 3024 consummationem
615 2957 769 3038 criminis,
786 2956 958 3043 appellatio
973 2961 1097 3028 secata,
1115 2975 1179 3021 non
1195 2975 1275 3020 vero
1291 2975 1344 3041 ap·

164 3081 346 3167 pellationis
362 3078 494 3147 effectus
510 3087 648 3155 secutus,
664 3101 756 3148 secus
771 3101 912 3146 censura
927 3101 1089 3165 uunquam
1106 3082 1341 3160 incurreretur.

255 3205 316 3280 Qui
339 3225 420 3270 vero
443 3205 625 3280 auaritiam,
641 3204 816 3288 sanorem«
831 3206 1020 3276 consilinm.
1046 3223 1145 3288 opern
1163 3209 1345 3290 praestant

166 3335 199 3392 et
221 3327 307 3412 aliud
329 3333 431 3414 agunt
455 3335 666 3414 cooperantes
690 3331 723 3394 in
748 3331 882 3402 crimen,
907 3327 1065 3413 quomodo
1088 3328 1122 3392 hi
1146 3347 1257 3394 omnes
1280 3329 1344 3393 sint

166 3450 346 3532 complices
359 3450 538 3518 necessarii
553 3457 586 3517 et
602 3452 635 3515 in
651 3471 788 3536 quonam
801 3450 957 3516 consistat
968 3450 1050 3515 haec
1063 3451 1230 3521 correitas,
1245 3450 1345 3534 expli·

167 3575 312 3640 cavimus
335 3594 434 3660 supra
455 3595 488 3639 n.
514 3574 562 3640 42
585 3595 634 3660 sq.
660 3579 692 3641 et
714 3575 778 3640 huc
801 3576 996 3640 remittimus
1018 3575 1185 3640 lectorem.

256 3696 339 3771 Quia
362 3695 661 3779 excommunicatio,
686 3703 796 3784 utpote
824 3699 956 3784 proprie
986 3717 1135 3769 censura,
1159 3693 1258 3761 afficit
1284 3693 1346 3760 sin·

167 3817 270 3903 gulos,
294 3837 351 3882 seu
374 3838 529 3903 personas
544 3819 708 3905 physicas,
726 3839 791 3886 non
808 3839 965 3906 personas
981 3819 1130 3890 morales,
1146 3817 1246 3882 veluti
1264 3819 1346 3903 ca'pi-

167 3941 245 4015 tula,
263 3942 410 4028 collegia,
428 3944 461 4007 in
478 3943 537 4008 has
552 3963 708 4029 personas
724 3944 822 4028 latum
843 3947 891 4008 est
902 3942 1122 4008 interdictum:
1139 3941 1222 4026 quod
1237 3943 1345 4008 Const.

169 4064 287 4148 Apost.
312 4065 411 4131 Sedis
440 4065 501 4132 snb
524 4086 557 4131 n.
584 4067 616 4139 8,
641 4067 684 4132 de
706 4066 894 4133 interdictis
924 4067 970 4130 ita
1001 4065 1171 4132 deceruit:
1194 4087 1212 4128 a
1236 4067 1348 4132 inter·

168 4187 296 4254 dictam
313 4187 470 4256 Romano
486 4189 645 4276 Pontifici
667 4189 808 4273 speciali
830 4189 932 4256 rnodo
955 4194 1167 4255 reservatam
1182 4189 1256 4272 ipso
1271 4189 1349 4256 inre

168 4311 361 4386 ineam-ont,
386 4313 632 4387 universitates,
658 4313 797 4400 callepio
820 4319 851 4379 ct
875 4312 1034 4396 capitata,
1056 4332 1270 4398 quocumque
1291 4332 1350 4380 no

163 4434 263 4503 'mine
292 4445 551 4523 nuncupentur,
583 4438 626 4506 ab
657 4438 930 4506 ordinationibus
964 4457 1024 4506 sen
1057 4439 1231 4504 mandatis
1261 4438 1349 4505 eins·
