3312 5108
566 319 610 364 ns
635 317 788 364 nemoris
813 317 855 362 sn
879 313 999 361 POENIS
1325 293 1369 360 55

192 463 289 510 causa
320 464 339 508 a
365 447 478 530 poenis
505 464 675 518 excusans
700 463 815 528 nempe
835 443 1019 528 ignorantia
1042 445 1097 506 aut
1125 459 1230 504 error.
1259 439 1368 512 Quan-

191 571 360 655 doquidem
385 591 481 636 error
505 576 552 636 est
582 571 706 657 species
736 570 938 655 ignorantiae
969 565 1024 632 sed
1056 585 1119 630 non
1152 571 1201 630 est
1231 564 1368 648 simplex

191 699 199 760 i
247 699 383 762 orantia.

202 717 245 782 gn
279 819 399 884 Suarez
412 854 428 867 ·
442 819 493 884 De
505 817 634 904 lepibnc
647 851 665 866 ·
679 816 724 886 L..
744 815 778 890 V,
797 837 824 882 c.
843 813 913 879 XII
928 833 1089 898 quaerens
1106 835 1123 874 e
1139 811 1259 877 Utrum
1275 811 1368 894 ipno·

188 943 306 1008 rantia
322 949 462 1008 excercet
480 961 629 1024 poenam
647 942 729 1028 lepis
746 963 763 1004 »
782 940 876 1005 docet
891 939 958 1004 sub.
978 959 1007 1002 n.
1029 938 1057 1001 l.
1073 957 1090 999 r
1106 937 1244 1023 Oportet
1259 940 1366 1000 autem

188 1067 361 1132 nonnullas
376 1066 597 1132 distinctiones
614 1066 817 1152 ignorantiae
833 1084 912 1150 prae
924 1063 1026 1128 oculis
1039 1061 1161 1126 habere
1174 1079 1255 1143 quae
1271 1060 1366 1126 latius

187 1192 224 1254 in
253 1189 290 1254 T.
316 1192 350 1262 2,
375 1211 407 1275 q.
432 1192 455 1254 6
479 1199 509 1256 et
533 1191 580 1254 76
602 1189 786 1255 traduntur.
813 1189 892 1252 Nam
915 1206 958 1251 ex
982 1191 1074 1272 parte
1106 1183 1190 1278 modi
1222 1187 1270 1246 est
1299 1183 1364 1246 vul·

187 1319 275 1400 garis
299 1316 461 1380 distinctio
485 1317 686 1401 ignorantiae
710 1315 743 1379 in
763 1312 976 1396 probabilem
1001 1331 1082 1394 quae
1105 1307 1309 1375 invincibilis
1332 1311 1365 1374 et

186 1440 404 1526 inculpabilis
427 1449 460 1508 et
483 1443 683 1509 antecedens
706 1419 769 1507 dici
792 1441 889 1516 solen
914 1441 1002 1504 etin
1026 1435 1283 1520 improbabilem
1307 1455 1365 1501 seu

186 1567 389 1650 culpabilem
413 1572 468 1632 aut
494 1567 685 1634 vincibilem
708 1587 764 1632 seu
791 1531 1051 1650 consequentem
1071 1562 1364 1646 (concomitantem

185 1695 294 1755 autern
317 1691 428 1754 omitto
451 1692 525 1774 quia
549 1690 679 1754 otialis
710 1697 768 1770 est,
794 1709 865 1753 mea
896 1689 1064 1758 sententia,
1097 1705 1202 1770 neque
1232 1691 1364 1750 accusat

185 1832 289 1896 neque
313 1823 449 1878 excusat
465 1815 568 1897 quoad
585 1815 783 1878 exteriorem
806 1812 925 1896 actum)
950 1811 1008 1896 (i).
1034 1811 1122 1876 Solet
1144 1813 1251 1874 antem
1276 1811 1363 1893 igno

185 1939 291 2002 rantia
310 1935 480 2032 ⁴‘culpabilis
504 1937 656 2024 distingui
673 1940 706 2003 in
721 1939 922 2022 affectatam,
947 1955 1101 2002 massam
1117 1940 1149 1998 et
1163 1933 1363 2020 generaliter

183 2059 382 2124 viricibilcm.
407 2059 632 2125 Veruntamen
656 2059 696 2124 de
719 2062 875 2144 affectato
899 2059 944 2143 (2)
969 2077 1033 2122 non
1055 2060 1172 2142 loquor
1187 2058 1260 2141 quia
1280 2056 1361 2120 nihil

182 2187 335 2256 excusam
359 2184 462 2247 omnis
484 2203 564 2248 vero
588 2184 659 2265 alia,
684 2185 710 2248 si
734 2184 806 2248 talis
829 2184 879 2256 sit,
903 2188 939 2246 ut
969 2201 1033 2245 non
1065 2186 1198 2245 excuset
1221 2199 1241 2242 a
1264 2178 1359 2264 culpa

183 2305 319 2376 mortali,
345 2324 462 2372 erasm
485 2311 518 2371 et
539 2307 665 2390 supino
689 2309 721 2370 in
745 2308 932 2372 universum
964 2307 1025 2372 dici
1056 2311 1176 2392 potest:
1200 2307 1227 2370 si
1251 2310 1358 2369 autem

182 2431 284 2495 solum
306 2430 425 2496 habeat
448 2431 623 2497 admixtam
648 2433 877 2518 negligentiam
900 2434 1060 2496 venialem
1083 2451 1148 2496 non
1172 2437 1221 2496 est
1247 2431 1359 2515 culpa·

183 2550 261 2626 bilis,
294 2554 355 2618 nisi
386 2554 562 2620 secundum
594 2555 668 2638 quid
701 2559 853 2637 recteque
885 2554 1002 2618 dicitur
1032 2553 1230 2640 ignorantia
1265 2555 1357 2618 leuis.

182 2677 310 2762 Loquor
333 2685 440 2746 autem
465 2680 659 2766 theologica·
683 2699 757 2743 nam
781 2681 914 2744 iuristae
938 2680 969 2743 in
994 2679 1141 2744 ordinem
1164 2679 1205 2742 ad
1235 2679 1359 2761 aliquos

179 2799 314 2870 effectus
339 2806 417 2870 iuris
440 2807 536 2871 aliter
559 2806 664 2870 solent
686 2807 773 2870 hanc
796 2807 1012 2890 ignorantiam
1035 2803 1227 2890 culpabilem
1250 2803 1358 2867 distin·

180 2949 280 3014 gnere
304 2931 337 2994 in
362 2931 450 2996 illam
473 2951 555 3016 quae
579 2952 621 2996 ex
645 2934 724 3007 lata,
750 2933 814 2997 leui
842 2933 895 2997 vel
928 2931 1096 2997 leuissima
1127 2931 1222 3015 culpa
1241 2950 1357 3014 proce·

178 3051 223 3116 dit
246 3058 308 3117 etc.
325 3075 356 3117 ».
381 3057 446 3119 Nos
469 3055 508 3120 de
533 3055 593 3120 hac
617 3015 1093 3142 tffiidsdis'tinctione'culpae
1108 3073 1241 3139 agemus
1256 3055 1358 3140 expli·

179 3183 289 3241 cantes
312 3179 554 3261 qnasi-delicta.
573 3216 588 3228 -
605 3181 819 3265 Prosequitur
835 3181 953 3246 Suarez
982 3181 1159 3248 «Ulterius
1190 3199 1232 3245 ex
1264 3186 1357 3266 parte

178 3303 225 3366 rei
247 3303 418 3387 ignoratae
441 3311 546 3390 potest
568 3307 639 3372 dari
670 3309 855 3392 ignorantia
879 3307 931 3371 vel
962 3308 1058 3373 totius
1089 3306 1171 3392 legis
1194 3311 1227 3373 et
1249 3307 1356 3391 prohi-

178 3423 303 3491 bitionis
327 3427 396 3491 eius
423 3429 475 3492 vel
499 3429 598 3494 solius
621 3449 754 3514 poenae,
772 3435 807 3494 ut
821 3429 948 3512 quando
965 3432 1035 3515 quis
1051 3450 1115 3494 non
1139 3431 1268 3515 ignorat
1285 3449 1355 3496 esse

177 3548 382 3633 prohibitum,
406 3573 436 3616 r.
462 3574 492 3638 g.
518 3553 613 3619 hodie
645 3555 815 3620 comedere
846 3575 972 3636 carnes,
1002 3557 1130 3640 ignorat
1160 3561 1268 3619 tamen
1300 3554 1355 3619 ali-

176 3691 269 3755 quam
286 3693 458 3740 censuram
475 3679 527 3743 vel
543 3698 679 3764 poenam
695 3701 766 3746 esse
782 3681 828 3744 illi
844 3686 978 3765 peccato
993 3680 1162 3745 adnexam.
1180 3681 1223 3746 Et
1238 3679 1354 3745 deinde
1388 3683 1393 3701 '

175 3795 301 3878 quando
325 3800 495 3883 ignoratur
517 3799 691 3886 prohibitio
714 3805 812 3889 ipsius
834 3804 916 3888 legis
940 3803 1109 3876 humanae,
1134 3808 1241 3888 potest
1262 3808 1354 3869 actus

175 3940 245 3986 esse
267 3923 349 3987 alias
372 3926 549 3992 intrinsece
573 3929 675 3994 malus
700 3930 752 3994 vel
767 3929 876 3994 divina
891 3927 964 4014 lege
980 3929 1171 4014 prohibitur,
1188 3929 1271 4013 quod
1287 3949 1352 3994 non

261 4114 301 4186 (l)
318 4114 509 4172 concomitans
522 4134 555 4172 ea
568 4124 612 4174 est
624 4136 695 4190 quae
708 4121 834 4190 quamvis
850 4122 931 4176 modo
944 4121 1085 4191 deceperit
1097 4123 1219 4176 animum
1233 4122 1352 4191 agentis,

171 4217 261 4274 nihilo
279 4221 380 4288 secius,
399 4225 452 4278 etsi
464 4241 518 4279 non
529 4227 676 4294 extitisset,
696 4227 826 4283 voluntas
840 4230 868 4282 in
882 4227 962 4284 illum
981 4233 1073 4284 actum
1088 4248 1117 4285 se
1130 4231 1349 4285 determinasset.

262 4329 303 4398 (2)
317 4328 393 4382 Intra
406 4331 607 4400 explicabimus
626 4350 712 4404 quare
732 4334 800 4390 haec
813 4337 953 4391 sententie
972 4337 1012 4390 ita
1031 4337 1157 4392 absolute
1170 4337 1352 4406 pronunciata

171 4433 255 4502 recipi
274 4451 331 4489 non
351 4437 445 4505 possit.
