3296 5108
332 277 398 345 386
853 297 937 346 rans
961 297 985 344 1.

332 421 407 488 dum
431 428 464 490 et
485 428 748 494 consummatum.
766 423 835 487 sive
859 427 937 488 onte
952 423 1022 487 sive
1035 429 1112 506 post
1134 423 1337 512 baptismum,
1355 423 1510 507 siquidem

331 549 568 613 matrimonium
601 566 665 611 non
695 551 744 612 est
774 547 921 612 absolute
942 545 1176 642 indissolubile
1206 550 1267 614 uisi
1291 549 1332 614 sit
1355 568 1511 618 comm-

330 676 473 738 matum.
497 672 573 737 Sola
595 673 681 737 enim
705 671 937 737 consummatio
960 671 1072 757 explet
1097 673 1368 738 sacramentalem
1392 670 1512 760 signifi-

331 799 495 864 cationem
527 799 653 864 unionis
676 797 796 864 Christi
826 817 899 863 cum
923 799 1081 872 Ecclesia,
1106 800 1152 864 uti
1184 800 1328 884 explicat
1356 801 1511 865 Innocen-

330 925 394 990 tius
410 924 472 1004 ΙΙΙ,
488 925 525 990 in
542 943 615 1007 rap.
632 924 666 1005 5,
684 923 716 988 b.
735 929 754 988 t.
773 923 859 989 Hinc
882 923 1008 988 etiamsi
1031 925 1084 989 vir
1102 929 1271 989 constante
1294 925 1508 1004 matrimonio,

330 1047 411 1111 elias
434 1047 589 1112 mulieres
613 1052 787 1132 eognoscat
809 1047 937 1114 solutas
953 1047 1004 1112 vel
1029 1047 1217 1130 copulatas,
1232 1053 1341 1112 tamen
1364 1046 1512 1133 bigamus

330 1191 374 1237 ex
395 1170 536 1257 bigamia
558 1190 640 1238 tiara
663 1190 729 1236 nou
760 1169 917 1246 efficitur;
941 1171 1087 1256 quamvis
1110 1193 1153 1238 ex
1176 1172 1239 1238 alio
1269 1175 1385 1259 capite,
1409 1173 1510 1239 veluti
1624 1153 1625 1178 ³

330 1318 373 1363 ex
394 1296 529 1362 infamia
550 1296 643 1377 facti,
668 1296 860 1382 irregularis
883 1293 955 1362 fleri
979 1297 1087 1382 possit.
1105 1296 1239 1374 Quando
1255 1299 1297 1363 sit
1310 1298 1402 1364 locus
1418 1298 1511 1385 biga·
1624 1355 1625 1386 p

329 1423 412 1487 miae
434 1420 711 1504 interpretatione
734 1419 822 1485 inira
844 1420 997 1487 dicemus.
1013 1421 1061 1488 Gi.
1086 1422 1350 1496 SuarerLlX,
1379 1424 1408 1497 l,
1434 1423 1509 1488 Pir·
1624 1413 1625 1430 ¹

329 1547 418 1632 hing.
444 1545 475 1610 b.
500 1551 521 1610 t.
544 1566 578 1610 n.
603 1545 647 1628 113
678 1545 813 1632 Smalzg.
839 1546 871 1610 b.
896 1551 917 1612 t.
940 1565 973 1610 n.
998 1545 1046 1628 2,·
1077 1544 1198 1610 Bened.
1231 1547 1315 1611 XIV
1339 1545 1394 1614 De
1425 1547 1508 1634 Syn.

328 1670 428 1746 ΧΙΙΙ,
452 1671 510 1745 21,
534 1669 568 1735 t.

417 1793 492 1860 297.
518 1795 664 1881 Bigamia
686 1796 943 1879 interpretativa
965 1795 1105 1860 habetur
1120 1815 1193 1862 cum
1210 1815 1274 1862 non
1290 1802 1383 1861 extat
1400 1798 1510 1883 reipsa

326 1919 501 1985 secundum
526 1919 709 2005 coniugium
732 1918 894 1994 ualidum,
919 1925 1202 1994 conmmmatum,
1226 1919 1283 1984 sed
1313 1919 1366 1984 vel
1397 1940 1508 1985 unum

327 2045 417 2107 extat
439 2041 580 2106 validum
609 2047 864 2108 consummatum
886 2051 920 2108 et
942 2043 1090 2108 atterum
1112 2041 1278 2109 dumtaxat
1300 2047 1506 2115 attentatum,

326 2165 380 2230 uel
403 2185 444 2230 ne
460 2184 569 2230 unum
592 2165 719 2248 quidem
743 2164 887 2230 habitum
904 2172 953 2231 est
968 2167 1163 2253 coniugium,
1180 2166 1236 2232 sed
1252 2186 1295 2231 ex
1310 2171 1406 2252 parte
1421 2165 1507 2232 istud

325 2291 513 2356 attentantis
531 2295 677 2373 propter
700 2293 858 2374 affectum
880 2288 1076 2357 intentionis
1099 2309 1177 2356 cum
1200 2308 1302 2373 opere
1317 2289 1506 2364 subsecuto,

324 2431 395 2482 non
413 2419 558 2499 propter
580 2415 747 2498 defectum
770 2415 985 2491 sacramenti,
1003 2416 1048 2480 uti
1071 2415 1214 2499 loquitur
1238 2415 1449 2481 Innocentius
1472 2416 1506 2480 in

325 2558 395 2624 cap.
419 2541 450 2620 4,
475 2539 507 2603 h.
531 2543 565 2620 t,
596 2540 742 2624 sequitur
771 2540 1005 2625 irregularitas.
1031 2541 1076 2605 At
1097 2540 1243 2625 apprime
1266 2538 1505 2614 consideretur,

324 2663 387 2728 hoc
410 2663 539 2749 operari
561 2681 626 2728 non
656 2663 832 2729 veritatem
854 2663 911 2728 sod
939 2664 1017 2729 iuris
1046 2663 1224 2749 fictionem,
1248 2665 1413 2747 quocirca,
1439 2682 1505 2728 non

324 2787 426 2853 solum
457 2788 532 2872 quia
560 2807 731 2854 versamur
753 2791 787 2853 in
811 2788 938 2862 odiosis,
962 2787 1019 2854 sed
1050 2789 1224 2874 praecipue
1253 2789 1329 2872 quia
1351 2788 1506 2873 fictiones

322 3031 471 3102 respondet
493 3031 520 3085 S.
539 3032 713 3102 Augustinus
738 3051 798 3087 can.
817 3033 846 3100 2,
865 3033 928 3086 dist.
946 3031 997 3086 26.
1016 3030 1355 3101 ‹Acutiusintelligunt
1379 3031 1429 3102 qui
1451 3045 1504 3085 nec

323 3156 387 3194 eum
405 3139 453 3210 qui
472 3139 689 3194 catechumenus
707 3155 741 3194 ac
760 3157 885 3210 paganus
903 3139 1002 3194 hebuit
1014 3139 1133 3194 alteram
1148 3139 1297 3208 (uxorem),
1316 3139 1502 3194 ordinandum

322 3250 498 3311 censuerunt,
517 3245 634 3317 quiade
653 3251 829 3301 sacramento
842 3247 936 3316 agitur
953 3262 1009 3301 non
1028 3245 1062 3300 de
1081 3250 1204 3316 peccato.
1222 3244 1294 3300 Nam
1313 3246 1343 3300 in
1362 3245 1503 3316 baptismo

323 3355 438 3422 peccata
456 3351 551 3406 omnia
571 3351 751 3408 dimittuntur
770 3355 799 3407 at
817 3353 864 3423 qui
883 3352 954 3407 dixit
970 3364 989 3409 c
1005 3353 1034 3406 Si
1053 3355 1183 3424 nupserit
1201 3353 1281 3422 sirpo
1299 3369 1356 3406 noa
1371 3363 1503 3423 peccat)

321 3459 391 3512 eatis
415 3457 578 3524 declaravit,
598 3458 710 3528 nuptias
734 3474 790 3514 uon
809 3475 870 3514 esse
888 3462 1042 3528 peccatum.
1061 3457 1180 3528 Propter
1205 3458 1387 3512 sanctitatem
1406 3463 1500 3513 autem

321 3563 488 3620 sacramenti
501 3565 574 3619 sicut
586 3565 708 3620 foemina
721 3565 744 3618 si
758 3563 958 3620 catechumena
970 3565 1071 3620 vitiata
1084 3569 1136 3631 est,
1145 3580 1200 3620 non
1214 3567 1308 3635 potest
1320 3569 1383 3634 post
1396 3564 1502 3634 baptis·

321 3689 397 3726 mum
415 3671 489 3726 inter
508 3671 557 3727 Dei
576 3672 700 3741 virgines
718 3673 890 3735 consecrari;
909 3673 950 3726 ita
968 3688 1024 3728 non
1043 3671 1160 3728 absurde
1180 3673 1270 3726 visum
1290 3675 1343 3737 est,
1357 3673 1499 3742 tipasam

320 3795 377 3833 noa
391 3795 524 3850 peccasse
542 3778 590 3834 aed
603 3794 726 3834 scaurus
738 3794 924 3834 secatunurr
936 3794 1075 3846 taraiasa,
1090 3795 1145 3834 non
1158 3779 1192 3833 ad
1204 3779 1280 3834 vitae
1297 3779 1439 3846 meritum,
1452 3777 1499 3835 sad

321 3884 355 3938 ad
374 3885 556 3940 ordinationis
575 3886 781 3940 ecclesiasticae
799 3885 976 3956 sipunculum
993 3884 1179 3940 necessariam
1198 3899 1223 3941 a.
1243 3882 1331 3937 Porro
1351 3889 1498 3954 postquam

320 3988 528 4042 matrimonium
553 3993 680 4044 evectum
704 3989 759 4043 fuit
784 3988 818 4043 ad
841 3988 1008 4057 dignitatem
1030 3987 1207 4054 sacramenti,
1226 3987 1311 4043 huius
1328 4003 1431 4041 nomia
1449 4001 1499 4040 seu

319 4095 438 4148 matema
456 4097 486 4148 et
503 4093 672 4162 significatio
691 4097 734 4148 est
753 4094 812 4162 ipse
831 4095 991 4147 contractus
1010 4090 1154 4156 naturalis,
1176 4091 1224 4164 qui
1244 4108 1333 4163 aeque
1353 4091 1498 4162 perficitur

319 4201 355 4254 ab
374 4199 486 4255 homine
505 4199 617 4255 ethnico
637 4205 665 4255 at
684 4218 701 4254 a
720 4199 882 4266 christiano,
894 4199 1022 4271 quamvis
1039 4199 1111 4270 apud
1129 4199 1258 4255 ethnicos
1276 4198 1322 4254 bic
1335 4203 1499 4254 contractus

320 4321 376 4360 non
400 4307 540 4376 pertingat
565 4306 598 4360 ad
624 4307 761 4361 rationem
786 4307 962 4374 sacramenti,
981 4322 1037 4361 non
1055 4322 1090 4361 ex
1109 4305 1219 4361 defectu
1240 4309 1376 4361 materiae
1396 4304 1443 4360 sed
1462 4321 1498 4359 ex

319 4413 429 4468 defectu
448 4415 583 4486 baptismi.
