3290 5100
537 323 582 369 na
606 321 759 370 nnnrcrrs
783 322 826 368 nr
849 320 969 367 renuis
1283 300 1347 364 487

265 444 387 512 Libros
417 445 565 512 minacis
593 444 743 512 auctoris
767 462 835 528 per
863 442 1066 526 apostolicas
1088 441 1216 508 litteras
1237 442 1349 509 nomi-

175 571 286 636 natim
304 571 494 655 prohibitos
508 571 580 635 illos
594 571 812 656 intelligimus,
830 590 908 655 quos
923 588 989 633 non
1003 587 1064 654 per
1085 569 1278 655 rescriptum
1294 567 1350 632 ali·

177 695 270 760 cuius
293 694 324 761 S.
342 695 440 781 Cong.
458 695 597 760 damnati
621 699 696 760 sunt
717 693 772 760 sed
787 713 847 780 per
862 693 988 758 litteras
1011 696 1163 778 quaeant
1185 693 1219 756 in
1242 692 1348 758 forma

178 822 295 887 Bullae
316 827 372 886 aut
395 822 510 888 Brevis
541 826 597 886 aut
619 819 819 907 Encyclicae
841 818 881 884 ab
912 821 980 905 ipso
1007 820 1097 904 Papa
1127 819 1233 884 editae
1263 824 1346 884 sunt.

179 943 359 1008 Praeterea
378 943 564 1026 requiritur,
581 941 699 1007 librum
715 961 786 1008 esse
800 940 1003 1008 nominatim
1027 939 1209 1006 damnatum
1232 943 1265 1004 et
1286 938 1348 1005 sub

166 1087 284 1151 poena
299 1068 671 1150 eacommunieationic
689 1087 771 1152 quae
786 1065 921 1154 proinde
937 1068 970 1131 vi
985 1067 1081 1132 huius
1097 1067 1225 1132 Decreti
1241 1067 1348 1132 Geno-

167 1193 247 1258 ralis
270 1191 306 1257 fit
328 1195 500 1286 reservata
523 1191 554 1258 S.
572 1189 733 1258 Pontifici.
758 1191 806 1258 Oi.
831 1191 871 1257 cl.
889 1191 1043 1264 Gennari,
1063 1208 1100 1274 p.
1127 1190 1182 1256 98.

257 1316 332 1382 419.
357 1319 442 1384 Aur.
468 1317 521 1382 48.
548 1337 566 1380 a
588 1316 651 1388 Qui
674 1315 747 1382 sine
773 1315 950 1382 Ordinarii
966 1314 1211 1398 approbatione
1228 1313 1349 1380 Sacra·

163 1461 246 1508 rum
262 1441 523 1527 Scripturarnm
539 1441 642 1508 libros
658 1443 709 1508 aet
724 1442 925 1508 earumdem
941 1439 1176 1506 adnotationes
1191 1417 1243 1505 oet
1256 1457 1348 1506 com·

167 1568 351 1636 meritorios
372 1567 576 1652 imprimant
598 1569 649 1634 oet
664 1567 819 1651 imprimi
833 1567 976 1650 famant,
996 1565 1151 1632 incidant
1165 1564 1239 1648 ipso
1255 1563 1346 1645 facto

164 1690 203 1755 in
226 1667 611 1758 ercammanicationem
636 1688 766 1755 nemini
788 1692 998 1755 reservatam
1015 1709 1045 1752 >.

257 1814 333 1880 420.
356 1814 447 1879 Haec
463 1833 602 1880 censura
619 1813 787 1898 desumpta
798 1818 848 1878 ost
860 1832 880 1877 a
892 1812 998 1877 Gonst.
1012 1811 1226 1895 Apostotieue
1240 1811 1345 1894 Sedis,

164 1957 249 2022 quae
265 1941 309 2004 ita
325 1941 470 2006 coercuit
485 1960 656 2006 censuram
680 1940 778 2004 latam
802 1941 834 2005 in
860 1939 956 2005 Conc.
982 1938 1069 2003 Trid.
1097 1939 1271 2003 «Praeter
1287 1938 1346 2003 hos

166 2066 325 2132 hactenus
338 2068 524 2140 recensitos,
538 2087 593 2133 eos
606 2087 732 2153 quoque
745 2086 828 2151 quos
840 2067 1088 2133 sacrosanctum
1102 2066 1222 2133 concil.
1236 2065 1345 2131 Trid...

165 2194 471 2267 excommunicavit,
503 2194 568 2260 Nos
596 2194 720 2279 pariter
744 2193 789 2258 ita
812 2192 1106 2259 excommunicatos
1137 2213 1207 2259 esse
1238 2193 1346 2258 decla·

165 2334 296 2392 ramus3
328 2321 465 2402 excepta
496 2317 709 2384 anathematis
738 2336 841 2401 poena
871 2319 904 2382 in
935 2319 1072 2383 Decreta
1104 2318 1187 2384 Sess.
1214 2318 1273 2394 1v,
1297 2318 1347 2384 De

164 2437 314 2504 editione
330 2442 363 2504 et
375 2457 442 2504 asu
454 2435 644 2504 Sacrorum
660 2437 846 2504 Librorum
862 2440 1044 2514 constituta,
1062 2439 1117 2506 cni
1127 2441 1202 2507 illos
1215 2445 1347 2506 tantam

164 2560 338 2626 subiacere
350 2561 498 2626 volumus
510 2562 563 2646 qui
579 2560 680 2627 libros
693 2561 732 2626 de
745 2560 842 2626 rebus
859 2563 961 2626 sacris
976 2565 1153 2628 tractantes
1169 2564 1238 2628 sine
1250 2561 1344 2628 Ordi-

165 2687 250 2751 narii
274 2686 507 2773 approbatione
531 2667 718 2772 imprimunt
733 2691 789 2752 aut
804 2688 944 2773 imprimi
960 2687 1084 2752 iaciunt
1099 2709 1130 2750 s.
1147 2687 1179 2754 S.
1197 2685 1346 2754 Officium

163 2811 221 2879 die
243 2811 296 2876 22
317 2811 472 2878 Decemb.
495 2812 588 2878 1880
617 2833 747 2878 sensum
775 2813 951 2878 verborum
982 2813 1025 2878 de
1047 2812 1148 2880 rebus
1170 2814 1280 2880 saeris
1302 2814 1348 2881 ita

165 2939 360 3025 explicavit:
388 2935 615 3005 ‹Censuram
645 2937 775 3005 nemini
805 2943 1015 3005 reservatam
1038 2935 1192 3004 inflictam
1217 2939 1347 3024 eisqui

165 3065 271 3132 libros
293 3065 336 3132 de
365 3063 469 3132 rebus
490 3065 599 3131 saeris
622 3069 805 3131 tractantes
827 3067 896 3129 sine
921 3063 1087 3132 Ordinarii
1115 3065 1346 3150 approbatione

166 3187 356 3274 imprimunt
385 3191 441 3252 aut
472 3186 612 3272 imprimi
637 3186 770 3258 iaciunt,
799 3185 1058 3271 restringendam
1089 3206 1160 3252 esse
1183 3187 1222 3252 ad
1245 3187 1346 3253 libros

165 3311 345 3378 Sacrarum
362 3307 602 3397 Scripturarum
627 3331 688 3376 nec
711 3331 776 3375 non
799 3310 840 3376 ad
863 3311 1049 3377 earumdem
1065 3314 1291 3379 annotationes
1314 3319 1347 3378 et

165 3437 428 3519 commentarium
445 3438 574 3502 minime
588 3457 669 3502 vero
689 3435 926 3502 extendendam
948 3437 990 3502 ad
1013 3437 1113 3504 libros
1129 3458 1346 3523 quoscumque
1399 3461 1404 3473 ·

155 3560 206 3644 'de
237 3560 335 3626 rebus
358 3562 459 3626 sacris
483 3563 516 3626 in
538 3581 671 3647 genere,
695 3561 726 3627 id
750 3569 799 3628 est
821 3562 863 3628 ad
893 3562 1082 3648 religionem
1111 3562 1346 3647 pertinentibus

164 3690 346 3752 tractantes
361 3706 393 3750 i.

257 3809 366 3884 Quare
389 3811 472 3876 haec
495 3830 634 3877 censura
657 3812 723 3876 lata
748 3816 895 3879 anostra
910 3811 1018 3879 const.
1034 3812 1158 3877 nemini
1173 3816 1223 3877 est
1238 3831 1345 3877 reser-

164 3939 258 4012 vata;
292 3933 500 4019 eamdemque
530 3937 704 4000 incurrunt
733 3955 799 4000 non
827 3941 992 4008 auctores,
1018 3956 1082 4000 non
1108 3939 1257 4010 tectores,
1281 3956 1347 4000 non

164 4059 358 4127 venditores
377 4060 434 4126 sed
456 4079 674 4127 rrroonarnr
698 4066 733 4126 et
755 4079 919 4128 anrroaas
943 4066 1077 4134 tantum,
1102 4062 1210 4148 prouti
1234 4066 1347 4146 aperte

164 4182 328 4270 significat
344 4185 400 4250 illa
415 4182 529 4251 dictio:
546 4185 751 4269 imprimunt
764 4186 820 4251 vel
834 4186 991 4268 imprimi
1007 4186 1151 4269 faciunt.
1171 4221 1188 4235 -
1207 4185 1250 4251 Hi
1266 4205 1346 4251 vero

164 4308 239 4396 lege
262 4315 415 4376 tenentur
437 4329 479 4376 ne
501 4311 688 4396 imprimant
711 4316 766 4377 aut
790 4311 977 4396 imprimere
1001 4311 1122 4376 faciant
1144 4311 1217 4378 sine
1250 4309 1348 4377 Ordi-

169 4433 266 4500 narii
289 4433 545 4518 approbatione,
561 4440 612 4501 ast
627 4435 685 4500 sub
709 4435 772 4501 hac
788 4455 892 4521 poena
906 4455 970 4501 non
986 4436 1170 4522 obligantur
1185 4435 1347 4503 obtentam
