3302 5100
614 323 819 374 aamercort
844 323 894 374 111.
1276 301 1342 373 557

262 445 322 502 llas
340 444 521 502 nibilominus
546 447 688 503 versiones
712 448 757 514 iis,
775 448 821 519 qui
847 448 947 503 studiis
974 446 1142 518 theologicis
1166 446 1211 502 vel
1233 447 1345 502 biblicis

167 553 235 608 dant
253 568 375 623 operam,
395 554 612 622 permittuntur:
631 554 667 609 iis
685 555 813 622 serratis,
826 571 904 626 quae
916 571 1000 626 supra
1020 557 1129 609 statuta
1141 558 1214 609 sunt.

672 765 768 820 Garun
786 765 833 819 lV.

597 907 639 963 Dc
658 907 752 962 Libris
775 907 915 963 obscenis.

257 1083 282 1138 9.
303 1079 379 1140 Libri
397 1085 445 1156 qui
458 1101 503 1140 res
516 1085 635 1140 lascivas
653 1101 702 1142 seu
721 1087 856 1142 obscenae
874 1103 909 1142 ex
928 1087 1051 1156 professo
1070 1090 1203 1152 tractant,
1221 1089 1344 1154 narrant,

167 1187 217 1246 ant
235 1190 345 1257 docent,
362 1207 425 1246 cum
444 1191 608 1246 nouaclum
627 1192 700 1258 fidei,
718 1191 765 1245 sed
784 1198 814 1248 et
832 1206 947 1258 morum,
967 1193 1014 1264 qui
1034 1191 1191 1247 huiusmodi
1209 1192 1344 1247 librorum

168 1296 290 1353 lectione
307 1297 391 1352 facile
410 1297 552 1367 corrumpi
568 1297 669 1366 solent,
682 1299 755 1353 ratio
767 1297 896 1353 habenda
914 1299 960 1365 sit,
978 1301 1091 1354 omnino
1105 1299 1288 1370 probibentur

262 1405 301 1458 10.
321 1404 400 1459 Libri
417 1410 563 1460 auctorum
582 1405 641 1460 sire
660 1406 848 1477 antiquorum,
866 1405 925 1462 sire
944 1407 1140 1472 recentiorum,
1160 1422 1228 1478 qnos
1246 1405 1345 1460 classi·
1402 1471 1404 1476 ¹

169 1529 215 1568 coe
233 1515 344 1575 vocant,
362 1511 385 1564 si
405 1509 458 1564 hac
476 1511 537 1581 ipsa
555 1511 736 1582 turpitudinis
764 1511 828 1568 labe
853 1511 950 1568 iniecti
975 1518 1050 1581 eunt,
1068 1518 1182 1584 propter
1208 1514 1345 1569 sermonis

168 1619 340 1688 elegantiam
353 1622 388 1696 'et
408 1619 617 1689 proprietatem,
631 1619 666 1673 iis
678 1624 787 1674 tantum
802 1622 1012 1690 permittuntur,
1025 1638 1095 1693 quos
1112 1621 1194 1678 officii
1213 1626 1243 1678 et
1255 1623 1345 1692 magi·

168 1725 247 1780 sterit
265 1725 340 1780 ratio
358 1729 490 1780 excusat:
510 1723 590 1779 nulla
607 1730 701 1781 brnen
730 1727 839 1782 ratione
864 1728 958 1797 pueris
975 1727 1020 1783 vel
1038 1727 1271 1794 adolescentibus,
1290 1728 1343 1782 nisi

168 1831 266 1887 solerti
285 1847 353 1886 cura
370 1833 529 1903 expurgati,
548 1829 673 1888 tradendi
693 1838 744 1887 ant
761 1834 941 1904 praelegendi
960 1841 1050 1890 erunt.
1105 1847 1108 1854 ’

684 2043 780 2100 Cnrur
800 2045 833 2099 V.

415 2169 466 2242 ¹De
485 2189 650 2258 quibasdam
667 2189 800 2259 specialis
817 2190 979 2259 arpamcnti
997 2189 1086 2244 libris.

261 2365 301 2420 ll.
321 2364 494 2420 Damnantur
513 2364 588 2431 libri,
608 2363 637 2418 iu
656 2365 758 2435 quibus
771 2365 836 2430 Deo,
849 2371 899 2420 aut
916 2366 1021 2422 Beatee
1039 2366 1150 2435 Virgini
1169 2365 1287 2432 Mariae,
1298 2366 1344 2421 rel

168 2469 287 2537 emens,
304 2474 354 2524 aut
381 2465 544 2524 catholicae
571 2468 714 2524 Ecclesiae
737 2469 853 2540 eiusque
881 2469 985 2537 cultui,
1004 2471 1049 2526 rel
1071 2471 1267 2537 Sacramentie,
1295 2476 1345 2526 aut

168 2577 348 2646 Apostolicae
358 2575 421 2632 Sodi
431 2571 596 2631 detrahitur.
610 2575 705 2630 Eidem
719 2577 924 2645 reprobationis
936 2575 1040 2632 iudicio
1051 2578 1240 2633 subiacentes
1252 2594 1346 2648 opera,

168 2683 198 2737 iu
216 2678 317 2755 quibus
335 2682 528 2753 inspirationis
547 2681 648 2737 Sacrae
667 2681 828 2752 Scripturas
847 2687 998 2752 conceptus
1023 2683 1200 2753 pervertitur,
1218 2687 1268 2737 aut
1285 2683 1346 2738 eius

167 2789 294 2846 extensio
314 2787 395 2844 nimis
414 2794 582 2845 coarctatur.
597 2789 786 2845 Prohibentur
798 2805 908 2861 quoque
920 2789 995 2856 libri,
1009 2791 1054 2861 qui
1069 2790 1134 2845 data
1152 2803 1239 2862 opera
1251 2791 1346 2847 Eccle-

168 2897 309 2952 siasticarn
329 2896 531 2964 Hieran-chiam,
551 2901 600 2951 aut
618 2900 723 2950 statum
742 2896 902 2952 clericalem
920 2896 966 2950 vel
984 2896 1147 2967 religiosum
1167 2899 1275 2968 probris
1287 2898 1346 2952 affl·

169 2979 256 3060 ciunt.
350 3035 354 3058 e
463 2999 465 3002 ’

262 3110 301 3164 12.
320 3107 406 3165 Nefas
424 3113 484 3164 esto
503 3108 590 3164 libros
608 3109 699 3174 erede,
718 3108 813 3179 legere
826 3112 874 3163 aut
884 3109 1006 3166 retinere
1025 3105 1053 3165 in
1072 3111 1173 3183 quibus
1191 3111 1344 3183 sortilegia,

169 3218 314 3285 divinatio,
331 3219 434 3288 magia,
447 3217 575 3274 evocatio
587 3217 745 3288 spirituum,
764 3215 892 3287 aliaeque
905 3215 988 3270 huius
1000 3219 1111 3287 generis
1123 3219 1346 3290 superstitiones,

169 3325 312 3391 docentur,
329 3325 375 3380 rel
394 3312 631 3380 commendantur.

262 3431 302 3487 13.
321 3433 399 3487 Libri
418 3437 467 3487 aut
484 3431 597 3503 scripta,
609 3449 681 3505 quae
701 3438 816 3488 narrant
829 3450 914 3489 novas
933 3435 1131 3504 apparitiones,
1149 3435 1343 3505 revelationes,

168 3538 299 3604 visiones,
317 3537 486 3609 prophetias,
504 3537 651 3604 miracula,
664 3538 794 3610 reiquae
813 3555 900 3594 novas
918 3539 1053 3595 inducunt
1071 3541 1241 3610 devotiones,
1259 3543 1345 3599 etiarn

168 3643 220 3698 snb
239 3645 387 3714 praetextu
405 3644 478 3715 quod
496 3635 705 3714 sint'privatae,
724 3647 747 3699 ai
768 3631 944 3716 publicentur
971 3647 1075 3718 absque
1103 3647 1231 3718 legitima
1256 3649 1345 3721 Supe-

169 3749 273 3803 riorum
292 3747 435 3804 Ecclesiae
453 3747 577 3814 licentia,
597 3750 816 3818 proscribuntur.

261 3855 302 3910 14,
321 3855 511 3911 Prohibentur
529 3857 635 3925 pariter
653 3856 728 3923 libri,
746 3857 793 3929 qui
812 3857 945 3922 duellum,
957 3859 1113 3926 suicidium,
1132 3862 1177 3917 vel
1195 3861 1345 3916 divortium

170 3956 250 4013 licita
268 3963 403 4026 statuunt,
423 3959 471 4030 qui
490 3959 523 4014 de
542 3959 626 4015 sectis
645 3961 817 4028 massonicis,
835 3961 881 4016 vel
899 3961 963 4016 aliis
982 3962 1104 4019 eiusdem
1124 3965 1235 4034 generis
1252 3965 1345 4021 socie-

170 4065 275 4120 tatibus
293 4068 393 4134 agunt,
413 4081 513 4136 easque
533 4065 617 4120 utiles
636 4070 666 4121 et
683 4083 739 4122 non
759 4067 929 4138 perniciosas
951 4067 1095 4124 Ecclesiae
1113 4072 1143 4124 et
1161 4069 1238 4124 civili
1256 4071 1346 4126 socie·

172 4171 225 4227 tati
245 4187 306 4229 esee
325 4172 505 4240 contendunt,
519 4177 548 4228 et
560 4173 608 4245 qui
622 4190 730 4230 errores
742 4178 776 4230 ab
790 4177 953 4247 Apostolica
965 4176 1035 4233 Sede
1048 4179 1216 4248 proscriptos
1226 4183 1348 4236 tuentur.
