3312 5108
288 291 333 355 52
814 305 897 351 rans
921 304 948 350 1.·

379 430 730 536 aen-mmmmm
753 429 943 495 accenditur
964 427 1170 512 naturaliter
1192 427 1233 513 ob
1256 425 1396 512 viridam
1412 447 1469 512 ap-

289 555 537 642 prehensionem
562 555 676 620 obiecti
694 555 727 618 in
742 553 926 639 phantasia;
950 553 1119 638 phantasia
1133 558 1239 617 autern
1256 552 1473 618 vehementer

288 669 451 748 enodatur
483 702 526 746 ex
557 702 615 746 usu
648 688 680 746 et
710 682 864 764 qualitate
895 678 1039 744 ciborum
1063 680 1115 743 rel
1140 683 1288 764 potuum;
1320 683 1353 744 et
1375 679 1471 764 potis-

289 807 403 872 simum
427 825 470 870 ex
494 804 595 870 abusu
611 802 832 888 quarumdam
856 805 1054 888 potationum
1085 823 1127 868 ex
1154 804 1230 868 vino
1258 803 1310 867 rel
1340 801 1474 867 aliunde

289 947 532 1015 expressarum.
559 927 638 993 Inde
655 929 686 991 in
704 928 811 992 animo
834 927 1037 1012 progignitur
1061 932 1163 992 status
1187 926 1361 1005 ebrietatis,
1379 926 1474 990 cuius

289 1053 372 1116 rarii
397 1057 474 1116 sunt
497 1051 626 1137 gradus.
653 1049 781 1116 Gradus
809 1057 974 1117 extremus
998 1055 1046 1114 est
1069 1070 1166 1135 sopor
1189 1051 1388 1134 lethargicus
1416 1049 1470 1132 qui

289 1177 452 1240 hominem
477 1181 613 1260 occupat
636 1195 732 1258 quum
756 1173 900 1240 ciborum
924 1180 980 1253 aut
1002 1180 1133 1260 potuum
1161 1176 1308 1240 nimietas
1324 1180 1379 1239 aut
1395 1193 1473 1257 qua-

289 1304 364 1370 litas
387 1304 432 1367 ita
456 1301 615 1366 humanas
639 1301 808 1365 facultates
830 1299 962 1364 hebetat
984 1305 1018 1364 ut
1040 1319 1186 1364 somnum
1213 1299 1371 1364 conciliet.
1397 1299 1473 1364 Hac

290 1431 417 1494 ratione
454 1427 766 1512 medicina-tepetis
800 1426 964 1511 distinguit
1003 1427 1035 1490 in
1077 1425 1234 1490 ebrietate
1264 1431 1381 1492 statum
1405 1427 1469 1490 iln-

290 1553 412 1632 ritctiq
437 1551 579 1633 sororia,
605 1550 761 1634 lethargi.
778 1585 792 1597 ·
810 1549 858 1615 of.
877 1550 1068 1630 Puccinotti,
1086 1550 1163 1614 Lea.
1182 1549 1218 1614 di
1234 1547 1352 1614 niedic.
1370 1549 1470 1634 legul.

290 1672 369 1738 Les.
394 1671 454 1739 23.
479 1671 573 1744 Pisa,
602 1672 702 1738 1840.
736 1673 781 1738 nt
811 1671 977 1736 ebrietatis
1005 1673 1169 1756 proprium
1198 1677 1247 1736 est
1273 1689 1475 1754 magnopere

202 1868 205 1877 y
292 1800 438 1863 excitare
456 1799 658 1884 phantasiam
686 1802 719 1862 et
742 1798 883 1862 calorem
901 1817 1079 1882 augescere
1095 1799 1289 1883 appetituum
1308 1799 1361 1881 qui
1376 1815 1469 1880 prae-

291 1927 442 2008 potenter
474 1924 621 1990 alliciunt
651 1923 848 1990 voluntatem
879 1929 917 1988 ut
945 1923 1004 1989 sibi
1035 1924 1205 2008 praecipiti
1236 1922 1473 1987 deliberatione

291 2045 466 2132 indulgeat.
482 2083 499 2094 -
514 2048 560 2111 De
573 2047 636 2113 hoc
648 2043 765 2114 effectu
780 2047 945 2112 ebrietatis
962 2053 1122 2130 quaerunt
1138 2045 1369 2111 criminalistae
1386 2047 1471 2129 quod

291 2167 332 2231 ad
363 2189 435 2234 rem
460 2171 636 2254 poenalem,
666 2175 700 2234 ut
719 2169 888 2254 dispiciant
905 2189 947 2234 an
964 2170 1129 2235 ebrietatis
1152 2169 1259 2242 ardor,
1286 2170 1376 2252 quasi
1400 2170 1470 2232 vio-

292 2292 392 2358 lentia
417 2295 554 2379 physica
584 2294 639 2359 sed
667 2295 844 2360 intrinsece
877 2315 1015 2378 urgens,
1049 2297 1171 2360 minuat
1204 2300 1332 2360 actuum
1366 2295 1473 2378 impu-

274 2399 464 2494 'tationem;
482 2439 523 2484 an
547 2420 690 2484 eamdem
708 2427 834 2506 augeat.
853 2457 871 2470 -
889 2422 1012 2486 Verum
1029 2441 1125 2505 quum
1142 2423 1224 2485 varii
1245 2421 1375 2506 gradus,
1392 2441 1412 2484 a
1428 2422 1473 2485 le-

292 2544 411 2628 thargo
434 2564 550 2629 nempe
571 2543 776 2608 mensurandi
800 2545 963 2628 usquead
988 2545 1163 2611 modestam
1189 2545 1371 2617 ilaritatem,
1397 2563 1473 2608 con·

293 2667 418 2732 tineent
440 2669 528 2734 hunc
558 2674 675 2735 statum
700 2670 752 2752 qui
776 2670 809 2732 in
833 2670 964 2734 homine
988 2669 1150 2735 inducitur
1173 2689 1216 2735 ex
1236 2690 1296 2734 usu
1323 2667 1469 2734 ciborum

293 2794 326 2853 et
342 2795 484 2874 potuum,
508 2795 597 2876 patet
621 2787 754 2856 effectus
777 2789 851 2856 inde
876 2790 1076 2856 dimanantes
1099 2793 1132 2856 in
1155 2791 1402 2856 deliberationes
1418 2810 1473 2856 vo·

296 2915 428 2980 luntatis
445 2916 507 2980 hac
524 2935 675 2980 mensura
699 2935 769 2979 esse
784 2915 1004 2980 dimetiendos.

385 3042 490 3106 Porro
515 3043 654 3108 ebrietes
678 3047 781 3127 potest
812 3011 1010 3108 considerari
1035 3049 1068 3108 et
1091 3051 1247 3126 quatenus
1271 3049 1319 3110 est
1341 3043 1470 3127 aliquod

294 3161 414 3228 laetum
441 3165 617 3230 moraliter
640 3172 672 3230 et
695 3165 864 3231 socialiter
894 3164 1146 3250 reprobandmn3
1177 3171 1210 3232 et
1238 3173 1393 3250 quatenus
1422 3177 1472 3234 est

294 3291 396 3352 status
420 3291 516 3352 animi
542 3289 707 3372 impellens
731 3287 771 3352 ad
795 3287 954 3373 agendum
979 3295 1011 3353 et
1034 3287 1170 3354 influens
1193 3291 1226 3354 in
1255 3293 1469 3359 moralitatem

295 3413 456 3475 actionum
475 3417 530 3476 aut
545 3413 760 3476 omissionum.
780 3447 796 3458 -
816 3411 880 3477 Sub
899 3413 931 3476 l⁰
947 3417 1077 3496 aspectu
1094 3415 1126 3476 in
1144 3433 1180 3478 re
1197 3417 1353 3481 canonica
1370 3417 1473 3484 ebrie·

295 3683 455 3744 daumerico,
481 3684 528 3732 aut
554 3679 716 3743 ierarchico,
743 3681 792 3730 aut
817 3678 938 3748 politice.
965 3706 978 3718 ·
1005 3679 1045 3732 Ex
1074 3681 1237 3736 auctoritate
1263 3685 1416 3738 darnestice
1445 3696 1473 3740 et

296 3791 451 3843 ierarchica
470 3789 502 3840 tit
521 3799 610 3841 nictus
629 3788 841 3848 reuerentiatis,·
860 3790 888 3839 et
908 3787 1003 3855 regula
1024 3792 1074 3851 est,
1094 3794 1198 3843 metum
1218 3807 1285 3860 puro
1302 3795 1475 3848 reuerentia-

297 3893 351 3945 lem
371 3909 424 3945 non
445 3891 591 3945 excludere
611 3895 688 3944 actus
708 3893 921 3960 imputationem
940 3891 988 3946 sed
1007 3891 1078 3946 hanc
1093 3911 1142 3962 pro
1155 3895 1292 3949 adiunctis
1311 3914 1364 3952 non
1385 3898 1473 3953 semel

297 4002 429 4056 minuere.
450 4031 465 4041 -
485 4001 544 4053 Non
566 4001 664 4054 exinde
683 4001 840 4054 excluditur
853 4017 933 4054 casus
949 4005 1149 4072 cacepn'onulis
1168 4009 1258 4059 metus
1277 4009 1474 4063 reverentinlis

297 4110 343 4178 qni
369 4107 532 4176 aliquando,
551 4108 579 4159 in
605 4124 669 4159 casu
698 4113 836 4174 concreto,
855 4108 967 4161 dirimat
988 4125 1190 4181 quamcumque
1216 4112 1438 4182 imputationem.
1458 4145 1474 4157 -

299 4210 458 4263 Auctoritas
476 4212 591 4280 politice
610 4228 658 4264 seu
678 4209 786 4278 legalis,
800 4211 946 4265 dummodo
960 4229 1013 4266 non
1027 4214 1123 4269 iubeat
1136 4213 1239 4285 aliquid
1254 4217 1402 4273 intrinsece
1415 4235 1474 4272 nra·

298 4313 364 4378 lum,
384 4313 475 4366 aufert
495 4312 659 4382 qualitatem
678 4317 756 4366 actus
776 4313 967 4378 criminosam
987 4321 1086 4384 utputa
1105 4335 1160 4371 non
1179 4319 1317 4390 delinquit
1336 4321 1404 4374 civis
1424 4325 1473 4392 qui

297 4437 353 4474 non
372 4422 501 4475 observat
521 4420 620 4490 legem,
640 4421 732 4473 forsan
754 4419 900 4490 illegitime
923 4425 1084 4493 abrogatam
1105 4441 1121 4478 a
1140 4426 1279 4482 Gubernio
1300 4435 1475 4498 usurpatore.
