3074 5122
356 280 422 347 280
876 304 960 351 reus
985 303 1006 350 1.

448 422 519 488 188.
545 425 596 489 Ex
627 429 745 488 natura
767 425 1017 510 irregularitatis
1040 427 1185 509 sequitur
1208 427 1293 491 hene
1314 446 1376 517 esse
1394 429 1471 494 molo-
1503 521 1504 524 Ἴ

354 548 482 632 duam
505 569 561 614 seu
585 547 758 636 prohibere
781 549 821 616 ab
845 551 991 617 omnibus
1014 551 1166 638 gradibus
1197 552 1387 618 clericalibus
1410 563 1433 618 et
1449 555 1471 618 el
1503 525 1504 534 ἵ

355 675 423 761 ipse
445 677 550 761 prime
573 681 706 742 tonsura
729 696 811 761 quae
835 681 884 742 est
907 679 1002 742 ianua
1025 676 1066 743 ed
1082 678 1222 744 ordines.
1249 679 1336 744 Retio
1351 681 1471 744 evidenti-

354 804 434 868 sime
456 808 515 878 est,
539 788 615 887 qu'ie
636 804 795 869 inutiliter
817 809 1033 891 praeparatur
1055 805 1095 870 ed
1118 805 1250 870 ordines
1270 807 1320 889 qni
1341 805 1376 870 eb
1395 806 1471 870 eisden

353 929 552 1014 prohibetur.
578 931 735 996 -Temen
766 931 911 997 nonnulli
935 931 1100 1013 Doctores,
1129 933 1175 998 uti
1199 930 1338 996 Barbose
1364 931 1392 995 in
1413 933 1472 996 Seru.

355 1054 460 1120 Docte.
485 1055 601 1139 Apost.
628 1057 757 1123 Collect.
778 1055 860 1130 598,
876 1076 911 1120 n.
929 1057 957 1137 1,
981 1075 1041 1142 per
1063 1055 1257 1122 decisionem
1282 1055 1313 1121 S.
1328 1057 1358 1122 G.
1373 1055 1401 1122 0.
1414 1075 1472 1139 qun

355 1179 458 1244 refert
481 1180 520 1244 cl.
538 1181 704 1266 Gesperri,
729 1201 761 1246 n.
788 1181 859 1254 167,
881 1181 1021 1267 probare
1044 1183 1157 1248 nititur
1180 1183 1370 1248 contrariam
1389 1189 1472 1246 sonter-

353 1305 430 1370 tiem
454 1304 512 1390 (1).
540 1341 556 1354 -
581 1307 643 1372 Ast
666 1309 888 1374 controversia
918 1309 1051 1374 diluitur
1075 1314 1107 1374 et
1129 1309 1270 1395 plurium
1296 1306 1472 1373 discordium

353 1433 536 1514 amputetur
552 1430 646 1496 radix
662 1429 831 1496 dummodo
847 1429 1045 1504 advertetur,
1063 1432 1320 1516 irregularitates
1334 1433 1404 1496 sumi
1416 1449 1473 1514 poss

442 1657 482 1729 (1)
502 1659 531 1712 ln
552 1661 709 1715 universum
729 1661 899 1727 advertetur,
918 1660 943 1714 S.
963 1661 1049 1731 Cong.
1070 1659 1188 1715 Concilii
1213 1661 1315 1731 quippe
1337 1675 1377 1712 res
1397 1675 1436 1710 non
1448 1658 1474 1708 de

354 1769 512 1822 ctrinaliter
530 1768 577 1823 sed
594 1770 718 1840 practice
731 1770 870 1840 expendit,
886 1785 939 1824 non
952 1769 1038 1826 semel
1057 1769 1086 1823 in
1102 1770 1159 1823 suis
1172 1769 1355 1824 decisionibus
1365 1765 1474 1834 irregulm·

353 1878 427 1930 tates
444 1877 600 1946 amplexam
620 1894 680 1932 esse
698 1879 853 1948 improprie
872 1878 968 1932 dictes.
989 1877 1107 1932 Proinde
1127 1894 1161 1932 ex
1179 1893 1213 1932 eo
1232 1877 1304 1948 quod
1322 1879 1350 1927 in
1365 1874 1427 1944 foliis
1439 1887 1475 1922 mu·

353 1999 445 2037 serum
465 1983 509 2040 vel
529 1986 614 2039 etiem
628 1986 655 2039 in
669 1986 812 2056 rescriptis
824 2001 924 2041 nomen
938 1989 1088 2055 usurpetur
1100 1985 1320 2055 irregularitatis
1331 1998 1404 2053 quum
1418 1978 1475 2046 aput
1504 2011 1505 2054 l

352 2089 387 2144 de
406 2090 501 2162 eliquo
520 2091 628 2147 delectu
653 2091 770 2163 physico
788 2091 833 2148 vel
857 2093 956 2148 morell
975 2092 1020 2148 vel
1039 2093 1073 2148 de
1091 2091 1261 2161 indignitate
1280 2107 1313 2144 ex
1331 2089 1427 2142 emmim
1439 2099 1475 2136 eor
1504 2057 1505 2084 ¹

353 2203 453 2264 tracte,
472 2215 528 2254 non
546 2200 641 2254 stetim
661 2200 758 2255 deduci
778 2205 878 2270 potest,
892 2199 918 2254 S.
932 2201 1185 2270 Congregetionem
1204 2199 1357 2253 eunomios
1370 2194 1476 2249 declames

234 2331 236 2338 ·
353 2306 452 2361 saltem
477 2306 621 2376 implicite,
641 2309 670 2361 in
695 2325 761 2363 casu
786 2307 833 2378 egi
858 2309 891 2364 de
913 2311 1032 2380 propria
1055 2307 1280 2378 irregularitate3
1299 2322 1360 2360 nam
1376 2297 1475 2370 aliqum

353 2413 405 2468 hoc
424 2431 524 2470 nomen
543 2414 657 2471 edhibet
675 2419 838 2489 improprie,
857 2417 949 2486 prouti
968 2417 1116 2471 adhibetur
1135 2417 1163 2469 ln
1183 2416 1263 2485 praxi
1283 2419 1311 2469 et
1329 2411 1393 2482 epnd
1409 2407 1446 2460 nt.
1459 2433 1475 2444 -

353 2525 463 2596 Regule
481 2525 515 2580 ed
535 2524 737 2595 percipiendam
751 2529 873 2580 mentem
885 2523 912 2578 S.
926 2525 1011 2594 (long.
1024 2523 1095 2579 haec
1112 2527 1174 2578 tuto
1187 2522 1292 2576 serveri
1307 2523 1401 2592 poteet3
1416 2527 1475 2580 nenp

353 2635 379 2688 S.
393 2633 479 2704 Gong.
499 2633 589 2703 egisse
608 2633 642 2688 de
660 2633 772 2703 proprie
789 2634 1002 2704 irregularitate
1015 2648 1100 2703 quum
1119 2646 1169 2702 pro
1187 2628 1387 2700 dispensatione
1402 2621 1475 2678 romule

353 2739 481 2810 Pontifici
498 2755 546 2793 sen
565 2738 706 2808 dispenset
724 2743 799 2810 sacto
818 2741 903 2794 verbo
928 2756 991 2794 cum
1013 2737 1112 2804 ssmm
1137 2735 1209 2808 quod
1233 2735 1371 2806 significet
1391 2721 1477 2796 eustyli>

352 2846 448 2916 cong,
466 2849 513 2918 egi
537 2849 571 2904 de
593 2849 790 2918 impedimento
812 2849 872 2902 iure
893 2865 954 2901 cen.
978 2845 1144 2911 introducto,
1168 2849 1198 2899 et
1222 2843 1290 2897 ltine
1307 2837 1476 2912 disperserint

353 2957 432 3011 Rom.
452 2955 596 3022 Pontifice.
616 2955 748 3016 Quemvis
766 2969 821 3008 non
840 2952 926 3007 semel
939 2949 1134 3022 expostuletur
1151 2950 1322 3018 dispensatio
1339 2964 1357 3000 n
1371 2941 1438 2998 SS‘m
1450 2951 1477 3006 pr
1505 2973 1506 3028 p

352 3065 447 3136 aliquo
460 3063 570 3120 defectu
589 3065 635 3134 qui
656 3079 710 3116 non
730 3066 774 3117 est
789 3064 906 3132 proprie
925 3060 1125 3129 irregularitas
1138 3055 1186 3110 sed
1204 3055 1303 3126 eliqua
1321 3048 1477 3107 inbecilles

352 3175 414 3229 iure
433 3178 488 3228 net
509 3177 558 3228 ent
576 3173 630 3226 div.
646 3171 695 3226 sed
712 3169 916 3242 dispensabilis
937 3169 979 3223 lte
998 3167 1122 3223 delectus
1143 3183 1164 3219 s.
1178 3161 1393 3218 confirmationis
1406 3151 1477 3224 mpod

352 3279 499 3351 quominus
524 3277 625 3350 eliquis
650 3276 794 3331 ordinibus
818 3275 946 3329 initietur
965 3271 1010 3328 vel
1028 3273 1089 3342 ipse
1114 3271 1203 3340 prime
1224 3268 1353 3329 tonsurt3
1371 3263 1405 3316 uti
1424 3255 1478 3311 det

352 3387 425 3442 revit
443 3385 470 3444 S.
488 3387 517 3439 G.
540 3387 569 3441 0.
590 3387 618 3439 in
639 3388 803 3454 Augustene
822 3385 868 3438 die
879 3383 925 3435 27
940 3383 1015 3453 Sept.
1035 3381 1118 3444 1601,
1130 3377 1196 3448 quie
1213 3377 1350 3431 ebsonnm
1367 3376 1404 3427 est
1413 3361 1477 3422 cumi

351 3493 508 3548 ministrum
527 3491 597 3560 fieri,
616 3492 664 3563 qui
683 3490 745 3546 oleo
764 3487 984 3545 confirmationis
1002 3489 1153 3557 perunctus
1175 3499 1230 3538 non
1251 3481 1304 3548 sit3
1322 3479 1381 3535 inde
1401 3475 1477 3528 huten·

351 3600 486 3672 quaedem
506 3597 668 3654 inhabilites
687 3599 733 3654 sed
752 3613 809 3652 non
828 3594 1030 3665 irregularitas.
1051 3595 1183 3658 Attamen
1202 3589 1230 3642 in
1251 3606 1324 3659 resp.
1337 3587 1380 3641 cit.
1397 3583 1418 3636 S.
1432 3573 1477 3630 Μ

351 3709 471 3764 edietum
490 3708 550 3775 fuit,
564 3724 620 3761 non
639 3707 833 3777 confit-neotum
847 3719 907 3760 esse
925 3703 1001 3758 mole
1018 3709 1187 3772 promerunt,
1206 3707 1233 3752 et
1252 3699 1291 3752 ad
1305 3713 1327 3749 s.
1341 3693 1435 3749 ordines
1447 3699 1477 3734 ens

349 3831 432 3886 posse
447 3813 612 3886 promoveri
630 3813 686 3865 nisi
699 3811 820 3882 praevia
840 3810 869 3862 S.
884 3809 938 3878 Ap.
956 3804 1170 3876 dispensatione.
1189 3831 1206 3842 -
1224 3799 1295 3854 ltem
1315 3797 1377 3869 quie
1393 3788 1477 3849 scon·

352 3939 407 3977 non
427 3921 488 3976 vult
506 3922 662 3976 decretorio
687 3915 803 3971 definire
822 3931 858 3968 en
876 3915 978 3982 egetur
996 3909 1030 3965 de
1048 3908 1166 3981 proprie
1191 3903 1396 3974 irregularitate
1415 3902 1450 3949 eut
1461 3889 1478 3938 l!

351 4029 472 4102 simplici
491 4027 662 4084 iulmdilitote
681 4023 804 4080 naturali
825 4023 865 4078 uti
884 4021 957 4076 solet
974 4018 1028 4075 hec
1046 4017 1196 4073 termule«
1210 4015 1266 4070 Pro
1279 4012 1370 4084 gretie
1383 4009 1479 4075 nepem

352 4141 433 4194 tionis
446 4143 476 4194 et
494 4150 724 4192 sierurrnrroms
736 4149 761 4192 ».
775 4163 790 4175 -
803 4129 917 4194 Quando
931 4129 1016 4198 (long.
1031 4127 1173 4198 dispenset
1185 4141 1220 4179 ex
1234 4123 1364 4193 delegate
1375 4116 1419 4172 sibi
1428 4105 1480 4164 fud

353 4253 412 4304 tete
425 4247 504 4320 ponit
523 4247 552 4301 in
569 4244 706 4314 rescripto
716 4271 731 4284 ·
744 4243 845 4314 vigore.
860 4239 1082 4310 facultatum·
1092 4235 1131 4290 De
1149 4235 1309 4304 improprio
1330 4231 1406 4296 irreg.
1422 4219 1480 4328 Ψ

353 4374 446 4430 quum,
466 4372 520 4410 non
539 4360 614 4426 facto
633 4354 719 4408 verbo
738 4367 802 4404 cum
816 4347 910 4414 SSmo,
923 4345 1036 4400 mendet
1048 4341 1192 4413 Episcopis
1205 4341 1364 4410 dispensare
1377 4349 1423 4405 pro
1436 4325 1480 4380 vl*

353 4467 406 4519 trio
426 4475 452 4520 el
471 4463 646 4517 conscientia.
