3302 5100
306 301 373 367 590
763 319 970 368 snnnoanuu
994 319 1029 367 v.

304 459 393 514 poena
412 441 554 496 imerdicti
569 440 716 510 inpressas
734 441 870 494 ecclesiae
889 457 921 495 eo
940 443 1000 512 ipso
1019 443 1193 495 incurrendo
1205 443 1286 510 infra
1299 449 1357 495 tres
1374 457 1484 496 names

304 567 357 621 per
377 551 486 604 litteras
502 564 553 604 seu
570 551 705 603 nuncium
723 547 850 603 &muno
869 547 998 618 Pmuifici
1015 549 1189 604 detmncinre
1208 559 1374 604 tenaciter».

376 654 448 710 Sess
466 653 1199 726 2501capiideRei.‹Episcopipuoque,pucct
1210 657 1289 722 obsit,
1301 656 1327 708 si
1343 656 1379 708 ab
1390 656 1487 709 moue

304 765 381 816 modi
402 763 520 817 numine
543 759 771 832 (concubinatus)
795 777 852 815 non
875 763 1067 829 abstinuerint,
1093 773 1120 816 et
1143 780 1161 816 u
1185 765 1290 830 mnodo
1312 762 1486 833 provinciali

303 870 447 935 admoniti,
465 885 496 924 se
513 885 570 924 non
589 869 788 934 emendaverit,
807 872 867 940 ipso
885 872 961 939 sacto
977 872 1033 922 sim
1052 871 1183 940 suspensi
1195 885 1219 920 s.

664 1059 816 1102 HACTBNllS
834 1062 871 1100 DE
893 1061 1129 1102 SUSPBNSlONlBUS

501 1170 558 1209 VEL
578 1169 762 1209 lnussnbtc'rts
780 1170 798 1209 t
817 1168 926 1209 8ΝοΒο
945 1169 1123 1209 ΤΒΙΒΕΝΤῙΝΔ
1142 1169 1292 1210 tutilonis

376 1297 526 1353 Addeudae
544 1301 611 1354 sunt
629 1295 781 1352 nonnullae
800 1311 935 1352 censurae
955 1297 973 1349 l.
986 1313 1009 1351 s.
1022 1297 1114 1353 editae
1132 1301 1195 1368 post
1213 1297 1307 1352 Consi.
1327 1299 1380 1367 Ap.
1395 1295 1486 1350 Sedis.

375 1403 416 1457 Ex
435 1402 528 1457 Goust
548 1403 690 1458 nmmum
711 1403 844 1472 Pontifex
861 1402 927 1456 data
945 1420 962 1456 a
981 1403 1032 1457 Pio
1045 1402 1085 1457 tx
1098 1403 1143 1460 die
1155 1401 1190 1457 28
1209 1405 1281 1473 Aug.
1303 1402 1373 1458 1873
1391 1402 1486 1458 editae

302 1517 368 1566 sunt
386 1527 520 1566 censurae
540 1513 559 1566 l.
578 1527 599 1565 s.
618 1510 648 1564 in
667 1509 850 1565 concedentes
875 1514 904 1565 et
922 1511 1106 1580 suscipientes
1130 1511 1257 1582 regimen
1282 1509 1485 1566 Ecclasiarium

301 1617 511 1673 Cathedralium
530 1623 596 1672 ente
614 1616 815 1672 exhibitionem
835 1616 993 1672 litterarum
1012 1616 1247 1686 Apostolicarum.

373 1726 416 1780 Ex
434 1725 546 1780 decreto
571 1723 599 1778 S.
624 1723 712 1778 Officii
737 1723 792 1778 diei
810 1725 831 1778 4
848 1724 976 1780 Decemb.
1004 1725 1086 1778 1872
1109 1725 1283 1780 declaratum
1308 1723 1363 1779 fuit
1382 1725 1481 1794 vigere

301 1832 616 1888 excommunicationem
647 1830 779 1885 adversus
805 1829 1010 1886 ecclesiasticos
1036 1835 1066 1887 et
1096 1832 1289 1886 missionarios
1316 1836 1482 1888 exercentes

303 1942 489 1994 mercaturam
507 1939 536 1992 in
556 1937 640 1992 indiis
658 1937 857 1993 Orientalibus.

373 2041 401 2096 S.
422 2042 652 2107 poenitentiariis,
671 2043 806 2112 probante
824 2042 876 2096 Pio
895 2042 935 2096 lli
954 2043 975 2096 4
995 2045 1066 2114 Anp.
1086 2042 1171 2096 1876
1189 2040 1275 2096 edidit
1288 2056 1425 2095 excomm.
1438 2059 1480 2111 sp.

301 2149 382 2202 modo
401 2149 430 2202 P.
452 2153 622 2204 reservatam
641 2147 772 2203 adversus
791 2147 889 2203 dantes
907 2164 1008 2205 nomen
1027 2154 1057 2204 et
1074 2151 1232 2204 faventes«
1250 2149 1377 2202 societati
1388 2149 1483 2202 mmo·

302 2256 375 2310 liene
390 2273 445 2326 pro
464 2257 648 2310 vindicatione
667 2257 773 2308 iunium
790 2255 890 2325 populi
908 2256 1054 2310 christiani
1071 2265 1098 2310 et
1117 2257 1146 2307 in
1163 2255 1265 2326 primis
1284 2257 1396 2308 romani
1407 2269 1433 2320 it,
1451 2257 1482 2308 in

300 2359 439 2416 electione
458 2360 577 2415 Romani
595 2359 748 2415 Pontificis.

372 2473 413 2526 Ex
432 2471 526 2526 coust.
548 2471 734 2526 Orientalium
753 2473 874 2542 dipnitos
890 2470 965 2526 edita
978 2487 995 2524 a
1008 2471 1101 2526 Leone
1120 2469 1187 2526 Xlll
1199 2471 1245 2525 die
1258 2471 1301 2523 30
1314 2469 1385 2523 Nou.
1400 2469 1482 2524 1894

300 2589 317 2632 tt
336 2581 534 2634 Missionnrius
552 2581 667 2650 quilibet
687 2581 824 2634 lerinense
843 2581 919 2634 clero
938 2579 1082 2632 soeculari
1099 2580 1146 2634 vel
1165 2580 1297 2650 repulus-i
1320 2582 1371 2650 qui
1387 2583 1481 2632 orien-

300 2688 386 2742 talem
412 2688 572 2757 puempium
595 2687 634 2741 ad
659 2687 777 2740 latinum
802 2687 888 2742 ritum
914 2685 1030 2740 consilio
1055 2685 1201 2740 auxilioue
1225 2687 1340 2738 inducat
1362 2693 1481 2754 promer

300 2797 509 2866 suspensionem
527 2811 544 2846 a
563 2794 666 2846 diuinis
684 2809 767 2864 quam
786 2795 845 2863 ipso
864 2795 938 2861 sacto
958 2795 1084 2847 incurret
1112 2796 1276 2861 ceterasque
1302 2807 1408 2861 poenos
1423 2808 1482 2862 per

303 2901 391 2954 Consi.
411 2900 610 2956 Demaudatsm
630 2901 736 2955 Bened.
757 2899 806 2954 XI
810 2901 839 2966 V,
858 2899 946 2970 officio
965 2915 1016 2954 suo
1033 2900 1164 2970 privetur
1182 2909 1208 2953 et
1227 2899 1444 2952 excludatur».

370 3006 412 3060 Ex
431 3005 542 3061 decreto
561 3005 586 3059 S.
607 3005 693 3076 (long.
712 3005 830 3059 Concilii
848 3005 981 3076 Vipilnnti
997 3005 1089 3059 studio
1103 3007 1162 3058 diei
1173 3005 1218 3056 25
1237 3007 1306 3058 maii
1324 3005 1405 3058 1893
1421 3003 1482 3058 lata

298 3117 341 3168 est
359 3112 609 3168 excommunicatio
627 3111 646 3166 l.
666 3131 687 3165 s.
707 3113 737 3166 in
757 3113 844 3166 laicos
862 3115 892 3166 et
916 3112 1061 3182 suspensio
1080 3099 1249 3167 inclemens
1275 3111 1323 3182 qui
1342 3111 1377 3164 ad
1397 3112 1481 3182 epie-

298 3219 430 3285 merides,
450 3219 690 3289 immanitasque
713 3235 822 3274 merces
843 3219 958 3289 facilius
977 3237 1040 3273 cum
1060 3219 1137 3274 clero
1156 3221 1362 3285 commutando,
1381 3221 1479 3272 missu·

298 3345 363 3380 rum
383 3327 567 3396 eleemosynis
587 3329 744 3382 utebantur.

369 3433 410 3486 lix
429 3433 540 3489 decreto
560 3433 586 3486 S.
606 3431 691 3502 Cong.
711 3431 830 3488 Consilii
849 3434 907 3489 diei
924 3434 966 3486 22
985 3435 1114 3487 Decerne.
1136 3432 1215 3485 1894
1235 3431 1330 3486 clerici
1345 3435 1374 3486 et
1386 3448 1478 3486 sacer-

297 3541 375 3595 dotes
400 3541 557 3596 saeculares
585 3541 694 3597 alieuae
718 3541 853 3596 dioecesis
877 3550 926 3595 aut
953 3542 1039 3596 etiam
1065 3539 1217 3609 regulares,
1245 3545 1327 3595 extra
1354 3540 1479 3594 claustra

297 3647 440 3715 degentes,
453 3661 507 3700 non
527 3649 642 3716 possunt
661 3647 766 3702 ansm
784 3646 955 3701 domicilium
968 3649 1056 3717 figere
1066 3648 1170 3717 absque
1184 3647 1266 3701 venia
1285 3645 1311 3698 S.
1323 3645 1479 3711 Pontificis,

296 3755 348 3806 sub
368 3769 457 3823 poena
476 3756 665 3824 suspensionis
682 3771 701 3808 a
719 3756 822 3808 diuinis
842 3755 861 3806 l.
881 3771 903 3807 s.

698 3948 741 3987 SIC
760 3947 858 3986 AUTEM
879 3946 1075 3994 Pnosueutnu'u

398 4053 436 4092 ΕΤ
455 4053 589 4093 trencin
608 4054 793 4094 CONSTl‘l'U'l'lO
811 4054 990 4094 stuciisstnl
1010 4053 1112 4093 Pennis
1131 4053 1166 4092 DE
1186 4054 1241 4100 Qua
1260 4053 1376 4093 solues.

369 4183 474 4243 «Quae
493 4198 560 4237 vero
575 4199 708 4237 censurae
727 4183 785 4238 sive
804 4183 1109 4246 excommunicationis,
1128 4183 1187 4236 sive
1205 4180 1404 4251 suspensionis,
1418 4181 1477 4236 site

296 4288 447 4352 interdicti,
465 4289 582 4356 Nostris,
602 4294 651 4344 aut
670 4289 918 4343 praedeeessorum
943 4287 1108 4343 Nostrorum
1134 4288 1399 4352 constitutionibus,
1425 4291 1477 4342 aut

296 4393 383 4446 sacris
402 4394 554 4448 canonibus
572 4399 684 4464 praeter
702 4410 757 4458 eus,
777 4410 846 4465 quas
865 4392 1063 4460 recensuimus,
1082 4392 1158 4448 latae
1176 4397 1249 4458 sunt,
1269 4395 1354 4462 etque
1374 4391 1475 4448 haete-
