3306 5102
308 333 376 402 324
838 353 923 403 rsus
947 353 969 399 1.

261 472 263 478 ’
308 481 488 548 sententiae
515 479 555 544 cl.
581 479 735 566 Gasparri
766 479 960 544 autumantis
983 479 1004 542 l.
1025 499 1057 564 c.
1084 497 1101 540 α
1127 476 1255 542 Exinde
1278 475 1399 561 absque
1422 476 1493 541 ulla

308 607 514 672 cunctatione
545 603 732 670 deducimus
761 601 833 669 fieri
864 573 1081 690 irregularem
1112 603 1267 667 clericum
1298 601 1491 684 depositum

307 733 364 796 aut
386 729 615 817 depredatura
638 730 693 814 qui
715 729 925 794 nihilominus
948 747 1059 794 sacros
1075 727 1206 792 ordines
1222 745 1381 791 exercere
1397 743 1492 810 prae-

307 855 412 920 sumit.
440 853 552 938 Atque
583 853 666 919 baec
696 853 814 918 omnia
845 853 930 919 adeo
963 853 1058 918 clara
1083 869 1153 918 esse
1176 851 1334 917 uidentur
1356 856 1394 916 ut
1416 869 1493 916 non

307 979 424 1046 leuiter
447 977 637 1044 dubitemus
665 977 707 1044 de
733 975 884 1043 aliarum
911 975 1111 1060 opinionum
1130 975 1405 1060 probabilitate»
1430 972 1491 1060 (l).

306 1100 370 1167 Sed
396 1121 461 1166 non
484 1102 627 1166 dicerem
655 1119 771 1166 carere
799 1100 1025 1186 probabilitate
1050 1101 1241 1166 sententiam
1270 1099 1301 1164 S.
1327 1098 1491 1184 Alphonsi

306 1247 388 1312 quae
400 1226 528 1292 videtur
542 1226 656 1291 melius
673 1225 872 1311 respondere
887 1245 1045 1291 canonum
1062 1225 1240 1295 intentioni,
1255 1223 1382 1308 quando
1398 1243 1491 1289 asse-

306 1355 349 1420 rit
364 1371 407 1418 ax
423 1353 596 1418 violatione
613 1353 832 1437 suspensionis
851 1351 937 1417 latae
961 1351 1002 1416 ob
1025 1351 1149 1416 crimen
1170 1351 1398 1434 praeteritum
1422 1368 1491 1414 non

306 1478 430 1543 incurri
446 1477 738 1564 irregularitatem;
764 1473 818 1560 (ci.
836 1496 868 1539 n.
887 1474 943 1556 86,
968 1474 1051 1558 §dl
1076 1494 1257 1559 quaequae
1274 1471 1489 1543 D’Annibale,

304 1602 365 1668 loc.
391 1600 443 1667 cit.
468 1599 572 1684 quoad
595 1600 680 1664 hanc
704 1605 830 1686 partem
852 1598 971 1665 dicitur
993 1599 1173 1665 verissima
1192 1616 1350 1681 prorsus.

393 1724 468 1792 226.
495 1725 638 1808 Denique
669 1725 744 1808 quia
775 1725 941 1808 suspensio
972 1721 1144 1807 aliqnando
1174 1741 1239 1784 non
1267 1725 1315 1785 est
1339 1739 1489 1787 censura

304 1869 409 1934 neque
430 1868 543 1933 poeno
558 1849 613 1916 sed
630 1849 766 1934 simplex
786 1848 970 1932 probibitio
987 1850 1155 1932 quaeritur
1179 1868 1220 1911 an
1245 1867 1287 1912 es
1313 1847 1490 1911 violatione

304 1973 398 2038 huius
422 1973 638 2058 suspensionis
661 1972 850 2039 incurratur
873 1971 1107 2058 irregularitas.
1127 1971 1169 2036 Et
1189 1971 1405 2034 communiter
1420 1969 1487 2034 DD.

303 2097 349 2164 uti
372 2095 485 2161 videre
509 2101 558 2160 est
583 2094 666 2180 apud
694 2095 814 2161 Suarez
844 2094 1019 2180 (XXVIII,
1045 2096 1075 2168 4,
1099 2093 1144 2180 5),
1169 2095 1343 2180 opinantur
1367 2091 1488 2157 exinde

302 2219 576 2306 irregularitatem
589 2237 654 2284 non
667 2221 801 2301 incurri,
815 2221 890 2305 quia
906 2220 988 2285 haec
1000 2218 1175 2284 nullimode
1191 2220 1224 2282 in
1240 2219 1311 2283 iure
1327 2239 1488 2304 expressa

294 2319 477 2432 reperitur.

391 2469 516 2535 Verum
541 2469 604 2534 DD.
622 2471 676 2552 qui
700 2473 874 2534 autumant.
892 2470 1000 2535 induci
1017 2469 1293 2555 irregularitatem
1317 2488 1361 2533 ex
1385 2469 1484 2533 viola·

301 2595 389 2659 tione
413 2592 582 2659 cuiuslibet
598 2594 814 2678 suspensionis
837 2593 899 2657 hoc
921 2594 1061 2658 maxime
1078 2593 1232 2666 inferunt,
1249 2593 1325 2676 quia
1348 2613 1391 2657 ex
1414 2593 1484 2656 vio-

301 2717 368 2783 lata
390 2719 598 2802 suspensione
622 2737 668 2783 eoe
690 2716 879 2799 informata
902 2718 1105 2784 commentia
1121 2719 1302 2783 incurritur
1325 2717 1486 2802 irregula-

302 2843 381 2907 ritas
412 2848 445 2907 et
475 2843 550 2926 qnia
580 2843 613 2905 in
638 2843 690 2906 eit.
717 2840 882 2926 capitibus
909 2843 942 2906 in
973 2862 1095 2928 genere
1125 2849 1260 2908 cavetur
1291 2842 1331 2908 de
1362 2843 1486 2908 violata

301 2963 532 3046 suspensionis
553 2983 678 3046 poena.
703 2963 766 3030 Sed
790 2965 870 3028 istae
894 2966 1037 3029 rationes
1060 2983 1125 3028 non
1148 2963 1302 3029 videntur
1333 2962 1485 3029 efficaces

301 3089 417 3174 quippe
433 3088 611 3158 decisiones
625 3089 655 3154 S.
668 3088 703 3155 G.
717 3089 947 3174 particularem
960 3090 1126 3174 respicunt
1136 3109 1257 3163 casum,
1271 3093 1303 3154 et
1319 3090 1483 3154 neminem

299 3214 388 3286 latet,
402 3216 641 3299 suspensionem
655 3235 697 3280 ex
709 3213 899 3296 informata
911 3214 1114 3281 conantio
1126 3213 1234 3285 latam,
1245 3234 1337 3299 posse
1349 3215 1482 3301 proprie

301 3359 471 3405 censuram
496 3359 566 3403 esse
583 3338 709 3423 quando
733 3359 849 3426 nempe
872 3342 1064 3406 monitiones
1087 3341 1284 3426 praemissae
1307 3340 1382 3404 sint.
1408 3341 1483 3425 Ipsa

300 3465 453 3548 temporis
480 3461 638 3548 praefinio
662 3463 702 3528 ad
726 3466 829 3550 magis
859 3463 1087 3530 deterrendum
1119 3467 1327 3538 comminata,
1353 3463 1482 3548 quando

300 3586 428 3654 aliunde
451 3588 484 3652 in
508 3588 615 3652 animo
631 3589 808 3674 superioris
824 3591 1021 3675 propositum
1038 3589 1113 3653 insit
1128 3587 1325 3655 absolvendi
1347 3609 1480 3675 suspen-

300 3730 370 3775 sum
384 3711 409 3774 si
423 3710 601 3795 resipiscat,
615 3729 679 3774 non
696 3729 795 3795 aegre
808 3710 975 3774 conciliari
988 3714 1093 3795 potest
1104 3729 1177 3776 cum
1190 3729 1349 3774 censurae
1361 3708 1479 3777 indole.

301 3831 393 3900 Unde
415 3832 448 3895 in
472 3851 548 3897 casu
572 3851 665 3916 quem
697 3831 851 3898 indicavit
872 3834 903 3899 S.
930 3833 962 3898 G.
990 3833 1240 3918 C.praese1·tim
1272 3852 1335 3896 non
1368 3832 1482 3898 relatis

300 3951 445 4019 omnibus
468 3973 578 4017 rerum
607 3953 766 4020 adiunctis
788 3973 854 4018 non
877 3953 974 4018 facile
1002 3958 1052 4018 est
1074 3954 1246 4027 conicere,
1270 3973 1312 4018 an
1336 3951 1378 4019 de
1401 3974 1480 4019 cen-

300 4099 378 4145 sura
399 4079 452 4144 vel
475 4077 515 4143 de
537 4099 642 4163 poena
665 4080 795 4165 proprie
819 4077 905 4146 dicu
927 4082 1091 4164 ageretur.

388 4363 428 4436 (l)
442 4363 572 4419 Ceterum
585 4365 612 4418 in
627 4383 686 4435 cap.
697 4364 742 4429 10,
758 4365 798 4419 De
810 4365 905 4419 cleric.
917 4357 1022 4418 excom.
1034 4379 1163 4433 expresse
1176 4361 1336 4417 declaratur
1348 4359 1477 4416 immunis

299 4473 334 4526 eb
354 4471 563 4542 irregularitate
581 4473 628 4544 qui
648 4475 771 4528 celebrat
789 4489 899 4528 niuosa
919 4475 1202 4527 eucommunicatione
1223 4473 1334 4542 tipatus.
