3312 5108
549 392 592 438 nn
616 389 770 437 DELtcTIS
795 392 837 437 nr
862 391 981 437 nonnis
1310 368 1353 433 85

173 517 214 581 ab
237 519 307 603 ipso
331 517 471 582 naturali
494 517 576 590 iure,
598 537 663 580 non
686 516 726 581 ab
751 517 918 581 Ecclesiae
941 516 1145 580 auctoritate.
1164 550 1181 562 -
1201 515 1239 578 ln
1254 512 1351 579 huius

172 642 321 707 veritatis
338 641 560 726 probationem
576 641 776 713 advertatur,
790 639 980 705 Gratianum
997 641 1030 704 in
1047 659 1105 704 suo
1122 639 1272 719 Decreta,
1287 657 1351 701 non

174 765 277 830 solum
301 763 462 828 addidisse
486 765 633 830 Oenones
657 764 912 848 poenitentiales,
946 762 1002 828 sed
1027 762 1240 847 poenitentias
1271 780 1354 824 nun-

174 910 269 974 quam
305 889 442 954 iuridice
477 889 662 955 distinxisse
696 909 716 953 a
750 891 864 975 poenis
900 890 954 953 vel
989 908 1009 952 a
1043 890 1201 961 censuris,
1231 894 1263 952 et
1295 888 1356 952 has

174 1033 286 1079 omnes
321 1017 408 1080 inter
442 1036 486 1089 se,
519 1015 748 1100 multiplicibus
782 1015 946 1099 usurpatis
981 1011 1155 1084 vocabulis,
1188 1014 1356 1076 miscuisse

174 1158 235 1202 nec
266 1139 366 1203 ullam
398 1145 520 1204 certam
551 1140 752 1225 disciplinam
784 1141 873 1205 circa
902 1144 1073 1223 utrumque
1104 1138 1221 1220 forum,
1245 1138 1354 1201 varias

173 1287 304 1352 poenas.
330 1287 504 1350 eorumque
521 1287 613 1331 usum
637 1285 821 1352 proponere
844 1267 997 1351 potuisse.

264 1387 317 1454 52.
344 1387 560 1462 Quamobrem
591 1394 800 1454 consecutum
832 1393 881 1453 est
911 1389 943 1451 in
974 1389 1166 1470 antiquiore.
1184 1385 1355 1472 disciplina

175 1533 239 1577 non
264 1489 602 1578 lieri‘distiuctionem
629 1503 716 1578 inter
746 1514 883 1578 crimina
913 1513 1043 1588 ciuilio,
1077 1513 1299 1579 ccctenosb'cc
1323 1515 1356 1575 et

174 1635 389 1702 macto-aueo
413 1637 504 1702 utin
528 1636 635 1702 omnia
658 1637 795 1702 crimina
818 1636 965 1703 Ecclesia
989 1637 1048 1701 sibi
1066 1636 1249 1701 vindicaret
1272 1655 1356 1700 com·

161 1743 361 1846 petendam,
393 1769 425 1826 et
456 1764 504 1826 ius
535 1761 809 1826 animadvertendi
842 1767 987 1845 propter
1006 1766 1195 1844 peccatam,
1222 1760 1356 1826 ratione

176 1889 420 1954 samamentoti
444 1886 499 1972 (l).
526 1889 611 1953 Hinc
634 1890 661 1952 si
686 1890 765 1972 quis,
790 1893 917 1974 patrato
941 1888 1086 1959 crimine,
1112 1885 1151 1950 ad
1176 1885 1355 1950 Ecclesiam

175 2012 370 2098 confugeret
391 2012 535 2096 publicas
558 2014 772 2098 poenitentias
788 2017 995 2096 suscepturus
1012 2031 1076 2074 non
1092 2010 1229 2075 debebat
1245 2009 1355 2074 detur-

174 2138 246 2203 bari
271 2159 291 2202 a
314 2143 471 2223 potestate
495 2139 579 2202 laica
600 2139 661 2203 nisi
686 2137 809 2204 fraudis
832 2143 917 2204 esset
940 2144 1122 2224 suspectus;
1148 2137 1256 2220 etqui
1280 2136 1356 2200 inci·

176 2258 271 2323 derat
293 2260 326 2322 in
354 2279 474 2344 poenas
504 2260 617 2324 civiles
647 2265 781 2344 propter
811 2261 949 2326 crimina
979 2279 1044 2322 non
1075 2258 1293 2344 recipiebatur
1316 2255 1356 2322 ad

177 2382 433 2446 communionem
465 2387 743 2447 sacramentorum
767 2383 827 2448 nisi
852 2382 980 2468 publica
999 2387 1133 2466 peracta
1148 2382 1353 2466 poenitentia.

177 2503 240 2578 Qui
256 2523 335 2568 nero
353 2503 575 2571 detractabant
595 2508 809 2591 poenitentias
833 2509 998 2591 suscipere
1015 2507 1054 2571 ab
1071 2507 1218 2572 Ecclesia
1241 2506 1355 2570 decre-

175 2635 237 2699 tas,
256 2628 296 2692 ad
320 2627 379 2692 has
403 2626 583 2694 subeundas
607 2627 809 2715 cogebantur
833 2650 852 2694 a
876 2629 1022 2694 civilibus
1044 2629 1251 2715 Magistratis.
1273 2631 1358 2695 Auc-

176 2821 338 2875 cretalistas
366 2822 417 2876 hos
444 2823 574 2877 incusans
603 2823 665 2876 iura
689 2824 780 2878 civilis
805 2825 978 2894 principatus
997 2829 1122 2893 repetere
1141 2825 1176 2878 ab
1195 2825 1255 2893 ipso
1275 2824 1354 2878 Rom.

176 2929 330 2996 Pontifice‚·
343 2931 383 2984 ait
396 2931 478 2984 euim.
497 2936 598 2986 «Sunt
614 2937 643 2987 et
661 2933 747 2997 tertii,
760 2949 829 3004 quos
844 2934 1042 2987 Decretalistas
1061 2935 1169 2996 vocant,
1183 2931 1355 3002 Theologise

177 3052 210 3088 ac
229 3034 428 3105 Philosophiae
447 3037 596 3092 cuiuslibet
616 3038 695 3091 inscii
715 3043 744 3092 et
764 3043 893 3108 expertes
911 3039 959 3108 qui
978 3038 1035 3092 suis
1057 3037 1250 3092 Decretalibus
1276 3035 1357 3107 (quas

178 3143 304 3210 prolecto
322 3143 495 3196 reiterandae
514 3145 654 3210 existimo)
674 3149 735 3197 tota
754 3143 910 3199 intentione
930 3145 1027 3210 innixi,
1047 3143 1081 3197 de
1100 3143 1213 3197 illarum
1235 3157 1354 3212 praeva-

177 3247 275 3317 lentia,
289 3248 381 3313 credo,
394 3254 538 3318 sperantes
552 3249 674 3320 Imperio
687 3251 830 3320 derogant.
843 3250 952 3305 Revera
972 3251 1063 3319 plures
1084 3249 1292 3314 Decretalistae,
1307 3266 1354 3304 ne-

177 3357 299 3409 scientes
317 3355 489 3424 distinguere
507 3373 579 3427 quae
601 3375 618 3410 a
636 3358 696 3412 iure
720 3357 814 3410 divino
832 3357 1032 3423 ecclesiastico,
1050 3361 1079 3411 et
1097 3373 1169 3427 quae
1187 3374 1204 3409 a
1222 3357 1283 3410 iure
1305 3373 1356 3410 na·

177 3461 263 3516 turali
282 3459 406 3515 humane
425 3462 560 3530 derivant,
579 3464 730 3532 repetenda
748 3481 808 3519 esse
830 3464 989 3518 iudicarunt
1007 3481 1024 3517 a
1042 3465 1163 3532 primatu
1188 3465 1266 3518 Rom.
1286 3463 1358 3517 Pon·

178 3570 262 3623 tilicis
282 3570 367 3624 etiam
381 3587 452 3640 quae
465 3575 594 3638 spectant
607 3571 641 3625 ad
653 3572 879 3627 constitutionem
893 3571 984 3625 civilis
1002 3572 1145 3626 societatis
1159 3577 1187 3626 et
1201 3571 1319 3642 Imperii
1330 3587 1358 3627 ›.

179 3671 342 3726 Huiusmodi
369 3674 485 3744 placita,
509 3692 579 3744 pene
608 3679 763 3745 postremus
791 3679 902 3730 secutus
927 3681 970 3730 est
995 3677 1209 3729 Panormitanus
1228 3675 1356 3747 (†1453)

178 3795 261 3849 quem
289 3779 470 3836 vehementer
497 3783 624 3853 increpat
651 3782 731 3852 Lego
758 3783 800 3838 Dc
824 3785 1021 3852 veritatcfidci
1050 3785 1170 3850 diotone,
1198 3782 1283 3838 Diaer.
1315 3783 1356 3839 19.

181 3903 255 3938 num.
275 3885 312 3938 95
330 3903 370 3956 sq.

268 3992 307 4062 (l)
328 3993 524 4060 Aitlllorinus,
547 3994 595 4065 Op.
616 3996 659 4049 cit.
680 3995 725 4049 tib.
747 3997 768 4048 1.
789 4001 848 4062 cap.
864 3994 892 4048 9.·
910 3995 1114 4066 <Quamquam
1133 3996 1207 4050 enim
1227 4000 1287 4049 toto
1305 3996 1357 4050 illo

178 4103 303 4169 tempore
323 4100 471 4154 nonnullas
489 4103 583 4171 magni
603 4103 736 4156 momenti
755 4103 915 4170 varietates,
939 4103 1102 4174 urgentibus
1121 4103 1154 4158 de
1173 4104 1270 4172 causis,
1291 4103 1359 4173 Epi·

178 4204 253 4274 scopi
267 4205 296 4257 in
308 4204 451 4259 Ecclesiae
470 4205 653 4276 disciplinam,
663 4223 734 4276 quae
754 4207 955 4276 poenitentiam
968 4212 1085 4278 spectat,
1099 4209 1273 4274 induxerint;
1291 4227 1358 4264 con·

179 4307 349 4361 stantissime
369 4313 462 4362 tamen
480 4309 699 4364 iurisdictionem
718 4327 795 4363 suam
815 4311 844 4363 in
856 4311 950 4364 omnia
968 4312 1086 4366 crimina
1104 4313 1189 4366 etiam
1209 4313 1359 4381 levissima,

180 4416 298 4482 occulta,
312 4421 341 4471 et
359 4417 480 4486 publica,
496 4420 703 4486 sacramentali,
720 4423 750 4473 ut
763 4436 836 4473 nttuc
852 4419 999 4492 loquimur,
1013 4426 1122 4478 ratione
1135 4427 1320 4478 exercuerunt
1332 4441 1358 4482 >›·

181 4521 251 4578 Huic
270 4523 432 4594 disciplinae
451 4525 630 4581 fundamenta
649 4527 715 4581 iecit
734 4527 806 4582 liber
826 4527 860 4580 11
879 4528 968 4583 Conse.
987 4531 1223 4600 Apostolicorum.
