<?xml version="1.0" encoding="UTF-8"?>
<!DOCTYPE html PUBLIC "-//W3C//DTD XHTML 1.0 Transitional//EN"
    "http://www.w3.org/TR/xhtml1/DTD/xhtml1-transitional.dtd">
<html xmlns="http://www.w3.org/1999/xhtml" xml:lang="en" lang="en">
 <head>
  <title>
</title>
<meta http-equiv="Content-Type" content="text/html;charset=utf-8" />
  <meta name='ocr-system' content='tesseract 3.04.00' />
  <meta name='ocr-capabilities' content='ocr_page ocr_carea ocr_par ocr_line ocrx_word'/>
</head>
<body>
  <div class='ocr_page' id='page_1' title='image "./praelectionesin02legagoog_0366.png"; bbox 0 0 3306 5102; ppageno 0'>
   <div class='ocr_carea' id='block_1_1' title="bbox 555 304 1356 370">
    <p class='ocr_par' dir='ltr' id='par_1_1' title="bbox 555 304 1356 370">
     <span class='ocr_line' id='line_1_1' title="bbox 555 304 1356 370; baseline 0.005 -6"><span class='ocrx_word' id='word_1_1' title='bbox 555 317 598 364; x_wconf 84' lang='lat' dir='ltr'>ns</span> <span class='ocrx_word' id='word_1_2' title='bbox 622 319 775 366; x_wconf 80' lang='lat' dir='ltr'>nemoris</span> <span class='ocrx_word' id='word_1_3' title='bbox 798 321 841 366; x_wconf 84' lang='lat' dir='ltr'>nr</span> <span class='ocrx_word' id='word_1_4' title='bbox 866 320 983 367; x_wconf 78' lang='lat' dir='ltr'>sosius</span> <span class='ocrx_word' id='word_1_5' title='bbox 1295 304 1356 370; x_wconf 89' lang='grc'>361</span> 
     </span>
    </p>
   </div>
   <div class='ocr_carea' id='block_1_2' title="bbox 152 439 1361 3531">
    <p class='ocr_par' dir='ltr' id='par_1_2' title="bbox 152 439 1361 1510">
     <span class='ocr_line' id='line_1_2' title="bbox 186 439 1360 528; baseline 0.007 -24"><span class='ocrx_word' id='word_1_6' title='bbox 186 439 343 523; x_wconf 75' lang='lat' dir='ltr'>infautia,</span> <span class='ocrx_word' id='word_1_7' title='bbox 368 444 414 508; x_wconf 88' lang='lat' dir='ltr'>uti</span> <span class='ocrx_word' id='word_1_8' title='bbox 439 447 527 508; x_wconf 89' lang='lat' dir='ltr'>notat</span> <span class='ocrx_word' id='word_1_9' title='bbox 548 443 662 508; x_wconf 81' lang='lat' dir='ltr'>Glossa</span> <span class='ocrx_word' id='word_1_10' title='bbox 686 463 760 527; x_wconf 86' lang='lat' dir='ltr'>cap.</span> <span class='ocrx_word' id='word_1_11' title='bbox 777 465 835 510; x_wconf 78' lang='lat' dir='ltr'>un.</span> <span class='ocrx_word' id='word_1_12' title='bbox 853 447 883 509; x_wconf 86' lang='lat' dir='ltr'>b.</span> <span class='ocrx_word' id='word_1_13' title='bbox 910 451 930 510; x_wconf 90' lang='lat' dir='ltr'>t.</span> <span class='ocrx_word' id='word_1_14' title='bbox 955 466 985 519; x_wconf 87' lang='lat' dir='ltr'>v,</span> <span class='ocrx_word' id='word_1_15' title='bbox 1012 446 1186 528; x_wconf 77' lang='lat' dir='ltr'>infamari.</span> <span class='ocrx_word' id='word_1_16' title='bbox 1205 448 1252 513; x_wconf 81' lang='lat' dir='ltr'>Gi.</span> <span class='ocrx_word' id='word_1_17' title='bbox 1271 449 1360 514; x_wconf 89' lang='lat' dir='ltr'>Santi</span> 
     </span>
     <span class='ocr_line' id='line_1_3' title="bbox 152 566 1360 656; baseline 0.006 -27"><span class='ocrx_word' id='word_1_18' title='bbox 152 650 156 656; x_wconf 24' lang='grc' dir='ltr'><strong><em>Ι</em></strong></span> <span class='ocrx_word' id='word_1_19' title='bbox 187 566 218 630; x_wconf 80' lang='lat' dir='ltr'>la.</span> <span class='ocrx_word' id='word_1_20' title='bbox 237 573 256 632; x_wconf 92' lang='lat' dir='ltr'>t.</span> <span class='ocrx_word' id='word_1_21' title='bbox 273 589 307 634; x_wconf 80' lang='lat' dir='ltr'>a.</span> <span class='ocrx_word' id='word_1_22' title='bbox 328 567 361 634; x_wconf 87' lang='lat'>3.</span> <span class='ocrx_word' id='word_1_23' title='bbox 387 568 478 643; x_wconf 91' lang='lat' dir='ltr'>Quod</span> <span class='ocrx_word' id='word_1_24' title='bbox 502 589 583 634; x_wconf 84' lang='lat' dir='ltr'>vero</span> <span class='ocrx_word' id='word_1_25' title='bbox 607 577 800 635; x_wconf 73' lang='lat' dir='ltr'>executores</span> <span class='ocrx_word' id='word_1_26' title='bbox 824 591 993 636; x_wconf 92' lang='lat' dir='ltr'>munerum</span> <span class='ocrx_word' id='word_1_27' title='bbox 1016 572 1240 645; x_wconf 85' lang='lat' dir='ltr'>saecularium,</span> <span class='ocrx_word' id='word_1_28' title='bbox 1261 574 1360 638; x_wconf 87' lang='lat' dir='ltr'>veluti</span> 
     </span>
     <span class='ocr_line' id='line_1_4' title="bbox 185 695 1359 784; baseline 0.004 -28"><span class='ocrx_word' id='word_1_29' title='bbox 185 698 426 777; x_wconf 76' lang='lat' dir='ltr'>procuratores,</span> <span class='ocrx_word' id='word_1_30' title='bbox 449 700 584 775; x_wconf 86' lang='lat' dir='ltr'>tutores,</span> <span class='ocrx_word' id='word_1_31' title='bbox 608 695 829 781; x_wconf 83' lang='lat' dir='ltr'>redemptores</span> <span class='ocrx_word' id='word_1_32' title='bbox 860 697 1057 781; x_wconf 88' lang='lat' dir='ltr'>victigalium</span> <span class='ocrx_word' id='word_1_33' title='bbox 1080 706 1136 762; x_wconf 90' lang='lat' dir='ltr'>aut</span> <span class='ocrx_word' id='word_1_34' title='bbox 1159 697 1359 784; x_wconf 89' lang='lat' dir='ltr'>publicarum</span> 
     </span>
     <span class='ocr_line' id='line_1_5' title="bbox 185 817 1359 903; baseline 0.009 -29"><span class='ocrx_word' id='word_1_35' title='bbox 185 835 357 900; x_wconf 89' lang='lat' dir='ltr'>operarum</span> <span class='ocrx_word' id='word_1_36' title='bbox 374 817 414 882; x_wconf 90' lang='lat' dir='ltr'>ad</span> <span class='ocrx_word' id='word_1_37' title='bbox 437 817 567 884; x_wconf 83' lang='lat' dir='ltr'>ordines</span> <span class='ocrx_word' id='word_1_38' title='bbox 583 820 767 903; x_wconf 86' lang='lat' dir='ltr'>promoveri</span> <span class='ocrx_word' id='word_1_39' title='bbox 784 837 849 883; x_wconf 91' lang='lat' dir='ltr'>non</span> <span class='ocrx_word' id='word_1_40' title='bbox 865 817 1014 900; x_wconf 87' lang='lat' dir='ltr'>debeant,</span> <span class='ocrx_word' id='word_1_41' title='bbox 1034 821 1095 885; x_wconf 90' lang='lat' dir='ltr'>nisi</span> <span class='ocrx_word' id='word_1_42' title='bbox 1112 819 1246 884; x_wconf 82' lang='lat' dir='ltr'>redditis</span> <span class='ocrx_word' id='word_1_43' title='bbox 1264 821 1359 886; x_wconf 92' lang='lat' dir='ltr'>ratio-</span> 
     </span>
     <span class='ocr_line' id='line_1_6' title="bbox 186 943 1361 1032; baseline 0.005 -26"><span class='ocrx_word' id='word_1_44' title='bbox 186 943 282 1010; x_wconf 86' lang='lat' dir='ltr'>nibus</span> <span class='ocrx_word' id='word_1_45' title='bbox 302 949 334 1008; x_wconf 90' lang='lat' dir='ltr'>et</span> <span class='ocrx_word' id='word_1_46' title='bbox 349 946 434 1010; x_wconf 91' lang='lat' dir='ltr'>omni</span> <span class='ocrx_word' id='word_1_47' title='bbox 458 947 603 1012; x_wconf 85' lang='lat' dir='ltr'>extincta</span> <span class='ocrx_word' id='word_1_48' title='bbox 625 945 752 1012; x_wconf 85' lang='lat' dir='ltr'>actione</span> <span class='ocrx_word' id='word_1_49' title='bbox 775 947 861 1011; x_wconf 87' lang='lat' dir='ltr'>civili</span> <span class='ocrx_word' id='word_1_50' title='bbox 885 953 941 1012; x_wconf 91' lang='lat' dir='ltr'>aut</span> <span class='ocrx_word' id='word_1_51' title='bbox 963 947 1122 1011; x_wconf 91' lang='lat' dir='ltr'>criminali</span> <span class='ocrx_word' id='word_1_52' title='bbox 1147 967 1209 1030; x_wconf 92' lang='lat' dir='ltr'>qua</span> <span class='ocrx_word' id='word_1_53' title='bbox 1232 951 1361 1032; x_wconf 88' lang='lat' dir='ltr'>possent</span> 
     </span>
     <span class='ocr_line' id='line_1_7' title="bbox 185 1067 1358 1157; baseline 0.003 -25"><span class='ocrx_word' id='word_1_54' title='bbox 185 1067 317 1153; x_wconf 85' lang='lat' dir='ltr'>pulsari,</span> <span class='ocrx_word' id='word_1_55' title='bbox 334 1071 365 1134; x_wconf 94' lang='lat' dir='ltr'>id</span> <span class='ocrx_word' id='word_1_56' title='bbox 382 1071 539 1136; x_wconf 87' lang='lat' dir='ltr'>naturalis</span> <span class='ocrx_word' id='word_1_57' title='bbox 563 1071 733 1156; x_wconf 89' lang='lat' dir='ltr'>prudentia</span> <span class='ocrx_word' id='word_1_58' title='bbox 749 1071 940 1157; x_wconf 85' lang='lat' dir='ltr'>expostulat,</span> <span class='ocrx_word' id='word_1_59' title='bbox 958 1070 1095 1156; x_wconf 86' lang='lat' dir='ltr'>dignitas</span> <span class='ocrx_word' id='word_1_60' title='bbox 1111 1071 1235 1137; x_wconf 90' lang='lat' dir='ltr'>ordinis</span> <span class='ocrx_word' id='word_1_61' title='bbox 1249 1093 1358 1136; x_wconf 88' lang='lat' dir='ltr'>sacer-</span> 
     </span>
     <span class='ocr_line' id='line_1_8' title="bbox 185 1192 1357 1282; baseline 0.004 -26"><span class='ocrx_word' id='word_1_62' title='bbox 185 1192 299 1258; x_wconf 88' lang='lat' dir='ltr'>dotalis</span> <span class='ocrx_word' id='word_1_63' title='bbox 315 1201 347 1259; x_wconf 89' lang='lat' dir='ltr'>st</span> <span class='ocrx_word' id='word_1_64' title='bbox 363 1195 430 1279; x_wconf 89' lang='lat' dir='ltr'>ipsa</span> <span class='ocrx_word' id='word_1_65' title='bbox 450 1196 634 1260; x_wconf 89' lang='lat' dir='ltr'>constitutio</span> <span class='ocrx_word' id='word_1_66' title='bbox 654 1196 814 1282; x_wconf 86' lang='lat' dir='ltr'>privilegii</span> <span class='ocrx_word' id='word_1_67' title='bbox 838 1195 909 1278; x_wconf 74' lang='lat' dir='ltr'>fori</span> <span class='ocrx_word' id='word_1_68' title='bbox 932 1201 964 1260; x_wconf 86' lang='lat' dir='ltr'>et</span> <span class='ocrx_word' id='word_1_69' title='bbox 986 1196 1148 1280; x_wconf 90' lang='lat' dir='ltr'>privilegii</span> <span class='ocrx_word' id='word_1_70' title='bbox 1172 1202 1357 1278; x_wconf 82' lang='lat' dir='ltr'>competen-</span> 
     </span>
     <span class='ocr_line' id='line_1_9' title="bbox 184 1318 1357 1394; baseline 0.002 -12"><span class='ocrx_word' id='word_1_71' title='bbox 184 1318 251 1383; x_wconf 86' lang='lat' dir='ltr'>tiae</span> <span class='ocrx_word' id='word_1_72' title='bbox 267 1319 469 1394; x_wconf 82' lang='lat' dir='ltr'>clericcrum</span> <span class='ocrx_word' id='word_1_73' title='bbox 487 1339 529 1385; x_wconf 86' lang='lat' dir='ltr'>ne</span> <span class='ocrx_word' id='word_1_74' title='bbox 545 1320 578 1385; x_wconf 94' lang='lat' dir='ltr'>hi</span> <span class='ocrx_word' id='word_1_75' title='bbox 603 1319 773 1386; x_wconf 90' lang='lat' dir='ltr'>videantur</span> <span class='ocrx_word' id='word_1_76' title='bbox 789 1321 957 1386; x_wconf 91' lang='lat' dir='ltr'>clericatui</span> <span class='ocrx_word' id='word_1_77' title='bbox 972 1340 1088 1385; x_wconf 87' lang='lat' dir='ltr'>nomen</span> <span class='ocrx_word' id='word_1_78' title='bbox 1109 1321 1188 1385; x_wconf 87' lang='lat' dir='ltr'>dare</span> <span class='ocrx_word' id='word_1_79' title='bbox 1209 1323 1243 1384; x_wconf 95' lang='lat' dir='ltr'>in</span> <span class='ocrx_word' id='word_1_80' title='bbox 1267 1321 1357 1385; x_wconf 84' lang='lat' dir='ltr'>frau-</span> 
     </span>
     <span class='ocr_line' id='line_1_10' title="bbox 183 1443 485 1510; baseline 0.003 -3"><span class='ocrx_word' id='word_1_81' title='bbox 183 1443 254 1508; x_wconf 87' lang='lat' dir='ltr'>dem</span> <span class='ocrx_word' id='word_1_82' title='bbox 279 1444 485 1510; x_wconf 87' lang='lat' dir='ltr'>creditorum.</span> 
     </span>
    </p>

    <p class='ocr_par' dir='ltr' id='par_1_3' title="bbox 179 1553 1358 2407">
     <span class='ocr_line' id='line_1_11' title="bbox 273 1553 1358 1657; baseline 0.001 -22"><span class='ocrx_word' id='word_1_83' title='bbox 273 1571 364 1636; x_wconf 88' lang='lat' dir='ltr'>Haec</span> <span class='ocrx_word' id='word_1_84' title='bbox 386 1571 559 1656; x_wconf 87' lang='lat' dir='ltr'>prohibitio</span> <span class='ocrx_word' id='word_1_85' title='bbox 575 1575 700 1657; x_wconf 90' lang='lat' dir='ltr'>spectat</span> <span class='ocrx_word' id='word_1_86' title='bbox 714 1569 753 1633; x_wconf 88' lang='lat' dir='ltr'>ad</span> <span class='ocrx_word' id='word_1_87' title='bbox 772 1589 907 1635; x_wconf 91' lang='lat' dir='ltr'>munera</span> <span class='ocrx_word' id='word_1_88' title='bbox 929 1553 1057 1634; x_wconf 86' lang='lat' dir='ltr'>clericis</span> <span class='ocrx_word' id='word_1_89' title='bbox 1080 1571 1251 1656; x_wconf 87' lang='lat' dir='ltr'>prohibita.</span> <span class='ocrx_word' id='word_1_90' title='bbox 1275 1606 1292 1618; x_wconf 94' lang='lat'><em>-</em></span> <span class='ocrx_word' id='word_1_91' title='bbox 1315 1571 1358 1636; x_wconf 86' lang='lat' dir='ltr'>At</span> 
     </span>
     <span class='ocr_line' id='line_1_12' title="bbox 183 1695 1356 1783; baseline 0.004 -25"><span class='ocrx_word' id='word_1_92' title='bbox 183 1695 233 1759; x_wconf 89' lang='lat' dir='ltr'>his</span> <span class='ocrx_word' id='word_1_93' title='bbox 257 1696 428 1764; x_wconf 85' lang='lat' dir='ltr'>interdicta</span> <span class='ocrx_word' id='word_1_94' title='bbox 451 1709 588 1762; x_wconf 88' lang='lat' dir='ltr'>nonest</span> <span class='ocrx_word' id='word_1_95' title='bbox 619 1697 720 1761; x_wconf 89' lang='lat' dir='ltr'>tutela</span> <span class='ocrx_word' id='word_1_96' title='bbox 751 1702 784 1762; x_wconf 90' lang='lat' dir='ltr'>et</span> <span class='ocrx_word' id='word_1_97' title='bbox 813 1695 960 1760; x_wconf 85' lang='lat' dir='ltr'>curatela</span> <span class='ocrx_word' id='word_1_98' title='bbox 990 1702 1180 1783; x_wconf 84' lang='lat' dir='ltr'>agnatorum</span> <span class='ocrx_word' id='word_1_99' title='bbox 1213 1718 1356 1778; x_wconf 85' lang='lat' dir='ltr'>suorum,</span> 
     </span>
     <span class='ocr_line' id='line_1_13' title="bbox 182 1822 1357 1907; baseline 0.003 -23"><span class='ocrx_word' id='word_1_100' title='bbox 182 1822 258 1886; x_wconf 82' lang='lat' dir='ltr'>item</span> <span class='ocrx_word' id='word_1_101' title='bbox 287 1822 490 1907; x_wconf 90' lang='lat' dir='ltr'>pupillorum,</span> <span class='ocrx_word' id='word_1_102' title='bbox 514 1822 683 1887; x_wconf 88' lang='lat' dir='ltr'>viduarum</span> <span class='ocrx_word' id='word_1_103' title='bbox 710 1831 743 1888; x_wconf 89' lang='lat' dir='ltr'>et</span> <span class='ocrx_word' id='word_1_104' title='bbox 770 1822 999 1888; x_wconf 86' lang='lat' dir='ltr'>miserabilium</span> <span class='ocrx_word' id='word_1_105' title='bbox 1023 1842 1234 1907; x_wconf 89' lang='lat' dir='ltr'>personarum</span> <span class='ocrx_word' id='word_1_106' title='bbox 1259 1829 1299 1898; x_wconf 81' lang='lat' dir='ltr'>et,</span> <span class='ocrx_word' id='word_1_107' title='bbox 1325 1826 1357 1888; x_wconf 90' lang='lat' dir='ltr'>in</span> 
     </span>
     <span class='ocr_line' id='line_1_14' title="bbox 181 1947 1356 2035; baseline 0.002 -23"><span class='ocrx_word' id='word_1_108' title='bbox 181 1949 377 2028; x_wconf 84' lang='lat' dir='ltr'>universum,</span> <span class='ocrx_word' id='word_1_109' title='bbox 391 1967 561 2013; x_wconf 91' lang='lat' dir='ltr'>causarum</span> <span class='ocrx_word' id='word_1_110' title='bbox 578 1949 703 2032; x_wconf 91' lang='lat' dir='ltr'>piarum</span> <span class='ocrx_word' id='word_1_111' title='bbox 719 1947 965 2024; x_wconf 90' lang='lat' dir='ltr'>administratio;</span> <span class='ocrx_word' id='word_1_112' title='bbox 982 1947 1189 2032; x_wconf 89' lang='lat' dir='ltr'>quamobrem</span> <span class='ocrx_word' id='word_1_113' title='bbox 1206 1949 1356 2035; x_wconf 84' lang='lat' dir='ltr'>obligatio</span> 
     </span>
     <span class='ocr_line' id='line_1_15' title="bbox 182 2053 1357 2160; baseline 0.004 -26"><span class='ocrx_word' id='word_1_114' title='bbox 182 2069 418 2137; x_wconf 90' lang='lat' dir='ltr'>reddendarum</span> <span class='ocrx_word' id='word_1_115' title='bbox 443 2074 602 2138; x_wconf 89' lang='lat' dir='ltr'>rationum</span> <span class='ocrx_word' id='word_1_116' title='bbox 627 2073 659 2136; x_wconf 93' lang='lat' dir='ltr'>in</span> <span class='ocrx_word' id='word_1_117' title='bbox 682 2053 771 2139; x_wconf 84' lang='lat' dir='ltr'>hisce</span> <span class='ocrx_word' id='word_1_118' title='bbox 795 2073 899 2138; x_wconf 88' lang='lat' dir='ltr'>causis</span> <span class='ocrx_word' id='word_1_119' title='bbox 922 2073 1043 2138; x_wconf 90' lang='lat' dir='ltr'>nullum</span> <span class='ocrx_word' id='word_1_120' title='bbox 1067 2077 1210 2158; x_wconf 87' lang='lat' dir='ltr'>praestat</span> <span class='ocrx_word' id='word_1_121' title='bbox 1229 2074 1357 2160; x_wconf 90' lang='lat' dir='ltr'>impedi·</span> 
     </span>
     <span class='ocr_line' id='line_1_16' title="bbox 180 2196 1354 2284; baseline 0.003 -26"><span class='ocrx_word' id='word_1_122' title='bbox 180 2201 322 2261; x_wconf 89' lang='lat' dir='ltr'>mentum</span> <span class='ocrx_word' id='word_1_123' title='bbox 345 2196 510 2262; x_wconf 88' lang='lat' dir='ltr'>ordinibus</span> <span class='ocrx_word' id='word_1_124' title='bbox 533 2196 743 2282; x_wconf 86' lang='lat' dir='ltr'>suscipiendis</span> <span class='ocrx_word' id='word_1_125' title='bbox 767 2202 799 2261; x_wconf 92' lang='lat' dir='ltr'>et</span> <span class='ocrx_word' id='word_1_126' title='bbox 821 2197 952 2281; x_wconf 89' lang='lat' dir='ltr'>planum</span> <span class='ocrx_word' id='word_1_127' title='bbox 976 2204 1034 2263; x_wconf 86' lang='lat' dir='ltr'>est.</span> <span class='ocrx_word' id='word_1_128' title='bbox 1059 2198 1107 2264; x_wconf 81' lang='lat' dir='ltr'>Gi.</span> <span class='ocrx_word' id='word_1_129' title='bbox 1128 2198 1263 2284; x_wconf 87' lang='lat' dir='ltr'>Smalzg.</span> <span class='ocrx_word' id='word_1_130' title='bbox 1286 2199 1316 2263; x_wconf 91' lang='lat' dir='ltr'>b.</span> <span class='ocrx_word' id='word_1_131' title='bbox 1335 2205 1354 2264; x_wconf 86' lang='lat' dir='ltr'>t.</span> 
     </span>
     <span class='ocr_line' id='line_1_17' title="bbox 179 2319 1082 2407; baseline 0.002 -23"><span class='ocrx_word' id='word_1_132' title='bbox 179 2341 212 2384; x_wconf 78' lang='lat' dir='ltr'>a.</span> <span class='ocrx_word' id='word_1_133' title='bbox 238 2320 273 2404; x_wconf 86' lang='lat'>3,</span> <span class='ocrx_word' id='word_1_134' title='bbox 301 2319 466 2388; x_wconf 79' lang='lat' dir='ltr'>Reiffenst.</span> <span class='ocrx_word' id='word_1_135' title='bbox 492 2321 565 2389; x_wconf 84' lang='lat' dir='ltr'>eod.</span> <span class='ocrx_word' id='word_1_136' title='bbox 590 2322 636 2388; x_wconf 79' lang='lat' dir='ltr'>tir.</span> <span class='ocrx_word' id='word_1_137' title='bbox 660 2341 694 2386; x_wconf 79' lang='lat' dir='ltr'>a.</span> <span class='ocrx_word' id='word_1_138' title='bbox 721 2321 752 2396; x_wconf 86' lang='lat'>7,</span> <span class='ocrx_word' id='word_1_139' title='bbox 779 2321 925 2407; x_wconf 90' lang='lat' dir='ltr'>Pirhing.</span> <span class='ocrx_word' id='word_1_140' title='bbox 950 2341 977 2388; x_wconf 87' lang='lat' dir='ltr'>e.</span> <span class='ocrx_word' id='word_1_141' title='bbox 1004 2327 1024 2386; x_wconf 92' lang='lat' dir='ltr'>t.</span> <span class='ocrx_word' id='word_1_142' title='bbox 1049 2321 1082 2388; x_wconf 87' lang='lat'>3.</span> 
     </span>
    </p>

    <p class='ocr_par' dir='ltr' id='par_1_4' title="bbox 176 2447 1354 3531">
     <span class='ocr_line' id='line_1_18' title="bbox 268 2447 1354 2532; baseline 0.002 -22"><span class='ocrx_word' id='word_1_143' title='bbox 268 2447 342 2512; x_wconf 81' lang='lat'><strong>273.</strong></span> <span class='ocrx_word' id='word_1_144' title='bbox 368 2447 531 2521; x_wconf 87' lang='lat' dir='ltr'>Quaedam</span> <span class='ocrx_word' id='word_1_145' title='bbox 554 2448 678 2532; x_wconf 90' lang='lat' dir='ltr'>species</span> <span class='ocrx_word' id='word_1_146' title='bbox 701 2447 865 2513; x_wconf 86' lang='lat' dir='ltr'>servitutis</span> <span class='ocrx_word' id='word_1_147' title='bbox 889 2466 982 2531; x_wconf 89' lang='lat' dir='ltr'>quarn</span> <span class='ocrx_word' id='word_1_148' title='bbox 1008 2447 1092 2512; x_wconf 88' lang='lat' dir='ltr'>Deus</span> <span class='ocrx_word' id='word_1_149' title='bbox 1116 2448 1272 2532; x_wconf 85' lang='lat' dir='ltr'>permittit</span> <span class='ocrx_word' id='word_1_150' title='bbox 1294 2448 1354 2512; x_wconf 91' lang='lat' dir='ltr'>ho-</span> 
     </span>
     <span class='ocr_line' id='line_1_19' title="bbox 179 2569 1354 2654; baseline 0.003 -21"><span class='ocrx_word' id='word_1_151' title='bbox 179 2571 282 2634; x_wconf 89' lang='lat' dir='ltr'>mines</span> <span class='ocrx_word' id='word_1_152' title='bbox 305 2571 475 2654; x_wconf 90' lang='lat' dir='ltr'>aliquando</span> <span class='ocrx_word' id='word_1_153' title='bbox 499 2572 563 2654; x_wconf 92' lang='lat' dir='ltr'>pati</span> <span class='ocrx_word' id='word_1_154' title='bbox 587 2575 637 2634; x_wconf 89' lang='lat' dir='ltr'>est</span> <span class='ocrx_word' id='word_1_155' title='bbox 656 2571 823 2653; x_wconf 77' lang='lat' dir='ltr'>possessio</span> <span class='ocrx_word' id='word_1_156' title='bbox 847 2570 1024 2636; x_wconf 76' lang='lat' dir='ltr'>daemonis</span> <span class='ocrx_word' id='word_1_157' title='bbox 1049 2569 1133 2634; x_wconf 90' lang='lat' dir='ltr'>unde</span> <span class='ocrx_word' id='word_1_158' title='bbox 1163 2571 1354 2637; x_wconf 79' lang='lat' dir='ltr'>demoniaci</span> 
     </span>
     <span class='ocr_line' id='line_1_20' title="bbox 177 2696 1354 2782; baseline 0.001 -22"><span class='ocrx_word' id='word_1_159' title='bbox 177 2701 233 2761; x_wconf 91' lang='lat' dir='ltr'>aut</span> <span class='ocrx_word' id='word_1_160' title='bbox 249 2697 478 2782; x_wconf 71' lang='lat' dir='ltr'>energumeni.</span> <span class='ocrx_word' id='word_1_161' title='bbox 493 2735 509 2744; x_wconf 88' lang='lat'>-</span> <span class='ocrx_word' id='word_1_162' title='bbox 524 2697 588 2761; x_wconf 85' lang='lat' dir='ltr'>llD.</span> <span class='ocrx_word' id='word_1_163' title='bbox 602 2703 761 2782; x_wconf 89' lang='lat' dir='ltr'>quaerunt</span> <span class='ocrx_word' id='word_1_164' title='bbox 776 2717 818 2760; x_wconf 93' lang='lat' dir='ltr'>an</span> <span class='ocrx_word' id='word_1_165' title='bbox 835 2696 952 2762; x_wconf 88' lang='lat' dir='ltr'>exinde</span> <span class='ocrx_word' id='word_1_166' title='bbox 975 2697 1100 2762; x_wconf 90' lang='lat' dir='ltr'>oriatur</span> <span class='ocrx_word' id='word_1_167' title='bbox 1123 2697 1255 2780; x_wconf 87' lang='lat' dir='ltr'>propria</span> <span class='ocrx_word' id='word_1_168' title='bbox 1270 2697 1354 2761; x_wconf 89' lang='lat' dir='ltr'>irre-</span> 
     </span>
     <span class='ocr_line' id='line_1_21' title="bbox 178 2819 1354 2904; baseline 0.002 -20"><span class='ocrx_word' id='word_1_169' title='bbox 178 2819 343 2904; x_wconf 85' lang='lat' dir='ltr'>gularitas,</span> <span class='ocrx_word' id='word_1_170' title='bbox 367 2827 400 2885; x_wconf 86' lang='lat' dir='ltr'>at</span> <span class='ocrx_word' id='word_1_171' title='bbox 422 2824 601 2886; x_wconf 89' lang='lat' dir='ltr'>sententiae</span> <span class='ocrx_word' id='word_1_172' title='bbox 624 2827 700 2886; x_wconf 90' lang='lat' dir='ltr'>sunt</span> <span class='ocrx_word' id='word_1_173' title='bbox 722 2820 894 2887; x_wconf 89' lang='lat' dir='ltr'>discordes.</span> <span class='ocrx_word' id='word_1_174' title='bbox 920 2820 1030 2894; x_wconf 85' lang='lat' dir='ltr'>Quare</span> <span class='ocrx_word' id='word_1_175' title='bbox 1056 2819 1281 2904; x_wconf 86' lang='lat' dir='ltr'>irregularitas</span> <span class='ocrx_word' id='word_1_176' title='bbox 1305 2826 1354 2886; x_wconf 90' lang='lat' dir='ltr'>est</span> 
     </span>
     <span class='ocr_line' id='line_1_22' title="bbox 177 2942 1353 3031; baseline 0.003 -24"><span class='ocrx_word' id='word_1_177' title='bbox 177 2942 273 3008; x_wconf 89' lang='lat' dir='ltr'>dubia</span> <span class='ocrx_word' id='word_1_178' title='bbox 304 2949 336 3010; x_wconf 87' lang='lat' dir='ltr'>et</span> <span class='ocrx_word' id='word_1_179' title='bbox 366 2945 443 3010; x_wconf 91' lang='lat' dir='ltr'>hinc</span> <span class='ocrx_word' id='word_1_180' title='bbox 465 2949 644 3022; x_wconf 89' lang='lat' dir='ltr'>evanescit;</span> <span class='ocrx_word' id='word_1_181' title='bbox 669 2954 702 3011; x_wconf 89' lang='lat' dir='ltr'>et</span> <span class='ocrx_word' id='word_1_182' title='bbox 724 2946 891 3011; x_wconf 82' lang='lat' dir='ltr'>dumtaxat</span> <span class='ocrx_word' id='word_1_183' title='bbox 921 2951 1068 3031; x_wconf 86' lang='lat' dir='ltr'>superest</span> <span class='ocrx_word' id='word_1_184' title='bbox 1092 2946 1174 3010; x_wconf 88' lang='lat' dir='ltr'>ratio</span> <span class='ocrx_word' id='word_1_185' title='bbox 1201 2946 1353 3031; x_wconf 89' lang='lat' dir='ltr'>simplicis</span> 
     </span>
     <span class='ocr_line' id='line_1_23' title="bbox 177 3070 1352 3157; baseline 0.003 -23"><span class='ocrx_word' id='word_1_186' title='bbox 177 3071 404 3156; x_wconf 88' lang='lat' dir='ltr'>impedimenti.</span> <span class='ocrx_word' id='word_1_187' title='bbox 431 3073 578 3137; x_wconf 88' lang='lat' dir='ltr'>lamvero</span> <span class='ocrx_word' id='word_1_188' title='bbox 602 3072 675 3136; x_wconf 91' lang='lat' dir='ltr'>dum</span> <span class='ocrx_word' id='word_1_189' title='bbox 699 3073 787 3157; x_wconf 89' lang='lat' dir='ltr'>viget</span> <span class='ocrx_word' id='word_1_190' title='bbox 810 3072 950 3137; x_wconf 88' lang='lat' dir='ltr'>obsessio</span> <span class='ocrx_word' id='word_1_191' title='bbox 974 3073 1044 3135; x_wconf 91' lang='lat' dir='ltr'>iure</span> <span class='ocrx_word' id='word_1_192' title='bbox 1076 3070 1184 3136; x_wconf 92' lang='lat' dir='ltr'>divino</span> <span class='ocrx_word' id='word_1_193' title='bbox 1208 3077 1241 3138; x_wconf 88' lang='lat' dir='ltr'>et</span> <span class='ocrx_word' id='word_1_194' title='bbox 1264 3075 1352 3138; x_wconf 89' lang='lat' dir='ltr'>natu·</span> 
     </span>
     <span class='ocr_line' id='line_1_24' title="bbox 176 3195 1350 3280; baseline 0.001 -20"><span class='ocrx_word' id='word_1_195' title='bbox 176 3197 237 3260; x_wconf 89' lang='lat' dir='ltr'>rali</span> <span class='ocrx_word' id='word_1_196' title='bbox 254 3196 443 3280; x_wconf 90' lang='lat' dir='ltr'>prohibetur</span> <span class='ocrx_word' id='word_1_197' title='bbox 459 3201 491 3260; x_wconf 93' lang='lat' dir='ltr'>et</span> <span class='ocrx_word' id='word_1_198' title='bbox 506 3196 652 3263; x_wconf 91' lang='lat' dir='ltr'>ordinum</span> <span class='ocrx_word' id='word_1_199' title='bbox 676 3195 835 3280; x_wconf 87' lang='lat' dir='ltr'>susceptio</span> <span class='ocrx_word' id='word_1_200' title='bbox 852 3201 884 3260; x_wconf 88' lang='lat' dir='ltr'>et</span> <span class='ocrx_word' id='word_1_201' title='bbox 900 3199 1123 3280; x_wconf 89' lang='lat' dir='ltr'>susceptorum</span> <span class='ocrx_word' id='word_1_202' title='bbox 1148 3197 1350 3261; x_wconf 85' lang='lat' dir='ltr'>exercitium.</span> 
     </span>
     <span class='ocr_line' id='line_1_25' title="bbox 176 3319 1351 3407; baseline 0 -19"><span class='ocrx_word' id='word_1_203' title='bbox 176 3323 328 3396; x_wconf 84' lang='lat' dir='ltr'>Quaestio</span> <span class='ocrx_word' id='word_1_204' title='bbox 352 3343 431 3407; x_wconf 91' lang='lat' dir='ltr'>ergo</span> <span class='ocrx_word' id='word_1_205' title='bbox 454 3321 493 3387; x_wconf 92' lang='lat' dir='ltr'>ad</span> <span class='ocrx_word' id='word_1_206' title='bbox 517 3341 572 3386; x_wconf 89' lang='lat' dir='ltr'>eos</span> <span class='ocrx_word' id='word_1_207' title='bbox 595 3327 719 3406; x_wconf 86' lang='lat' dir='ltr'>spectat</span> <span class='ocrx_word' id='word_1_208' title='bbox 741 3323 793 3404; x_wconf 90' lang='lat' dir='ltr'>qui</span> <span class='ocrx_word' id='word_1_209' title='bbox 820 3323 902 3405; x_wconf 85' lang='lat' dir='ltr'>passi</span> <span class='ocrx_word' id='word_1_210' title='bbox 933 3327 1008 3386; x_wconf 91' lang='lat' dir='ltr'>sunt</span> <span class='ocrx_word' id='word_1_211' title='bbox 1038 3321 1218 3386; x_wconf 90' lang='lat' dir='ltr'>huiusmodi</span> <span class='ocrx_word' id='word_1_212' title='bbox 1242 3319 1351 3389; x_wconf 89' lang='lat' dir='ltr'>obses·</span> 
     </span>
     <span class='ocr_line' id='line_1_26' title="bbox 176 3429 1349 3531; baseline 0.002 -23"><span class='ocrx_word' id='word_1_213' title='bbox 176 3445 291 3509; x_wconf 90' lang='lat' dir='ltr'>siones.</span> <span class='ocrx_word' id='word_1_214' title='bbox 318 3481 335 3494; x_wconf 93' lang='lat'>-</span> <span class='ocrx_word' id='word_1_215' title='bbox 366 3445 449 3519; x_wconf 93' lang='lat' dir='ltr'>Quia</span> <span class='ocrx_word' id='word_1_216' title='bbox 479 3446 705 3530; x_wconf 83' lang='lat' dir='ltr'>irregularitas</span> <span class='ocrx_word' id='word_1_217' title='bbox 736 3447 768 3510; x_wconf 94' lang='lat' dir='ltr'>in</span> <span class='ocrx_word' id='word_1_218' title='bbox 800 3429 871 3511; x_wconf 88' lang='lat' dir='ltr'>iure</span> <span class='ocrx_word' id='word_1_219' title='bbox 903 3466 966 3510; x_wconf 92' lang='lat' dir='ltr'>non</span> <span class='ocrx_word' id='word_1_220' title='bbox 998 3451 1047 3511; x_wconf 89' lang='lat' dir='ltr'>est</span> <span class='ocrx_word' id='word_1_221' title='bbox 1076 3447 1153 3511; x_wconf 89' lang='lat' dir='ltr'>satis</span> <span class='ocrx_word' id='word_1_222' title='bbox 1185 3465 1349 3531; x_wconf 88' lang='lat' dir='ltr'>expressa,</span> 
     </span>
    </p>
   </div>
   <div class='ocr_carea' id='block_1_3' title="bbox 82 3570 1350 3656">
    <p class='ocr_par' dir='ltr' id='par_1_5' title="bbox 82 3570 1350 3656">
     <span class='ocr_line' id='line_1_27' title="bbox 82 3570 1350 3656; baseline 0 -21"><span class='ocrx_word' id='word_1_223' title='bbox 82 3593 85 3600; x_wconf 80' lang='grc'><strong>’</strong></span> <span class='ocrx_word' id='word_1_224' title='bbox 176 3571 264 3655; x_wconf 88' lang='lat' dir='ltr'>viget</span> <span class='ocrx_word' id='word_1_225' title='bbox 287 3576 409 3636; x_wconf 88' lang='lat' dir='ltr'>tantum</span> <span class='ocrx_word' id='word_1_226' title='bbox 434 3571 630 3654; x_wconf 80' lang='lat' dir='ltr'>impropria</span> <span class='ocrx_word' id='word_1_227' title='bbox 653 3572 878 3656; x_wconf 86' lang='lat' dir='ltr'>irregularitas</span> <span class='ocrx_word' id='word_1_228' title='bbox 910 3590 952 3637; x_wconf 85' lang='lat' dir='ltr'>ex</span> <span class='ocrx_word' id='word_1_229' title='bbox 981 3570 1125 3655; x_wconf 90' lang='lat' dir='ltr'>periculo</span> <span class='ocrx_word' id='word_1_230' title='bbox 1149 3572 1296 3656; x_wconf 87' lang='lat' dir='ltr'>relapsus</span> <span class='ocrx_word' id='word_1_231' title='bbox 1318 3573 1350 3635; x_wconf 93' lang='lat' dir='ltr'>in</span> 
     </span>
    </p>
   </div>
   <div class='ocr_carea' id='block_1_4' title="bbox 172 3695 1350 4402">
    <p class='ocr_par' dir='ltr' id='par_1_6' title="bbox 172 3695 1350 4402">
     <span class='ocr_line' id='line_1_28' title="bbox 175 3695 1348 3781; baseline 0 -21"><span class='ocrx_word' id='word_1_232' title='bbox 175 3695 391 3761; x_wconf 89' lang='lat' dir='ltr'>obsessionem</span> <span class='ocrx_word' id='word_1_233' title='bbox 415 3702 512 3759; x_wconf 86' lang='lat' dir='ltr'>etex</span> <span class='ocrx_word' id='word_1_234' title='bbox 539 3695 751 3760; x_wconf 87' lang='lat' dir='ltr'>admiratione</span> <span class='ocrx_word' id='word_1_235' title='bbox 783 3696 890 3781; x_wconf 92' lang='lat' dir='ltr'>populi</span> <span class='ocrx_word' id='word_1_236' title='bbox 914 3700 947 3759; x_wconf 85' lang='lat' dir='ltr'>et</span> <span class='ocrx_word' id='word_1_237' title='bbox 969 3696 1139 3760; x_wconf 84' lang='lat' dir='ltr'>aversione</span> <span class='ocrx_word' id='word_1_238' title='bbox 1169 3696 1348 3761; x_wconf 92' lang='lat' dir='ltr'>animorum</span> 
     </span>
     <span class='ocr_line' id='line_1_29' title="bbox 174 3821 1348 3905; baseline -0.003 -19"><span class='ocrx_word' id='word_1_239' title='bbox 174 3823 332 3888; x_wconf 87' lang='lat' dir='ltr'>adversus</span> <span class='ocrx_word' id='word_1_240' title='bbox 355 3822 533 3887; x_wconf 91' lang='lat' dir='ltr'>huiusmodi</span> <span class='ocrx_word' id='word_1_241' title='bbox 559 3821 705 3887; x_wconf 83' lang='lat' dir='ltr'>infelices</span> <span class='ocrx_word' id='word_1_242' title='bbox 729 3821 882 3886; x_wconf 91' lang='lat' dir='ltr'>homines.</span> <span class='ocrx_word' id='word_1_243' title='bbox 910 3857 927 3869; x_wconf 93' lang='lat'>-</span> <span class='ocrx_word' id='word_1_244' title='bbox 953 3822 1104 3888; x_wconf 83' lang='lat' dir='ltr'>Attamen</span> <span class='ocrx_word' id='word_1_245' title='bbox 1129 3822 1168 3885; x_wconf 92' lang='lat' dir='ltr'>cl.</span> <span class='ocrx_word' id='word_1_246' title='bbox 1194 3821 1348 3905; x_wconf 88' lang='lat' dir='ltr'>Gasparri</span> 
     </span>
     <span class='ocr_line' id='line_1_30' title="bbox 175 3945 1350 4029; baseline -0.002 -19"><span class='ocrx_word' id='word_1_247' title='bbox 175 3967 205 4010; x_wconf 94' lang='lat' dir='ltr'>n.</span> <span class='ocrx_word' id='word_1_248' title='bbox 230 3947 297 4012; x_wconf 79' lang='lat'>275</span> <span class='ocrx_word' id='word_1_249' title='bbox 319 3951 464 4012; x_wconf 92' lang='lat' dir='ltr'>autumat</span> <span class='ocrx_word' id='word_1_250' title='bbox 487 3945 605 4010; x_wconf 81' lang='lat' dir='ltr'>exinde</span> <span class='ocrx_word' id='word_1_251' title='bbox 621 3947 730 4010; x_wconf 89' lang='lat' dir='ltr'>enasci</span> <span class='ocrx_word' id='word_1_252' title='bbox 751 3946 936 4028; x_wconf 81' lang='lat' dir='ltr'>propriam</span> <span class='ocrx_word' id='word_1_253' title='bbox 960 3945 1234 4029; x_wconf 87' lang='lat' dir='ltr'>irregularitatem</span> <span class='ocrx_word' id='word_1_254' title='bbox 1251 3950 1283 4008; x_wconf 93' lang='lat' dir='ltr'>et</span> <span class='ocrx_word' id='word_1_255' title='bbox 1298 3963 1350 4029; x_wconf 94' lang='lat' dir='ltr'>po-</span> 
     </span>
     <span class='ocr_line' id='line_1_31' title="bbox 174 4069 1348 4156; baseline -0.002 -20"><span class='ocrx_word' id='word_1_256' title='bbox 174 4073 329 4137; x_wconf 90' lang='lat' dir='ltr'>tissimum</span> <span class='ocrx_word' id='word_1_257' title='bbox 361 4071 489 4136; x_wconf 88' lang='lat' dir='ltr'>deducit</span> <span class='ocrx_word' id='word_1_258' title='bbox 512 4091 554 4136; x_wconf 87' lang='lat' dir='ltr'>ex</span> <span class='ocrx_word' id='word_1_259' title='bbox 587 4069 846 4156; x_wconf 89' lang='lat' dir='ltr'>responsionibus</span> <span class='ocrx_word' id='word_1_260' title='bbox 873 4071 904 4136; x_wconf 88' lang='lat' dir='ltr'>S.</span> <span class='ocrx_word' id='word_1_261' title='bbox 930 4071 1029 4154; x_wconf 82' lang='lat' dir='ltr'>cong.</span> <span class='ocrx_word' id='word_1_262' title='bbox 1063 4069 1206 4142; x_wconf 87' lang='lat' dir='ltr'>Concilii‚</span> <span class='ocrx_word' id='word_1_263' title='bbox 1233 4071 1348 4154; x_wconf 89' lang='lat' dir='ltr'>quippe</span> 
     </span>
     <span class='ocr_line' id='line_1_32' title="bbox 173 4192 1349 4279; baseline -0.005 -19"><span class='ocrx_word' id='word_1_264' title='bbox 173 4215 254 4279; x_wconf 89' lang='lat' dir='ltr'>quae</span> <span class='ocrx_word' id='word_1_265' title='bbox 278 4197 311 4260; x_wconf 90' lang='lat' dir='ltr'>in</span> <span class='ocrx_word' id='word_1_266' title='bbox 335 4215 400 4261; x_wconf 92' lang='lat' dir='ltr'>una</span> <span class='ocrx_word' id='word_1_267' title='bbox 424 4197 654 4259; x_wconf 90' lang='lat' dir='ltr'>Panormitana</span> <span class='ocrx_word' id='word_1_268' title='bbox 678 4193 950 4276; x_wconf 77' lang='lat' dir='ltr'>Dispensationis</span> <span class='ocrx_word' id='word_1_269' title='bbox 973 4193 1027 4258; x_wconf 81' lang='lat' dir='ltr'>die</span> <span class='ocrx_word' id='word_1_270' title='bbox 1050 4192 1097 4258; x_wconf 87' lang='lat'>10</span> <span class='ocrx_word' id='word_1_271' title='bbox 1121 4193 1231 4276; x_wconf 85' lang='lat' dir='ltr'>April.</span> <span class='ocrx_word' id='word_1_272' title='bbox 1258 4193 1349 4257; x_wconf 81' lang='lat'><em>1686</em></span> 
     </span>
     <span class='ocr_line' id='line_1_33' title="bbox 172 4315 1347 4402; baseline -0.002 -20"><span class='ocrx_word' id='word_1_273' title='bbox 172 4317 212 4382; x_wconf 92' lang='lat' dir='ltr'>de</span> <span class='ocrx_word' id='word_1_274' title='bbox 236 4319 371 4402; x_wconf 90' lang='lat' dir='ltr'>quodam</span> <span class='ocrx_word' id='word_1_275' title='bbox 397 4319 524 4392; x_wconf 86' lang='lat' dir='ltr'>Fratre,</span> <span class='ocrx_word' id='word_1_276' title='bbox 549 4317 670 4383; x_wconf 88' lang='lat' dir='ltr'>clerico</span> <span class='ocrx_word' id='word_1_277' title='bbox 702 4316 781 4382; x_wconf 91' lang='lat' dir='ltr'>Ord.</span> <span class='ocrx_word' id='word_1_278' title='bbox 806 4317 883 4380; x_wconf 92' lang='lat' dir='ltr'>Min.</span> <span class='ocrx_word' id='word_1_279' title='bbox 909 4315 985 4382; x_wconf 88' lang='lat' dir='ltr'>Obs.</span> <span class='ocrx_word' id='word_1_280' title='bbox 1015 4315 1087 4380; x_wconf 83' lang='lat' dir='ltr'>Ref.</span> <span class='ocrx_word' id='word_1_281' title='bbox 1113 4315 1143 4380; x_wconf 91' lang='lat' dir='ltr'>S.</span> <span class='ocrx_word' id='word_1_282' title='bbox 1169 4315 1347 4391; x_wconf 90' lang='lat' dir='ltr'>Francisci‚</span> 
     </span>
    </p>
   </div>
   <div class='ocr_carea' id='block_1_5' title="bbox 172 4439 1348 4528">
    <p class='ocr_par' dir='ltr' id='par_1_7' title="bbox 172 4439 1348 4528">
     <span class='ocr_line' id='line_1_34' title="bbox 172 4439 1348 4528; baseline 0.002 -22"><span class='ocrx_word' id='word_1_283' title='bbox 172 4443 371 4508; x_wconf 90' lang='lat' dir='ltr'>adaemone</span> <span class='ocrx_word' id='word_1_284' title='bbox 394 4443 552 4528; x_wconf 88' lang='lat' dir='ltr'>quondam</span> <span class='ocrx_word' id='word_1_285' title='bbox 576 4462 723 4527; x_wconf 90' lang='lat' dir='ltr'>possesso</span> <span class='ocrx_word' id='word_1_286' title='bbox 750 4447 781 4505; x_wconf 88' lang='lat' dir='ltr'>et</span> <span class='ocrx_word' id='word_1_287' title='bbox 804 4461 824 4505; x_wconf 90' lang='lat' dir='ltr'>a</span> <span class='ocrx_word' id='word_1_288' title='bbox 846 4441 974 4506; x_wconf 89' lang='lat' dir='ltr'>biennio</span> <span class='ocrx_word' id='word_1_289' title='bbox 1004 4440 1044 4505; x_wconf 92' lang='lat' dir='ltr'>ab</span> <span class='ocrx_word' id='word_1_290' title='bbox 1072 4439 1134 4505; x_wconf 90' lang='lat' dir='ltr'>hac</span> <span class='ocrx_word' id='word_1_291' title='bbox 1164 4440 1348 4508; x_wconf 86' lang='lat' dir='ltr'>obsessione</span> 
     </span>
    </p>
   </div>
   <div class='ocr_carea' id='block_1_6' title="bbox 0 0 1658 5102">
    <p class='ocr_par' dir='ltr' id='par_1_8' title="bbox 0 0 1658 5102">
     <span class='ocr_line' id='line_1_35' title="bbox 0 0 1658 5102; baseline 0 5"><span class='ocrx_word' id='word_1_292' title='bbox 0 0 1658 5102; x_wconf 95' lang='lat' dir='ltr'> </span> 
     </span>
    </p>
   </div>
  </div>
 </body>
</html>
