3302 5100
624 341 832 390 anusosruu
855 342 907 391 ιιι
1290 325 1357 392 553

173 464 250 518 xima
261 464 417 534 originibus
429 469 570 534 tempora:
587 463 729 536 similique
739 466 850 519 ratione
861 465 1004 535 perspexit
1018 468 1178 520 sanctorum
1188 465 1304 520 Petrum
1317 466 1358 520 vi·

174 569 333 640 gilantiam,
347 569 421 624 iussa
431 571 638 641 Episcoporum,
651 569 839 626 conciliorum
853 571 973 637 decreta,
987 571 1077 626 omnis
1089 587 1262 642 consequeus
1271 580 1357 627 aetas.

264 679 418 749 Praecipue
436 695 502 735 vero
520 683 701 734 monumenta
726 678 885 734 litterarum
910 683 1060 745 testantur,
1078 685 1185 751 quauta
1204 697 1271 735 cura
1292 681 1358 734 dili·

174 783 326 855 gentiaque
345 785 373 838 in
392 801 426 840 eo
444 784 641 856 evigilaverint
661 785 780 840 Romani
798 785 958 851 Pontifices,
973 803 1007 840 ue
1026 785 1231 841 haereticorum
1244 787 1358 858 scripta,

175 891 250 946 melo
277 891 397 962 publico,
423 897 575 964 serperent
604 893 692 948 Pione
709 897 752 948 est
781 892 972 964 exemplorum
1000 897 1133 949 vetustas.
1163 894 1358 950 Anastasius!

175 997 279 1067 scripta
297 997 426 1068 Origenis
445 998 652 1068 perniciosiora,
675 998 854 1054 Innocentius
874 999 885 1053 l
904 999 1023 1070 Pelagii,
1042 999 1100 1054 Leo
1124 1016 1243 1070 magnus
1264 1000 1358 1055 lilani·

175 1101 325 1158 chaeorum
344 1120 429 1175 opera
447 1105 549 1172 omnia,
568 1107 647 1177 gravi
672 1107 763 1162 edicto
782 1106 960 1162 damnavere.
986 1107 1123 1178 cognitae
1148 1107 1245 1163 eadem
1270 1109 1303 1163 de
1328 1123 1358 1164 re

176 1213 243 1264 sunt
267 1209 381 1266 litterae
408 1212 565 1268 decretales
584 1211 617 1266 de
637 1212 804 1282 recipiendis
831 1218 862 1268 et
889 1229 944 1268 uon
973 1213 1141 1284 recipiendis
1169 1214 1258 1281 libris,
1289 1231 1358 1286 quae

175 1315 303 1372 Gelenius
326 1322 482 1387 opportune
508 1318 590 1373 dedit
620 1317 757 1374 Similiter
784 1319 901 1374 decursu
933 1324 1066 1387 aetatum,
1097 1320 1356 1388 lllouothsliternm,

176 1424 337 1492 Abeelardi,
360 1425 481 1480 Marcilii
513 1427 651 1492 Patavini,
676 1425 802 1482 Wicleffi
830 1431 860 1482 et
884 1427 976 1482 Hussii
997 1427 1161 1498 pestilentes
1187 1428 1274 1483 libros
1292 1445 1358 1484 seu·

177 1531 267 1586 tentia
284 1531 455 1602 apostolicae
473 1531 552 1589 Sedis
570 1533 695 1588 confixit.

266 1635 384 1693 Saeculo
411 1643 504 1695 autem
533 1638 756 1712 decimoquinto,
783 1645 927 1711 comperta
954 1647 1016 1698 arte
1042 1659 1115 1698 nova
1142 1643 1273 1702 libraria.
1302 1659 1358 1698 nou

177 1743 259 1799 modo
276 1745 305 1799 iu
325 1762 411 1815 prava
436 1749 542 1818 scripta
567 1746 790 1802 animadversum
810 1752 862 1815 est,
890 1765 962 1820 quae
991 1749 1082 1806 lucem
1109 1750 1291 1822 aspexissent,
1311 1750 1359 1806 sed

176 1851 263 1908 etiam
281 1868 318 1908 ne
335 1868 390 1923 qua
402 1851 462 1906 eius
480 1851 592 1922 generis
611 1851 726 1922 posthac
744 1853 901 1920 ederentur,
915 1855 1007 1910 caveri
1022 1860 1161 1926 coeptum.
1181 1859 1273 1927 Atque
1287 1854 1359 1912 hauc

177 1959 379 2029 providentiam
407 1973 463 2014 nou
489 1956 563 2014 levis
590 1958 685 2032 aliqua
713 1977 805 2028 eausa,
825 1961 872 2017 sed
891 1963 1005 2016 omniuo
1034 1963 1124 2018 tutela
1152 1962 1308 2019 honestatis
1326 1980 1359 2018 ec

176 2065 277 2120 salutis
295 2065 424 2135 publicae
442 2082 491 2135 per
508 2065 579 2120 illud
597 2071 707 2136 tempus
735 2067 910 2137 postulabat3
930 2073 1077 2138 propterea
1104 2069 1176 2141 quod
1201 2075 1290 2125 artem
1310 2087 1360 2140 per

176 2189 208 2227 se
225 2172 367 2241 optimam,
387 2170 571 2225 maximarum
585 2171 739 2226 utilitatum
754 2177 910 2242 parentem,
923 2173 1094 2230 christianae
1114 2176 1239 2246 gentium
1258 2174 1360 2230 hnma-

178 2278 260 2333 nitati
279 2277 475 2348 propagandae
503 2282 606 2346 natam,
625 2278 654 2332 iu
674 2278 871 2334 istrumentum
890 2279 990 2350 ingens
1009 2281 1152 2335 ruinarum
1175 2282 1258 2336 nimis
1276 2282 1359 2337 multi

177 2385 309 2441 celeriter
320 2385 498 2440 deflexerant
513 2384 647 2456 Magnum
658 2401 745 2455 prave
759 2386 926 2456 scriptorum
940 2387 1054 2454 malum,
1068 2389 1128 2458 ipsa
1140 2388 1273 2459 vulgandi
1287 2389 1361 2445 cele-

178 2493 263 2548 ritate
279 2493 370 2547 maius
388 2497 450 2548 erat
468 2509 501 2548 ac
520 2493 646 2550 velocius
675 2495 813 2550 effectum.
840 2493 938 2566 ltaque
956 2475 1141 2552 saluberrimo
1160 2497 1277 2553 consilio
1296 2515 1359 2553 cum

178 2599 338 2656 Alexander
356 2599 402 2666 Vl,
424 2606 483 2655 tum
504 2601 560 2656 Leo
580 2601 614 2669 X,
634 2601 792 2657 decessores
820 2602 915 2657 Nostri
935 2608 1027 2660 certas
1046 2605 1138 2660 tulere
1157 2605 1243 2676 leges,
1263 2607 1360 2678 utique

177 2711 365 2776 congruentes
383 2707 418 2762 iis
436 2708 607 2778 temporibus
625 2725 658 2763 sc
677 2709 810 2776 moribus,
823 2711 1092 2781 quaeofficinatores
1112 2712 1242 2766 librarios
1260 2712 1288 2766 iu
1302 2712 1360 2766 odl-

178 2809 223 2864 cio
241 2811 426 2866 continerent.

268 2913 335 2968 Mox
354 2913 483 2983 graviore
510 2919 609 2969 exorto
633 2915 745 2970 turbine
772 2914 863 2970 multo
881 2915 1047 2987 vigilantius
1065 2934 1098 2970 ac
1116 2917 1216 2971 fortius
1235 2917 1360 2987 oportuit

178 3018 315 3074 malarum
343 3018 493 3076 haereseon
521 3019 669 3090 probibere
691 3021 831 3090 contagia.
861 3021 966 3078 idcirco
985 3023 1058 3078 idem
1077 3024 1135 3078 Leo
1154 3024 1190 3090 X,
1208 3029 1360 3096 posteaque

171 3127 309 3183 Clemens
327 3127 376 3182 Vll
395 3127 560 3198 gravissime
587 3133 749 3194 sanxerunt,
775 3145 811 3184 ne
829 3131 875 3184 cui
893 3129 998 3200 legere,
1017 3147 1071 3186 neu
1092 3130 1214 3186 retinere
1242 3130 1358 3186 Lutheri

177 3234 265 3290 libros
282 3237 324 3289 las
342 3239 424 3291 esset
458 3234 527 3289 Cum
545 3249 613 3289 vcro
631 3251 681 3304 pro
705 3233 784 3290 illius
808 3236 871 3290 aevi
900 3236 1066 3292 infelicitate
1093 3236 1227 3291 crevisset
1249 3242 1361 3307 praeter

178 3341 289 3396 modum
308 3347 393 3413 atque
406 3343 434 3396 iu
449 3358 545 3396 omues
564 3346 658 3411 partes
671 3342 840 3412 pervasisset
858 3342 1077 3412 perniciosorum
1096 3343 1231 3398 librorum
1251 3343 1361 3413 impura
1471 3344 1477 3350 ”

146 3481 152 3491 -
178 3445 323 3514 colluvies,
350 3447 485 3517 ampliore
504 3463 536 3500 ec
558 3447 748 3517 praesentiore
776 3448 899 3504 remedio
924 3465 993 3519 opus
1020 3467 1080 3504 esse
1110 3449 1262 3504 videbatur.
1283 3448 1361 3510 Quod

179 3552 291 3625 quidem
304 3554 462 3609 remedium
479 3558 636 3624 opportune
655 3554 759 3624 primus
777 3553 905 3609 adhibuit
924 3555 1028 3610 Paulus
1049 3555 1085 3610 Ν
1103 3555 1230 3610 decessor
1250 3555 1360 3620 Noster,

180 3655 311 3712 videlicet
328 3656 446 3712 elencho
464 3657 606 3728 proposito
624 3657 792 3728 scriptorum
811 3664 841 3714 et
858 3659 1004 3727 librorum,
1019 3677 1037 3713 a
1055 3675 1172 3732 quorum
1190 3677 1242 3713 usu
1261 3676 1361 3716 cavere

180 3762 277 3818 fideles
303 3767 452 3834 oporteret
481 3763 541 3826 Non
570 3763 612 3818 ita
638 3763 729 3818 multo
758 3769 820 3834 post
848 3765 1028 3821 Tridentinae
1054 3764 1158 3835 Synodi
1184 3765 1283 3820 Patres
1307 3765 1360 3834 gli·

178 3871 303 3922 suentem
327 3867 464 3922 scribendi
491 3867 659 3939 legendique
688 3867 832 3925 licentiam
851 3885 923 3923 novo
942 3868 1059 3923 consilio
1078 3867 1259 3924 coercendam
1278 3883 1361 3922 cura·

170 3977 289 4029 ¹verunt.
308 3973 411 4030 Εοιιιηι
429 3975 532 4047 quippe
551 3974 697 4031 voluntate
725 3975 857 4046 iussuque
884 3975 949 4029 lecti
970 3975 1005 4028 ad
1024 3974 1051 4029 id
1070 3973 1213 4046 praesules
1232 3978 1261 4030 et
1280 3973 1361 4030 theo·

169 4078 237 4149 ‚logi
256 4097 312 4135 non
331 4079 420 4135 solum
439 4081 567 4151 augendo
586 4078 824 4152 perpoliendoque
842 4081 937 4148 ludici,
951 4097 1033 4152 quem
1054 4078 1158 4134 Paulus
1171 4079 1209 4134 Ν
1227 4079 1361 4146 ediderat,

177 4185 279 4242 dedere
306 4202 428 4256 operam,
456 4187 504 4243 sed
532 4187 655 4258 Regulus
683 4187 769 4243 etiam
797 4188 998 4257 conscripsere,
1026 4188 1054 4242 in
1073 4187 1204 4255 editione,
1229 4186 1360 4254 lectione,

179 4307 287 4362 usuque
304 4289 440 4346 librorum
458 4291 623 4358 serrandss,·
641 4292 742 4364 quibus
762 4291 880 4361 Regalis
898 4291 965 4346 Pius
985 4290 1021 4347 Ν
1040 4293 1212 4363 apostolicae
1236 4293 1361 4348 auctori·

168 4396 248 4451 tatis
266 4397 351 4452 robur
369 4397 478 4454 adiecit
