3312 5108
327 231 371 297 66
849 255 933 302 raus
959 257 979 304 1.

323 380 391 439 tem
414 375 592 441 huiusmodi
607 375 693 442 sacta
716 376 849 442 fortuita
869 380 1020 463 imputari
1036 401 1100 446 non
1117 382 1231 464 solent,
1249 385 1311 448 nisi
1325 387 1500 469 potuissent

323 503 518 587 praevideri.
537 503 648 585 Neque
670 501 775 568 obstat
798 502 964 570 decretum
989 507 1110 571 Concil.
1128 506 1214 572 Trid.
1235 509 1320 574 Sese.
1339 509 1389 584 14,
1414 530 1442 582 c,
1469 510 1497 591 7,

321 627 371 692 De
394 627 469 710 ref,
494 629 569 711 quia
592 627 678 694 facto
705 634 816 694 secuto
841 627 880 692 ob
908 627 1123 694 indecentiam
1146 650 1211 714 qua
1234 635 1366 696 notatur
1390 653 1497 697 coram

322 753 499 818 christiano
526 753 642 839 populo
671 774 746 819 reus
773 753 954 820 huiusmodi
982 755 1145 830 facinoris,
1179 758 1238 824 iste
1263 757 1455 842 prohibetur
1480 783 1498 825 a

319 877 499 942 ministerio
522 878 634 942 altaris
659 881 695 942 'et
717 897 781 940 non
806 876 1009 964 dispensatur
1036 877 1149 942 saltem
1174 877 1214 942 ad
1239 878 1408 960 cautelam,
1439 883 1496 944 uisi

320 1021 418 1066 causa
441 1003 569 1086 cognita
593 1021 649 1066 seu
673 1020 837 1085 quousque
853 1021 918 1066 nou
934 1003 1118 1067 constiterit
1135 1009 1167 1068 et
1182 1003 1382 1069 declaratum
1399 1006 1497 1070 tuerit

318 1128 435 1211 populo
459 1127 646 1205 christiano,
670 1123 875 1189 homicidium
892 1131 1040 1190 secutum
1057 1125 1157 1190 fuisse
1173 1127 1225 1191 vel
1243 1147 1326 1194 casn
1343 1127 1394 1191 rel
1411 1129 1495 1194 adbi-

316 1249 381 1314 bito
405 1247 639 1314 moderamine
661 1247 856 1330 inculpatae
880 1249 1012 1312 tutelae.

407 1373 459 1438 36.
475 1373 593 1457 Culpae
606 1379 797 1436 accensetur
809 1372 980 1478 Qffllt'a
996 1393 1059 1456 qna
1075 1378 1205 1438 tenetur
1217 1375 1357 1438 clericus
1370 1375 1493 1458 imperi·

475 1466 814 1492 W

301 1500 367 1562 ,tus
383 1498 415 1561 in
432 1518 489 1562 suo
505 1496 612 1562 officio
629 1498 712 1560 malo
735 1517 770 1561 se
793 1517 911 1582 gerens
928 1505 959 1564 et
975 1497 1124 1568 damnum
1143 1497 1296 1563 inferens.
1315 1499 1492 1565 Praeterea

315 1622 369 1702 qui
390 1641 461 1684 rem
485 1622 551 1706 agit
574 1619 632 1685 sibi
656 1639 721 1684 non
745 1622 919 1706 propriam,
938 1621 977 1686 ob
998 1623 1190 1706 imperitiam
1211 1623 1325 1707 culpae
1341 1643 1418 1688 reus
1434 1629 1489 1692 est.

313 1745 405 1808 iuxta
417 1745 437 1809 t.
451 1743 500 1810 36
514 1746 549 1829 ff.
564 1744 616 1810 De
631 1763 701 1830 rep.
718 1745 805 1809 iuris
812 1765 826 1826 ;
843 1765 957 1830 nempe
974 1768 991 1808 c
1008 1743 1116 1828 Culpa
1129 1752 1177 1812 est
1192 1747 1383 1813 iiiiiiviscere
1394 1766 1431 1813 se
1441 1750 1509 1816 reis

313 1873 360 1936 ad
374 1891 409 1938 se
423 1892 494 1938 non
505 1871 693 1954 pertinenti
704 1892 736 1946 »,
754 1877 786 1936 et
802 1877 898 1956 caput
913 1873 953 1938 19
968 1872 1017 1938 De
1033 1892 1103 1958 rep.
1118 1873 1204 1938 iuris
1218 1875 1255 1939 in
1268 1875 1300 1939 6.
1317 1874 1429 1942 «Non
1444 1882 1492 1942 est

311 2000 384 2070 sine
407 2002 509 2082 culpe
532 1998 592 2084 qni
614 1999 666 2064 rei
689 2017 777 2084 qaae
800 2000 847 2064 od
869 2019 1034 2066 eserenon
1054 2001 1209 2082 pertinet,
1226 2019 1261 2066 se
1277 2001 1489 2067 immiscet».

310 2234 332 2315 ἓ
357 2232 387 2296 3.
407 2268 424 2281 -
442 2231 495 2296 De
518 2230 699 2297 violatione
715 2230 828 2315 lepum
841 2247 941 2310 poen.
959 2247 1048 2314 qnae
1063 2229 1174 2314 mopis
1190 2249 1305 2295 nouom
1321 2231 1490 2297 societatis

398 2375 504 2440 qnam
534 2373 615 2420 rona
638 2353 762 2419 civium
787 2358 922 2418 tnentar
944 2372 1003 2418 sen
1035 2353 1077 2418 cte
1100 2371 1464 2420 rasusoaassrouraus

308 2567 524 2622 Summarium.
537 2595 570 2607 -
590 2565 635 2620 37.
651 2565 791 2626 Quomodo
811 2565 928 2634 simplex
947 2566 1117 2634 trangressio
1136 2565 1246 2619 differat
1265 2583 1281 2618 a
1300 2563 1403 2620 delicto
1422 2572 1451 2620 et
1470 2585 1487 2620 a

394 2675 473 2746 quasi
493 2674 603 2728 delicto.
618 2703 651 2714 -
665 2672 707 2726 38.
721 2672 759 2726 Do
779 2671 889 2741 legibus
901 2671 1065 2726 delictorum
1084 2673 1271 2741 praesentiris
1290 2673 1318 2726 in
1338 2673 1486 2743 disciplina

394 2778 591 2833 ecclesiastica.

392 2992 447 3057 37.
474 2991 578 3056 Hodie
601 2991 781 3076 perlegenti
805 2989 932 3054 codices
955 2990 1107 3073 poenales
1130 2990 1272 3054 civilium
1288 2989 1482 3075 populorum

302 3119 335 3180 in
358 3119 469 3202 primis
492 3137 563 3182 sese
587 3113 682 3182 offert
704 3115 865 3182 distinctio
886 3116 1063 3182 laesionum
1086 3116 1166 3201 legis
1191 3115 1336 3199 poenalis
1361 3117 1394 3179 in
1418 3115 1481 3180 duo

301 3259 451 3322 suprema
467 3259 597 3324 genera,
614 3238 662 3322 (l)
686 3258 746 3304 seu
770 3239 803 3301 in
827 3239 947 3306 delicta
963 3243 996 3302 et
1012 3236 1291 3321 tranpressiones.
1309 3237 1478 3351 Ρξψω,

290 3364 345 3426 ¹uti
358 3364 602 3448 explicavimus,
615 3361 883 3447 compescendum
895 3368 943 3427 est
956 3363 1030 3445 quia
1043 3363 1187 3458 opptiqet
1203 3361 1236 3425 la
1275 3361 1283 3424 i
1458 3385 1480 3428 1·

300 3490 498 3598 Q&
514 3527 524 3538 ·
537 3489 658 3554 Eadem
671 3491 796 3553 ratione
809 3489 919 3572 poenis
931 3487 1124 3552 cohibentur
1144 3485 1374 3571 quasi-delicta.
1391 3487 1478 3553 -Sed

387 3735 427 3804 (l)
447 3734 509 3787 Scio
519 3733 586 3786 olim
597 3732 707 3787 habitos
720 3749 779 3787 esse
790 3738 818 3787 et
831 3731 920 3786 adbuc
935 3731 1019 3786 etiam
1034 3729 1181 3788 nonnullos
1194 3730 1303 3785 codices
1316 3729 1413 3784 baberi
1427 3733 1477 3800 qui

298 3839 455 3909 poenalium
474 3839 568 3907 legum
587 3838 753 3892 violationes
771 3837 904 3890 diducunt
923 3838 951 3890 in
970 3837 1025 3890 tria
1050 3851 1162 3905 genera,
1181 3852 1229 3890 seu
1250 3836 1277 3889 in
1298 3839 1426 3900 cinnano,
1446 3837 1476 3890 in

297 3946 407 4012 delicta,
419 3949 446 3998 et
457 3945 703 4016 compressiones,
717 3945 839 3998 Crinn'nn
850 3943 981 3996 distincta
993 3948 1058 3996 sunt
1071 3958 1087 3995 a
1100 3943 1211 3996 delictis
1225 3958 1273 4010 pro
1286 3941 1477 3996 severioribus

296 4055 391 4122 poenis
405 4055 504 4124 quibus
514 4053 565 4107 illa
575 4051 790 4106 mulctabantur.
802 4050 879 4104 Hanc
892 4050 1097 4106 distinctionem
1108 4050 1150 4104 uti
1162 4052 1296 4104 absonam
1309 4050 1365 4102 iam
1376 4067 1475 4120 repro·

296 4157 373 4212 bavit
385 4157 565 4212 vehementer
578 4157 657 4210 Rossi
672 4173 714 4226 op.
730 4157 772 4210 cit.
787 4154 858 4207 Nam
871 4154 994 4209 alienum
1007 4161 1049 4210 est
1063 4171 1079 4208 a
1093 4156 1200 4209 ratione
1211 4159 1241 4209 et
1254 4160 1361 4221 aresta
1372 4171 1475 4223 poena-

295 4283 356 4318 rum
375 4265 548 4320 ordinatione
567 4265 655 4334 ipsam
674 4279 791 4333 poenam
808 4279 947 4318 assumere
966 4262 1007 4316 uti
1027 4263 1171 4317 criterium
1189 4261 1378 4315 distinctionis
1398 4261 1475 4316 inter

294 4373 402 4427 diversa
414 4373 547 4440 facinora,
560 4389 622 4427 cum
636 4371 692 4426 siut
706 4373 765 4441 ipsa
779 4373 903 4425 facinora
916 4387 987 4442 qnae
1001 4375 1106 4424 certam
1121 4385 1237 4439 poenam
1251 4367 1472 4423 secumtrahant.
