3306 5102
317 269 383 334 314
719 263 722 271 ’
838 291 920 338 enas
945 291 966 334 1.

407 411 482 476 216.
507 410 591 485 Quia
614 412 696 476 haec
719 411 944 498 irregularitas
966 431 1012 478 eso
1034 411 1153 477 delicto
1177 412 1336 496 provenit,
1353 429 1418 474 non
1442 411 1490 474 in-

318 537 461 600 curritur
483 535 603 620 absque
626 537 726 620 dolo,·
750 541 783 602 et
805 536 935 623 planum
959 542 1018 602 est.
1043 535 1152 611 Quare
1169 537 1195 600 si
1213 535 1429 621 rebaptizatus
1451 537 1493 600 sit

317 661 423 725 infans
446 661 499 726 vei
524 662 571 725 rei
595 661 691 747 plane
711 663 848 747 ignarus
878 663 937 726 etsi
969 665 1080 747 postea
1114 661 1355 726 reiterationem
1383 659 1492 724 laudet

317 790 350 849 et
373 790 476 850 ratam
493 785 618 859 habeat,
637 785 910 871 irregularitatem
926 783 1054 872 effugit;
1080 788 1155 851 item
1171 787 1198 850 si
1214 783 1417 870 rebaptizans
1435 787 1493 850 aut

317 911 502 976 ministrans
518 913 669 997 ignorent
682 911 823 977 validum
839 911 1032 998 baptismum
1046 916 1143 977 antea
1154 911 1308 978 collatum
1325 908 1379 996 (cf.
1393 929 1493 995 supra

316 1056 347 1100 n.
372 1034 499 1122 26-32).

405 1159 620 1234 Quamobrem
656 1160 857 1250 rebaptizans
888 1167 922 1229 at
953 1161 1177 1247 rebaptizatus,
1201 1160 1403 1246 irregulares
1426 1179 1490 1224 non

316 1281 413 1365 flunt,
445 1286 488 1360 si,
522 1287 719 1370 respective,
747 1291 856 1352 aetum
886 1291 1007 1372 ponant
1037 1286 1255 1372 reiterationis
1283 1285 1346 1352 sub
1375 1284 1491 1352 condi-
1625 1331 1626 1346 ,

316 1409 404 1476 tione
427 1413 486 1475 etsi
513 1410 641 1478 dubium
665 1413 705 1477 sit
736 1432 850 1498 parum
873 1412 1057 1499 probabile,
1084 1412 1255 1478 dummodo
1278 1415 1386 1476 tamen
1412 1428 1490 1474 con·

315 1533 392 1601 ditio
415 1536 503 1603 serio
527 1537 629 1621 posita
651 1539 693 1604 sit
715 1558 773 1604 seu
794 1535 915 1603 afficiat
936 1540 1136 1604 voluntatem
1159 1536 1393 1616 reiterantium‚
1411 1553 1492 1618 qua-

315 1665 408 1726 tenus
431 1662 532 1727 noluit
555 1682 673 1728 revera
696 1665 857 1730 reiterare
880 1663 1080 1749 baptismum,
1105 1663 1252 1746 quamvis
1274 1662 1387 1728 forsan
1414 1679 1491 1746 pec-

315 1793 390 1854 cent
406 1767 445 1853 ob
461 1791 686 1856 temeritatem.
704 1790 833 1863 Sparsa,
850 1791 962 1872 XLII,
979 1789 1014 1864 2,
1032 1791 1063 1873 1,·
1087 1791 1218 1875 Scyrus,
1246 1789 1318 1862 Vll,
1337 1788 1369 1860 8,
1391 1785 1452 1852 23.
1471 1821 1490 1836 -

316 1913 508 1980 Benedictus
533 1914 614 1980 XIV
638 1919 705 1981 tam
730 1915 763 1980 in
788 1915 869 1980 last.
890 1917 1002 1980 eccles.
1025 1915 1081 1990 84,
1106 1936 1140 1980 n.
1166 1915 1267 2000 9sq.‚
1292 1920 1358 1978 tam
1383 1911 1438 1978 tib.
1456 1911 1490 1990 7,

315 2056 388 2122 cap.
407 2038 439 2113 6,
463 2059 496 2103 n.
514 2037 550 2122 3,
577 2039 626 2105 De
649 2037 730 2124 Syn.
755 2037 918 2104 disserens
941 2038 981 2103 de
1005 2059 1081 2103 casu
1105 2059 1167 2123 quo
1191 2037 1352 2122 parochus
1376 2035 1492 2122 baptis-

314 2183 400 2227 mum
425 2183 538 2228 rursus
561 2162 709 2228 conferat
731 2163 790 2228 sub
817 2163 1015 2235 conditione,
1042 2183 1079 2227 re
1106 2161 1280 2227 nullimode
1304 2161 1490 2246 explorata.

315 2289 370 2354 sed
393 2290 611 2354 tantummodo
635 2309 675 2354 ea
697 2289 737 2355 de
761 2310 859 2356 causa
889 2291 964 2373 quia
994 2289 1168 2375 baptismus
1199 2289 1334 2354 collatus
1364 2287 1428 2353 fuit
1450 2286 1491 2350 ab

314 2415 503 2488 obstetrice,
529 2422 561 2480 et
591 2416 631 2481 de
654 2416 809 2501 baptismo
832 2416 942 2482 taliter
966 2416 1081 2481 collato
1113 2435 1242 2501 semper
1269 2415 1418 2480 dubitare
1441 2413 1491 2476 fas

315 2547 373 2615 est,
390 2541 542 2626 opinatur
564 2535 743 2607 huiusmodi
761 2542 938 2628 parochum
954 2539 1025 2607 fieri
1044 2543 1269 2626 irregularem.
1289 2541 1361 2604 Hoc
1376 2535 1491 2604 confir-

313 2673 380 2732 mat
402 2667 439 2732 in
463 2668 542 2734 last.
561 2670 649 2735 Ecct.
676 2669 757 2734 Vlll
780 2687 821 2733 ex
847 2669 1051 2734 Catechismo
1068 2669 1160 2733 Rom.
1177 2669 1227 2734 De
1247 2665 1488 2752 effectsbuptis.

312 2810 346 2856 a.
363 2792 412 2858 57
436 2797 468 2857 et
491 2811 533 2857 ex
556 2790 748 2858 auctoritate
773 2793 843 2858 Divi
868 2794 974 2859 Garuli
1000 2795 1199 2859 Borromaei.
1236 2793 1278 2858 Et
1308 2791 1392 2856 haec
1414 2809 1489 2856 sen·

312 2917 414 2982 tentia
435 2923 485 2981 est
514 2918 611 3002 longe
633 2918 744 2983 verior
772 2919 846 3002 quia
869 2937 947 2984 cum
969 2919 1067 2986 nulla
1090 2924 1138 2985 est
1160 2915 1360 3000 suspicandi
1384 2934 1489 2982 causo

313 3039 504 3125 baptismum
527 3035 644 3106 iterum
669 3042 821 3107 conferre
838 3043 897 3106 etsi
914 3042 972 3107 sub
989 3042 1170 3109 conditione
1187 3043 1331 3106 continet
1353 3059 1488 3125 gravem

313 3166 476 3232 iniustam
501 3168 533 3231 in
557 3172 795 3233 sacramentum
819 3171 852 3232 et
873 3168 999 3252 culpam
1025 3171 1130 3232 totam
1154 3186 1235 3249 quae
1258 3167 1489 3250 aequiparatur

313 3287 396 3353 dolo.
415 3294 597 3355 -Attamen
621 3309 791 3354 versamur
812 3290 973 3356 indubio
997 3289 1092 3354 iuris.

402 3413 537 3488 Quando
559 3434 638 3479 vero
662 3414 792 3479 dubium
824 3414 947 3486 subest,
972 3414 1023 3478 vel
1050 3433 1115 3478 non
1137 3412 1305 3479 admodum
1330 3433 1434 3498 grave
1457 3419 1489 3477 et

313 3540 486 3625 baptismus
508 3540 752 3607 administratur
775 3539 925 3608 absolute
940 3559 998 3604 seu
1013 3559 1077 3603 non
1093 3537 1152 3604 sub
1169 3537 1360 3610 conditione,
1384 3537 1490 3604 aderit

312 3670 478 3751 peccatum
501 3665 541 3730 ob
565 3663 823 3751 praetermissam
853 3663 1069 3730 conditionem
1092 3663 1150 3728 sed
1174 3662 1401 3750 irregularitas
1423 3681 1488 3726 non

311 3789 500 3854 incurritur.
526 3788 571 3854 Gl.
599 3789 764 3874 Gasparri,
789 3811 822 3854 m.
847 3787 931 3854 326.

400 3915 475 3980 217.
501 3917 578 3980 Cum
594 3915 627 3979 io
643 3916 694 3980 cit.
713 3916 830 3998 cup.2
853 3916 903 3981 De
917 3915 1090 3998 apostatis,
1114 3916 1205 3980 nulla
1227 3916 1346 3979 mentio
1369 3911 1426 3978 fiat
1449 3913 1489 3978 de

311 4038 536 4123 impedimento
567 4039 769 4105 ministrandi
794 4041 826 4104 in
850 4039 1014 4105 ordinibus
1045 4041 1107 4104 iam
1140 4041 1313 4125 susceptis,
1339 4039 1487 4104 nonnulli

311 4165 476 4238 Doctores,
500 4184 579 4248 quos
604 4168 689 4230 inter
711 4171 744 4230 et
767 4162 804 4229 D’
814 4165 973 4230 Annibale
997 4171 1119 4250 putant,
1144 4167 1419 4252 irregularitatem
1444 4185 1486 4230 ex

310 4287 482 4352 iteratione
505 4287 651 4372 baptismi
676 4307 740 4352 non
763 4286 939 4371 prohibere
955 4290 1014 4352 nisi
1030 4290 1264 4375 promotionem
1287 4288 1327 4353 ad
1344 4288 1485 4370 ordines,

311 4429 375 4474 non
399 4430 478 4474 vero
501 4417 721 4496 susceptorum
746 4412 947 4494 exercitium,
965 4431 1003 4476 ea
1026 4412 1066 4476 de
1090 4413 1214 4478 rabone
1237 4412 1398 4496 quiahoc
1420 4431 1487 4477 non
