3290 5100
290 327 356 392 458
815 347 899 395 esras
923 347 946 393 r.

289 474 340 536 est
354 469 448 535 nimis
464 469 570 536 facilis
587 474 619 536 et
635 471 790 556 frequens
805 491 882 538 usus
897 469 1142 556 ephemeridum
1161 471 1256 536 etiam
1276 487 1379 554 prave
1393 471 1480 534 scri-

289 599 417 680 ptarum
441 599 477 660 ut
498 595 731 681 indulgentiam
748 616 814 662 non
828 597 928 662 semd
945 601 1137 663 mereantur
1150 591 1262 660 fideles
1282 596 1336 680 qui
1360 593 1477 660 huius-

288 718 374 785 modi
404 719 508 785 diaria
542 723 652 785 emunt
681 725 715 787 et
743 721 776 784 in
808 720 859 786 his
888 719 1008 804 aliquid
1041 719 1156 806 legunt
1185 738 1246 804 pro
1276 721 1479 785 necessitate

289 845 474 910 commercii
497 851 553 909 aut
575 843 779 928 quotidianae
801 845 870 909 sive
893 843 1052 927 publicae
1075 846 1144 910 sive
1171 844 1375 910 domesticae
1396 863 1476 908 con·

288 968 500 1041 versationis;
523 967 641 1050 quique
657 963 769 1032 fideles
788 973 879 1032 certe
902 966 942 1032 ab
965 966 1018 1031 his
1032 966 1248 1048 abstinebunt,
1264 965 1388 1031 maiore
1411 965 1477 1030 sol·

287 1090 463 1164 licitudine‚
488 1089 615 1176 quando
638 1095 840 1176 perspectam
863 1091 1005 1156 habeant
1027 1110 1229 1174 capressam
1248 1091 1476 1157 mantiam

289 1217 439 1302 Episcopi
463 1215 677 1303 reprobantis,
701 1219 733 1282 vi
756 1217 863 1302 legum
888 1217 1105 1284 communium
1130 1223 1163 1282 et
1186 1217 1364 1282 communis
1386 1217 1474 1300 peri·

288 1344 363 1416 culi,
387 1346 464 1410 istas
487 1343 722 1430 ephemerides.
748 1343 858 1418 Quare
884 1342 1135 1429 prohibitionem
1166 1343 1252 1408 iuris
1274 1342 1400 1414 eccles„
1425 1343 1475 1406 ita

289 1467 432 1533 arbitror
459 1469 644 1534 executioni
674 1466 928 1533 demandandam
959 1487 1039 1550 esse,
1068 1487 1126 1534 seu
1157 1468 1249 1534 iuxta
1277 1469 1476 1534 monitiones

290 1591 531 1676 Episcoporum,
556 1611 692 1676 quorum
719 1597 769 1658 est
799 1591 964 1676 explicare
994 1611 1124 1657 sensum
1154 1592 1329 1678 genuinum
1360 1591 1473 1676 legum

289 1715 456 1782 Ecclesiae
478 1723 575 1801 atque
597 1715 801 1802 perpendere
816 1717 998 1802 periculum
1013 1721 1046 1782 et
1061 1717 1213 1782 damnum
1235 1716 1414 1782 obveniens
1438 1718 1473 1780 in

289 1858 366 1906 casu
390 1846 543 1905 concreto
566 1861 610 1906 ex
632 1843 742 1926 pravis
758 1840 1027 1926 ephemeridibus,
1044 1859 1172 1924 unaque
1191 1839 1339 1906 fidelibus
1354 1841 1389 1905 in
1404 1842 1474 1907 suis

289 1969 467 2033 monitoriis
491 1987 530 2032 ea
552 1985 731 2053 suggerere
754 1971 1010 2052 temperamenta
1033 1973 1065 2032 et
1089 1966 1225 2033 consilia
1250 1965 1368 2033 idonea
1392 1971 1475 2032 tem·

288 2112 403 2178 porum
434 2111 710 2177 personarumque
740 2091 897 2156 adiunctis
928 2091 969 2157 ad
1000 2089 1167 2156 evitandas
1197 2093 1474 2158 conscientiarum

289 2220 479 2283 anxietates.
506 2218 578 2283 Hoc
601 2223 705 2303 pacto,
730 2217 762 2280 ni
787 2215 894 2292 fallor,
920 2218 1087 2283 conciliari
1110 2222 1216 2302 potest
1242 2218 1473 2302 interpretatio

289 2343 365 2408 data
388 2361 408 2404 a
431 2341 470 2406 cl.
489 2341 632 2407 Gennari
656 2342 709 2425 qui
733 2339 904 2406 admodum
920 2341 1069 2408 extendit
1091 2341 1302 2407 intentionem
1325 2341 1471 2426 prohihi-

288 2469 387 2533 tivam
414 2453 508 2532 h'uius
530 2466 669 2548 articuli,
694 2486 767 2533 cum
793 2469 953 2532 sententia
980 2467 1021 2532 cl.
1045 2465 1268 2534 Vermeersch
1302 2471 1336 2532 et
1364 2467 1470 2532 Zitelli

289 2593 342 2674 qui
359 2589 446 2654 illam
464 2608 482 2653 e
497 2595 613 2654 contra
627 2587 795 2653 admodum
808 2594 985 2661 coarctant,
998 2591 1131 2656 attentis
1146 2591 1287 2654 maxime
1301 2587 1472 2654 hodiernis

288 2716 429 2782 fidelium
461 2714 604 2781 moribus
636 2725 668 2780 et
694 2714 863 2781 adiunctis.
890 2750 908 2765 -
934 2715 1090 2800 Equidem
1121 2715 1163 2782 cl.
1188 2717 1334 2782 Gennari
1356 2715 1473 2798 1258

287 2842 417 2906 invocat
439 2841 633 2928 principium
656 2840 772 2906 aDivo
789 2840 955 2924 Alphonso
971 2840 1140 2926 probatum
1165 2839 1267 2925 quoad
1291 2859 1471 2926 pravorum

288 2966 537 3051 prohibitionem
556 2964 724 3036 librorum,
741 2985 857 3051 nempe
875 2955 897 3029 '‹
914 2967 958 3032 In
982 2965 1046 3032 hac
1067 2984 1107 3031 re
1129 2963 1267 3048 empedii
1290 2963 1474 3032 ordinarie

288 3091 471 3178 rigidiores
501 3089 678 3171 opiniones
708 3094 804 3173 seqni
828 3112 847 3153 n
872 3087 968 3176 (App.
1000 3089 1050 3155 De
1081 3089 1177 3157 tibris
1202 3061 1337 3173 prohib.
1370 3109 1400 3153 c.
1425 3088 1471 3171 V,

288 3237 320 3282 u.
345 3215 396 3302 8);
421 3234 521 3299 quare
544 3216 612 3300 ipse
635 3215 689 3295 ait,
710 3213 933 3299 ephemerides
956 3213 1112 3281 liberates
1135 3221 1244 3280 sectae
1267 3215 1474 3280 massonicae

288 3342 492 3426 indulgentes
511 3359 593 3424 pene
617 3359 728 3404 omnes
752 3360 823 3406 esse
845 3339 1000 3406 obnoxias
1023 3340 1101 3405 huic
1124 3339 1342 3425 prohibitioni.

378 3463 452 3530 376.
482 3465 567 3528 Anr.
592 3461 650 3528 22:
678 3461 820 3530 «Nemo
847 3482 867 3529 e
895 3463 1076 3542 catholicis,
1097 3461 1303 3545 praesertim
1335 3481 1353 3528 e
1384 3461 1473 3528 airis

288 3587 526 3660 ecclesiasticis,
552 3587 746 3653 huiusmodi
776 3587 897 3652 diariis
925 3588 977 3653 oet
1007 3586 1101 3669 foliis
1123 3585 1175 3651 oei
1205 3583 1325 3651 libeliis
1351 3585 1471 3668 perio·

288 3709 374 3777 dicia
404 3708 610 3794 quidquam,
639 3709 706 3774 nisi
737 3709 901 3776 suadente
935 3709 1025 3774 insta
1055 3713 1087 3774 et
1116 3707 1314 3775 rationabili
1343 3725 1470 3782 cansa,

286 3835 434 3918 publicet
450 3853 480 3898 >.

377 3959 452 4024 377.
471 3957 532 4022 Ηίο
548 3958 704 4022 articulus
717 3963 849 4023 revocat
864 3957 1014 4024 naturale
1029 3961 1238 4043 praeceptum
1254 3975 1297 4020 ne
1312 3956 1385 4040 quis
1397 3975 1474 4040 ope-

287 4103 358 4149 ram
381 4082 436 4148 det
450 4083 500 4148 rei
516 4081 628 4154 malae.
654 4081 856 4166 cooperando
879 4083 1025 4148 criminis
1047 4081 1291 4168 perpetrationi.
1315 4115 1335 4127 -
1360 4079 1472 4145 Exae-

287 4210 354 4294 ptio
377 4209 463 4276 facta
486 4245 503 4256 -
526 4208 593 4274 nisi
614 4206 779 4273 suadente
795 4207 885 4273 insta
899 4213 933 4273 et
945 4205 1143 4273 rationabili
1166 4225 1272 4274 cansa
1297 4239 1316 4254 ·
1341 4209 1474 4290 spectat

288 4331 329 4396 ad
354 4350 463 4398 casum
486 4347 547 4412 quo
563 4330 634 4412 quis
646 4329 688 4394 ad
711 4331 917 4397 refutandam
941 4330 1135 4396 calumniam
1158 4331 1211 4396 vel
1234 4330 1275 4395 ad
1291 4329 1473 4396 retunden-

290 4455 363 4520 dam
385 4454 543 4518 malorum
566 4450 730 4516 hominnm
752 4453 929 4528 audaciam,
952 4460 1097 4540 cogatur,
1120 4453 1380 4540 permittentibus
1403 4454 1472 4519 imo
