3266 5102
310 280 375 345 184
829 302 914 349 runs
938 303 961 348 1.

305 428 448 524 turnum
470 430 526 491 aut
550 423 669 508 breue,·
693 434 725 490 et
748 425 1008 512 distinguendum
1032 426 1157 494 estius
1181 433 1274 493 vetus
1297 446 1318 491 a
1341 427 1411 491 iure
1427 443 1488 492 no·

305 525 452 614 onemo
469 525 654 634 *inp—rimis
678 551 879 637 explicemus
894 551 926 616 id
942 551 1026 636 quod
1050 554 1121 618 iure
1136 557 1248 618 vetere
1269 550 1490 616 Decretalium

301 643 486 738 iubebatur.

397 800 547 864 lamvero
571 799 830 884 impedimentum
847 801 991 869 habitum
1008 809 1056 867 est
1071 803 1161 886 quasi
1171 807 1378 886 perpetuum
1401 799 1490 884 quod

306 917 509 1002 protrahitur
532 923 565 986 in
588 921 861 1007 quinquennium
878 923 930 987 vel
944 925 976 988 in
992 930 1117 1009 tempus
1139 923 1352 1009 indefinitum
1376 927 1410 986 et
1425 921 1492 985 hoc

305 1041 521 1125 probibentur
553 1064 722 1131 pauperes,
747 1047 872 1120 milites,
897 1043 955 1111 filii
978 1046 1126 1119 familias,
1147 1046 1263 1132 ephebi
1285 1048 1318 1110 iu
1342 1043 1491 1129 collegiis

306 1174 488 1244 morantem
519 1170 542 1233 ii
566 1171 619 1254 qui
654 1173 747 1256 gravi
770 1177 803 1236 et
827 1172 924 1258 longa
953 1170 1156 1257 aegritudine
1185 1170 1350 1246 laborant;
1388 1173 1422 1234 et
1453 1169 1491 1232 in

307 1311 430 1376 genere
453 1313 564 1358 omnes
587 1295 694 1360 nestas
720 1294 955 1362 eueusotiones
978 1292 1136 1360 babentes
1158 1293 1281 1379 quibus
1301 1293 1345 1359 ab
1368 1291 1493 1358 itinere

307 1417 557 1484 rationabiliter
575 1423 804 1502 renuentum
824 1437 898 1504 erp.
916 1437 991 1500 cap.
1008 1419 1053 1492 11,
1071 1419 1172 1484 buius
1188 1417 1233 1482 tit.
1250 1417 1291 1482 X.
1308 1450 1328 1464 ·
1345 1415 1493 1480 Diutur-

308 1559 393 1632 num
417 1545 568 1606 censetur
592 1540 853 1626 impedimentum
879 1540 963 1625 quod
987 1539 1082 1606 durat
1104 1539 1190 1620 ultra
1214 1559 1273 1620 sex
1297 1511 1441 1612 menses;
1462 1539 1492 1602 si

308 1666 393 1728 citra
415 1665 629 1750 innotuimus,
646 1663 764 1736 dicitur
781 1664 890 1731 breue
907 1700 925 1713 ·
943 1665 1059 1738 Porro,
1076 1663 1163 1730 iubet
1178 1683 1253 1746 cup.
1266 1663 1326 1745 29,
1340 1662 1391 1728 De
1406 1667 1492 1728 sent.

309 1808 440 1856 excom.
465 1789 507 1862 X,
537 1791 671 1873 eosqui
697 1795 865 1873 perpetuo
895 1789 949 1854 vel
980 1789 1144 1856 diuturno
1174 1788 1324 1853 laborant
1354 1785 1490 1871 impedi-

309 1922 428 1988 mento,
457 1916 668 2006 absolvendos
700 1937 771 1982 esse
795 1937 817 1982 n
839 1935 902 1983 suo
925 1918 1094 2000 Episcopo
1117 1917 1169 1982 uel
1194 1916 1342 2000 proprio
1363 1914 1493 1981 Sacer·

309 2043 385 2109 dote
393 2061 407 2125 ,·
423 2041 469 2126 (l)
485 2042 525 2106 de
541 2044 579 2106 iis
595 2049 703 2108 tamen
727 2044 780 2126 qui
804 2043 968 2108 diuturno
984 2040 1029 2128 (2)
1054 2041 1239 2108 detinentur
1262 2040 1493 2127 impedimento

308 2169 508 2253 praecipitur
530 2169 563 2231 in
588 2188 615 2232 c.
639 2189 666 2232 c.
691 2167 742 2233 13.
767 2174 797 2233 et
821 2167 925 2233 5811.
950 2173 973 2233 t.
999 2169 1040 2232 X.
1059 2187 1078 2230 ‹
1094 2173 1131 2232 nt
1154 2168 1396 2251 impedimento
1420 2185 1493 2233 oes-

310 2295 407 2356 sonte
430 2291 477 2355 ud
491 2291 721 2374 Apostolicum
746 2289 868 2356 Sedent
892 2291 1056 2358 accedant
1079 2291 1282 2356 mandatum
1305 2291 1413 2373 ipsius
1429 2291 1495 2355 bu-

313 2415 439 2482 militer
461 2417 652 2499 suscepturi
668 2438 696 2480 ».
718 2417 814 2490 -Qui
838 2415 931 2500 breui
953 2415 1102 2481 laborant
1127 2415 1363 2502 impedimento,
1381 2435 1442 2500 per
1456 2435 1496 2479 se

311 2539 433 2605 absolvi
458 2560 522 2604 non
546 2539 673 2632 debent,
705 2541 765 2621 nisi
796 2541 906 2626 gravis
937 2541 1034 2606 instet
1064 2542 1257 2615 necessitas;
1281 2540 1381 2604 veluti
1411 2539 1497 2604 rela-

309 2663 408 2728 xandi
444 2677 614 2730 censuram
645 2684 709 2748 qua
739 2664 878 2730 clericus
902 2665 1051 2730 irretitur
1083 2684 1124 2730 no
1153 2665 1209 2730 hie
1235 2664 1406 2729 celebrans
1435 2661 1497 2730 fiat

310 2788 519 2874 irregidaris;
543 2788 596 2853 vol
613 2787 739 2871 nequis
755 2786 934 2872 repellatur
956 2807 976 2852 a
996 2789 1219 2853 communione
1243 2786 1387 2872 corporis
1411 2787 1494 2862 Dni3

309 2918 343 2977 ot
365 2914 463 2977 etiam
479 2931 498 2976 a
514 2911 736 2994 confessione3
761 2913 817 2977 sed
842 2911 948 2997 quoad
971 2912 1209 2978 confessionem
1232 2910 1374 2977 advertit
1388 2910 1498 2976 D’An-

400 3141 440 3210 (l)
459 3141 588 3196 Solemne
608 3145 650 3196 est
668 3141 698 3196 in
718 3143 795 3206 iure;
815 3158 897 3196 cesus
917 3141 1047 3213 Pupnles
1065 3144 1090 3195 st
1106 3159 1210 3213 papum
1229 3143 1304 3196 adiri
1323 3158 1378 3195 non
1392 3150 1497 3212 potest,

310 3252 376 3320 fieri
395 3249 590 3319 Episcopules5
610 3279 625 3289 -
645 3250 693 3304 sed
713 3249 767 3302 Dl).
787 3253 926 3320 quaerunt
944 3267 979 3302 an
998 3251 1027 3302 in
1048 3252 1092 3303 eit.
1112 3268 1171 3320 cap.
1199 3249 1309 3303 dicatur
1330 3251 1497 3304 disiunctiue

311 3375 328 3410 a
346 3373 396 3411 suo
415 3355 552 3428 Episcopo
567 3355 610 3411 vel
623 3375 641 3410 α
659 3361 777 3427 proprio
799 3357 961 3422 Sacerdote·
977 3356 1022 3411 vel
1043 3357 1229 3426 subropattue.
1244 3355 1303 3410 Diei
1316 3357 1499 3428 subi-oporice

311 3469 354 3519 est
377 3464 467 3532 magis
491 3481 607 3532 uernam,¹
626 3465 674 3520 ssd
699 3469 742 3520 est
761 3465 915 3535 probabile,
934 3483 969 3519 ex
989 3465 1043 3518 DD.
1072 3463 1222 3530 sententis,
1249 3461 1302 3516 hoc
1329 3463 1498 3518 disiunctiue

312 3569 435 3639 intelligi
454 3586 541 3639 posse.
565 3571 639 3640 Ergo
665 3587 720 3625 non
740 3575 782 3624 est
802 3570 999 3641 inquietandos
1018 3571 1065 3641 qui
1085 3568 1138 3623 hac
1157 3569 1278 3623 secunda
1300 3568 1447 3637 opinione,
1467 3568 1498 3619 in

312 3677 401 3744 prsxi,
420 3693 486 3729 usus
504 3677 556 3742 sin
574 3677 623 3747 qui
644 3677 775 3730 nimirum
795 3693 937 3731 recursum
964 3676 1069 3731 hebeat
1093 3675 1128 3730 ad
1153 3673 1362 3740 confessarium,
1381 3691 1436 3728 non
1462 3674 1499 3727 ad

312 3781 489 3852 Episcopum,
499 3784 612 3853 vigente
624 3783 822 3853 impedimento
835 3782 952 3838 adeundi
967 3785 993 3836 S.
1007 3783 1115 3838 Sedem.
1124 3811 1137 3824 ·
1148 3782 1206 3836 lmo
1219 3780 1301 3835 bodio
1315 3785 1377 3850 post
1389 3780 1499 3834 aditum

312 3889 455 3944 decretum
474 3891 513 3942 23
533 3890 595 3942 luri.
615 3891 706 3956 1886,
726 3891 799 3944 inira
817 3889 1037 3959 expendendum,
1056 3890 1183 3962 quaestio
1209 3887 1333 3943 resoluta
1351 3891 1408 3950 est;
1427 3887 1501 3942 adeo

313 3998 344 4048 ut
363 3999 459 4063 pateat
477 4011 605 4048 recursus
624 4011 712 4065 aeque
731 3995 765 4048 ad
785 3996 951 4065 Episcopum
971 3993 1073 4049 autad
1093 3995 1300 4049 confessarium.
1321 3991 1362 4046 Cf.
1375 3991 1409 4046 el.
1424 3992 1500 4046 Buc-

313 4101 416 4169 ceroni,
441 4101 544 4156 Comm.
565 4101 606 4155 De
626 4119 699 4156 ceris.
718 4119 745 4154 n.
767 4101 812 4154 51.

402 4211 442 4277 (2)
461 4209 542 4274 Nam,
561 4211 625 4263 inre
644 4209 836 4264 Decretalium
856 4210 903 4281 qui
919 4219 1058 4281 perpetuo
1078 4209 1207 4262 laborant
1227 4207 1426 4277 impedimento
1445 4208 1501 4261 ab·
1616 4265 1617 4288 ,

312 4313 458 4368 solvuntur
476 4315 611 4380 absolute,
629 4331 678 4369 seu
697 4315 776 4369 nulle
801 4316 931 4386 imposita
954 4315 1128 4385 obligatione
1152 4314 1250 4369 adendi
1270 4313 1295 4366 S.
1317 4313 1425 4380 Sodam,
1443 4315 1501 4370 etsi
1616 4309 1617 4314 '

314 4420 541 4490 impedimentum
560 4424 635 4491 sorte
654 4425 753 4476 cesset
