<?xml version="1.0" encoding="UTF-8"?>
<!DOCTYPE html PUBLIC "-//W3C//DTD XHTML 1.0 Transitional//EN"
    "http://www.w3.org/TR/xhtml1/DTD/xhtml1-transitional.dtd">
<html xmlns="http://www.w3.org/1999/xhtml" xml:lang="en" lang="en">
 <head>
  <title>
</title>
<meta http-equiv="Content-Type" content="text/html;charset=utf-8" />
  <meta name='ocr-system' content='tesseract 3.04.00' />
  <meta name='ocr-capabilities' content='ocr_page ocr_carea ocr_par ocr_line ocrx_word'/>
</head>
<body>
  <div class='ocr_page' id='page_1' title='image "./praelectionesin02legagoog_0115.png"; bbox 0 0 3266 5102; ppageno 0'>
   <div class='ocr_carea' id='block_1_1' title="bbox 314 259 964 323">
    <p class='ocr_par' dir='ltr' id='par_1_1' title="bbox 314 259 964 323">
     <span class='ocr_line' id='line_1_1' title="bbox 314 259 964 323; baseline -0.006 0"><span class='ocrx_word' id='word_1_1' title='bbox 314 259 377 323; x_wconf 88' lang='grc'>110</span> <span class='ocrx_word' id='word_1_2' title='bbox 833 274 918 321; x_wconf 71' lang='lat' dir='ltr'>rans</span> <span class='ocrx_word' id='word_1_3' title='bbox 943 273 964 320; x_wconf 92' lang='lat'>1.</span> 
     </span>
    </p>
   </div>
   <div class='ocr_carea' id='block_1_2' title="bbox 307 396 1496 2106">
    <p class='ocr_par' dir='ltr' id='par_1_2' title="bbox 309 396 1496 739">
     <span class='ocr_line' id='line_1_2' title="bbox 310 396 1496 484; baseline -0.003 -18"><span class='ocrx_word' id='word_1_4' title='bbox 310 405 384 466; x_wconf 88' lang='lat' dir='ltr'>tate.</span> <span class='ocrx_word' id='word_1_5' title='bbox 403 437 420 448; x_wconf 92' lang='lat'>-</span> <span class='ocrx_word' id='word_1_6' title='bbox 436 400 498 464; x_wconf 80' lang='lat' dir='ltr'>Ast</span> <span class='ocrx_word' id='word_1_7' title='bbox 513 400 546 463; x_wconf 94' lang='lat' dir='ltr'>in</span> <span class='ocrx_word' id='word_1_8' title='bbox 562 400 652 465; x_wconf 89' lang='lat' dir='ltr'>hisce</span> <span class='ocrx_word' id='word_1_9' title='bbox 676 399 810 484; x_wconf 89' lang='lat' dir='ltr'>aliisque</span> <span class='ocrx_word' id='word_1_10' title='bbox 832 396 958 464; x_wconf 85' lang='lat' dir='ltr'>casibus</span> <span class='ocrx_word' id='word_1_11' title='bbox 982 398 1120 483; x_wconf 78' lang='lat' dir='ltr'><strong>simplex</strong></span> <span class='ocrx_word' id='word_1_12' title='bbox 1139 397 1279 462; x_wconf 89' lang='lat' dir='ltr'>habetur</span> <span class='ocrx_word' id='word_1_13' title='bbox 1301 417 1407 483; x_wconf 89' lang='lat' dir='ltr'>poena</span> <span class='ocrx_word' id='word_1_14' title='bbox 1431 400 1496 484; x_wconf 91' lang='lat' dir='ltr'>pri·</span> 
     </span>
     <span class='ocr_line' id='line_1_3' title="bbox 309 523 1495 612; baseline -0.002 -20"><span class='ocrx_word' id='word_1_15' title='bbox 309 530 448 594; x_wconf 91' lang='lat' dir='ltr'>vationis</span> <span class='ocrx_word' id='word_1_16' title='bbox 471 529 497 592; x_wconf 93' lang='lat' dir='ltr'>si</span> <span class='ocrx_word' id='word_1_17' title='bbox 521 529 571 592; x_wconf 88' lang='lat' dir='ltr'>ius</span> <span class='ocrx_word' id='word_1_18' title='bbox 595 547 659 592; x_wconf 92' lang='lat' dir='ltr'>non</span> <span class='ocrx_word' id='word_1_19' title='bbox 675 526 719 593; x_wconf 83' lang='lat' dir='ltr'>sit</span> <span class='ocrx_word' id='word_1_20' title='bbox 733 526 940 612; x_wconf 61' lang='lat' dir='ltr'>quaesitum</span> <span class='ocrx_word' id='word_1_21' title='bbox 963 526 1062 591; x_wconf 88' lang='lat' dir='ltr'>veluti</span> <span class='ocrx_word' id='word_1_22' title='bbox 1086 527 1113 590; x_wconf 91' lang='lat' dir='ltr'>si</span> <span class='ocrx_word' id='word_1_23' title='bbox 1137 523 1328 590; x_wconf 86' lang='lat' dir='ltr'>beneficium</span> <span class='ocrx_word' id='word_1_24' title='bbox 1352 526 1495 592; x_wconf 91' lang='lat' dir='ltr'>nondum</span> 
     </span>
     <span class='ocr_line' id='line_1_4' title="bbox 309 656 566 739; baseline -0.016 -19"><span class='ocrx_word' id='word_1_25' title='bbox 309 656 353 720; x_wconf 90' lang='lat' dir='ltr'>sit</span> <span class='ocrx_word' id='word_1_26' title='bbox 375 671 566 739; x_wconf 88' lang='lat' dir='ltr'>possessum.</span> 
     </span>
    </p>

    <p class='ocr_par' dir='ltr' id='par_1_3' title="bbox 307 775 1494 1960">
     <span class='ocr_line' id='line_1_5' title="bbox 399 775 1494 892; baseline 0.001 -52"><span class='ocrx_word' id='word_1_27' title='bbox 399 777 453 844; x_wconf 80' lang='lat'>72.</span> <span class='ocrx_word' id='word_1_28' title='bbox 478 778 584 842; x_wconf 90' lang='lat' dir='ltr'>Porro</span> <span class='ocrx_word' id='word_1_29' title='bbox 616 776 642 841; x_wconf 89' lang='lat' dir='ltr'>si</span> <span class='ocrx_word' id='word_1_30' title='bbox 673 794 778 861; x_wconf 90' lang='lat' dir='ltr'>poena</span> <span class='ocrx_word' id='word_1_31' title='bbox 809 781 857 840; x_wconf 89' lang='lat' dir='ltr'>est</span> <span class='ocrx_word' id='word_1_32' title='bbox 869 775 1050 892; x_wconf 80' lang='lat' dir='ltr'>positivo,</span> <span class='ocrx_word' id='word_1_33' title='bbox 1051 775 1231 886; x_wconf 84' lang='lat' dir='ltr'>convenit</span> <span class='ocrx_word' id='word_1_34' title='bbox 1216 775 1346 840; x_wconf 89' lang='lat' dir='ltr'>taud</span> <span class='ocrx_word' id='word_1_35' title='bbox 1381 795 1455 840; x_wconf 92' lang='lat' dir='ltr'>omn</span> <span class='ocrx_word' id='word_1_36' title='bbox 1459 796 1494 841; x_wconf 88' lang='lat' dir='ltr'>es</span> 
     </span>
     <span class='ocr_line' id='line_1_6' title="bbox 310 876 1492 996; baseline 0 -30"><span class='ocrx_word' id='word_1_37' title='bbox 310 903 373 967; x_wconf 89' lang='lat' dir='ltr'>DD.</span> <span class='ocrx_word' id='word_1_38' title='bbox 399 879 883 988; x_wconf 55' lang='lat' dir='ltr'>poemia-“areum</span> <span class='ocrx_word' id='word_1_39' title='bbox 902 921 942 996; x_wconf 87' lang='lat' dir='ltr'>an</span> <span class='ocrx_word' id='word_1_40' title='bbox 944 876 1072 995; x_wconf 82' lang='lat' dir='ltr'>tequam</span> <span class='ocrx_word' id='word_1_41' title='bbox 1097 901 1193 966; x_wconf 86' lang='lat' dir='ltr'>iudex</span> <span class='ocrx_word' id='word_1_42' title='bbox 1217 921 1276 986; x_wconf 88' lang='lat' dir='ltr'>per</span> <span class='ocrx_word' id='word_1_43' title='bbox 1299 921 1356 966; x_wconf 88' lang='lat' dir='ltr'>sen</span> <span class='ocrx_word' id='word_1_44' title='bbox 1358 903 1492 969; x_wconf 86' lang='lat' dir='ltr'>tentiam</span> 
     </span>
     <span class='ocr_line' id='line_1_7' title="bbox 309 987 1493 1144; baseline -0.003 -51"><span class='ocrx_word' id='word_1_45' title='bbox 309 1029 461 1144; x_wconf 77' lang='lat' dir='ltr'><em>declarat</em></span> <span class='ocrx_word' id='word_1_46' title='bbox 450 1027 574 1094; x_wconf 82' lang='lat' dir='ltr'>tarium</span> <span class='ocrx_word' id='word_1_47' title='bbox 598 1026 783 1091; x_wconf 88' lang='lat' dir='ltr'>decreverit</span> <span class='ocrx_word' id='word_1_48' title='bbox 785 987 998 1109; x_wconf 87' lang='lat' dir='ltr'>‚delinquent</span> <span class='ocrx_word' id='word_1_49' title='bbox 1000 1047 1049 1090; x_wconf 93' lang='lat' dir='ltr'>em</span> <span class='ocrx_word' id='word_1_50' title='bbox 1073 1045 1193 1092; x_wconf 87' lang='lat' dir='ltr'>revera</span> <span class='ocrx_word' id='word_1_51' title='bbox 1216 1011 1341 1091; x_wconf 81' lang='lat' dir='ltr'>certum</span> <span class='ocrx_word' id='word_1_52' title='bbox 1367 1029 1493 1092; x_wconf 77' lang='lat' dir='ltr'>crimen</span> 
     </span>
     <span class='ocr_line' id='line_1_8' title="bbox 308 1151 1494 1238; baseline 0 -23"><span class='ocrx_word' id='word_1_53' title='bbox 308 1157 363 1237; x_wconf 89' lang='lat' dir='ltr'>pat</span> <span class='ocrx_word' id='word_1_54' title='bbox 366 1173 454 1217; x_wconf 89' lang='lat' dir='ltr'>rasse</span> <span class='ocrx_word' id='word_1_55' title='bbox 485 1156 517 1216; x_wconf 87' lang='lat' dir='ltr'>et</span> <span class='ocrx_word' id='word_1_56' title='bbox 547 1171 686 1236; x_wconf 90' lang='lat' dir='ltr'>poenam</span> <span class='ocrx_word' id='word_1_57' title='bbox 717 1153 894 1238; x_wconf 88' lang='lat' dir='ltr'>appositam</span> <span class='ocrx_word' id='word_1_58' title='bbox 924 1151 1114 1232; x_wconf 87' lang='lat' dir='ltr'>incurrisse,</span> <span class='ocrx_word' id='word_1_59' title='bbox 1140 1152 1285 1234; x_wconf 87' lang='lat' dir='ltr'>quamvis</span> <span class='ocrx_word' id='word_1_60' title='bbox 1316 1170 1421 1236; x_wconf 90' lang='lat' dir='ltr'>poena</span> <span class='ocrx_word' id='word_1_61' title='bbox 1453 1155 1494 1218; x_wconf 89' lang='lat' dir='ltr'>sit</span> 
     </span>
     <span class='ocr_line' id='line_1_9' title="bbox 308 1269 1494 1359; baseline 0.002 -19"><span class='ocrx_word' id='word_1_62' title='bbox 308 1269 399 1342; x_wconf 79' lang='lat' dir='ltr'>lotae</span> <span class='ocrx_word' id='word_1_63' title='bbox 420 1275 621 1351; x_wconf 77' lang='lat' dir='ltr'>sententiae,</span> <span class='ocrx_word' id='word_1_64' title='bbox 646 1277 720 1358; x_wconf 83' lang='lat' dir='ltr'>ipso</span> <span class='ocrx_word' id='word_1_65' title='bbox 755 1276 847 1359; x_wconf 83' lang='lat' dir='ltr'>sacto</span> <span class='ocrx_word' id='word_1_66' title='bbox 880 1276 1103 1342; x_wconf 64' lang='lat' dir='ltr'>lacessenda</span> <span class='ocrx_word' id='word_1_67' title='bbox 1128 1275 1290 1359; x_wconf 87' lang='lat' dir='ltr'>Siquidem</span> <span class='ocrx_word' id='word_1_68' title='bbox 1314 1276 1370 1340; x_wconf 86' lang='lat' dir='ltr'>lex</span> <span class='ocrx_word' id='word_1_69' title='bbox 1397 1278 1494 1342; x_wconf 91' lang='lat' dir='ltr'>nimis</span> 
     </span>
     <span class='ocr_line' id='line_1_10' title="bbox 307 1398 1491 1486; baseline 0.002 -23"><span class='ocrx_word' id='word_1_70' title='bbox 307 1399 389 1464; x_wconf 86' lang='lat' dir='ltr'>dura</span> <span class='ocrx_word' id='word_1_71' title='bbox 405 1405 489 1466; x_wconf 87' lang='lat' dir='ltr'>esset</span> <span class='ocrx_word' id='word_1_72' title='bbox 505 1409 537 1466; x_wconf 85' lang='lat' dir='ltr'>et</span> <span class='ocrx_word' id='word_1_73' title='bbox 553 1401 719 1465; x_wconf 81' lang='lat' dir='ltr'>moraliter</span> <span class='ocrx_word' id='word_1_74' title='bbox 735 1400 938 1485; x_wconf 89' lang='lat' dir='ltr'>impossibilis</span> <span class='ocrx_word' id='word_1_75' title='bbox 955 1419 1038 1483; x_wconf 89' lang='lat' dir='ltr'>quae</span> <span class='ocrx_word' id='word_1_76' title='bbox 1055 1404 1190 1486; x_wconf 84' lang='lat' dir='ltr'>cogeret</span> <span class='ocrx_word' id='word_1_77' title='bbox 1206 1419 1296 1464; x_wconf 89' lang='lat' dir='ltr'>reum</span> <span class='ocrx_word' id='word_1_78' title='bbox 1313 1398 1352 1464; x_wconf 89' lang='lat' dir='ltr'>ad</span> <span class='ocrx_word' id='word_1_79' title='bbox 1369 1420 1491 1486; x_wconf 91' lang='lat' dir='ltr'>ponen-</span> 
     </span>
     <span class='ocr_line' id='line_1_11' title="bbox 309 1523 1490 1609; baseline 0 -21"><span class='ocrx_word' id='word_1_80' title='bbox 309 1523 383 1588; x_wconf 90' lang='lat' dir='ltr'>dum</span> <span class='ocrx_word' id='word_1_81' title='bbox 403 1530 508 1589; x_wconf 90' lang='lat' dir='ltr'>actum</span> <span class='ocrx_word' id='word_1_82' title='bbox 533 1523 670 1608; x_wconf 87' lang='lat' dir='ltr'>suipsius</span> <span class='ocrx_word' id='word_1_83' title='bbox 694 1523 933 1597; x_wconf 79' lang='lat' dir='ltr'>vindicativum</span> <span class='ocrx_word' id='word_1_84' title='bbox 952 1523 1078 1607; x_wconf 90' lang='lat' dir='ltr'>quando</span> <span class='ocrx_word' id='word_1_85' title='bbox 1096 1543 1208 1609; x_wconf 82' lang='lat' dir='ltr'>poena.</span> <span class='ocrx_word' id='word_1_86' title='bbox 1225 1527 1338 1609; x_wconf 87' lang='lat' dir='ltr'>suapte</span> <span class='ocrx_word' id='word_1_87' title='bbox 1362 1533 1490 1596; x_wconf 73' lang='lat' dir='ltr'>natura,</span> 
     </span>
     <span class='ocr_line' id='line_1_12' title="bbox 310 1647 1490 1733; baseline 0.003 -23"><span class='ocrx_word' id='word_1_88' title='bbox 310 1665 366 1711; x_wconf 89' lang='lat' dir='ltr'>reo</span> <span class='ocrx_word' id='word_1_89' title='bbox 389 1647 508 1731; x_wconf 90' lang='lat' dir='ltr'>aliquid</span> <span class='ocrx_word' id='word_1_90' title='bbox 527 1649 604 1731; x_wconf 85' lang='lat' dir='ltr'>pati</span> <span class='ocrx_word' id='word_1_91' title='bbox 619 1647 818 1713; x_wconf 91' lang='lat' dir='ltr'>solummodo</span> <span class='ocrx_word' id='word_1_92' title='bbox 833 1648 980 1733; x_wconf 90' lang='lat' dir='ltr'>imperat.</span> <span class='ocrx_word' id='word_1_93' title='bbox 999 1648 1161 1722; x_wconf 81' lang='lat' dir='ltr'>Quocirca</span> <span class='ocrx_word' id='word_1_94' title='bbox 1183 1647 1239 1713; x_wconf 84' lang='lat' dir='ltr'>lex</span> <span class='ocrx_word' id='word_1_95' title='bbox 1256 1647 1370 1713; x_wconf 88' lang='lat' dir='ltr'>iubens</span> <span class='ocrx_word' id='word_1_96' title='bbox 1393 1649 1490 1714; x_wconf 88' lang='lat' dir='ltr'>talem</span> 
     </span>
     <span class='ocr_line' id='line_1_13' title="bbox 308 1763 1492 1856; baseline 0.002 -20"><span class='ocrx_word' id='word_1_97' title='bbox 308 1791 445 1856; x_wconf 90' lang='lat' dir='ltr'>poenam</span> <span class='ocrx_word' id='word_1_98' title='bbox 470 1771 509 1837; x_wconf 91' lang='lat' dir='ltr'>de</span> <span class='ocrx_word' id='word_1_99' title='bbox 533 1763 570 1837; x_wconf 86' lang='lat' dir='ltr'>se</span> <span class='ocrx_word' id='word_1_100' title='bbox 596 1771 770 1848; x_wconf 87' lang='lat' dir='ltr'>duriorem,</span> <span class='ocrx_word' id='word_1_101' title='bbox 788 1776 821 1837; x_wconf 90' lang='lat' dir='ltr'>et</span> <span class='ocrx_word' id='word_1_102' title='bbox 843 1772 938 1838; x_wconf 92' lang='lat' dir='ltr'>nimis</span> <span class='ocrx_word' id='word_1_103' title='bbox 962 1770 1133 1845; x_wconf 87' lang='lat' dir='ltr'>difficilem,</span> <span class='ocrx_word' id='word_1_104' title='bbox 1150 1791 1228 1838; x_wconf 88' lang='lat' dir='ltr'>sane</span> <span class='ocrx_word' id='word_1_105' title='bbox 1244 1772 1300 1837; x_wconf 84' lang='lat' dir='ltr'>lex</span> <span class='ocrx_word' id='word_1_106' title='bbox 1323 1778 1410 1838; x_wconf 88' lang='lat' dir='ltr'>esset</span> <span class='ocrx_word' id='word_1_107' title='bbox 1424 1774 1492 1838; x_wconf 90' lang='lat' dir='ltr'>nul-</span> 
     </span>
     <span class='ocr_line' id='line_1_14' title="bbox 308 1895 523 1960; baseline 0 -1"><span class='ocrx_word' id='word_1_108' title='bbox 308 1896 370 1960; x_wconf 90' lang='lat' dir='ltr'>lius</span> <span class='ocrx_word' id='word_1_109' title='bbox 394 1895 523 1960; x_wconf 86' lang='lat' dir='ltr'>valoris.</span> 
     </span>
    </p>

    <p class='ocr_par' dir='ltr' id='par_1_4' title="bbox 399 2019 1490 2106">
     <span class='ocr_line' id='line_1_15' title="bbox 399 2019 1490 2106; baseline 0.003 -21"><span class='ocrx_word' id='word_1_110' title='bbox 399 2019 461 2085; x_wconf 85' lang='lat' dir='ltr'>Sed</span> <span class='ocrx_word' id='word_1_111' title='bbox 485 2019 643 2104; x_wconf 90' lang='lat' dir='ltr'>quomodo</span> <span class='ocrx_word' id='word_1_112' title='bbox 668 2021 882 2086; x_wconf 88' lang='lat' dir='ltr'>conciliantur</span> <span class='ocrx_word' id='word_1_113' title='bbox 904 2019 1007 2084; x_wconf 88' lang='lat' dir='ltr'>verba</span> <span class='ocrx_word' id='word_1_114' title='bbox 1030 2019 1111 2105; x_wconf 87' lang='lat' dir='ltr'>legis</span> <span class='ocrx_word' id='word_1_115' title='bbox 1133 2019 1215 2085; x_wconf 89' lang='lat' dir='ltr'>adeo</span> <span class='ocrx_word' id='word_1_116' title='bbox 1232 2040 1398 2106; x_wconf 83' lang='lat' dir='ltr'>expressa,</span> <span class='ocrx_word' id='word_1_117' title='bbox 1417 2043 1490 2088; x_wconf 91' lang='lat' dir='ltr'>cum</span> 
     </span>
    </p>
   </div>
   <div class='ocr_carea' id='block_1_3' title="bbox 308 2143 1492 2231">
    <p class='ocr_par' dir='ltr' id='par_1_5' title="bbox 308 2143 1492 2231">
     <span class='ocr_line' id='line_1_16' title="bbox 308 2143 1492 2231; baseline 0.003 -24"><span class='ocrx_word' id='word_1_118' title='bbox 308 2143 371 2208; x_wconf 91' lang='lat' dir='ltr'>hoc</span> <span class='ocrx_word' id='word_1_119' title='bbox 383 2145 541 2228; x_wconf 86' lang='lat' dir='ltr'>principie</span> <span class='ocrx_word' id='word_1_120' title='bbox 558 2145 641 2228; x_wconf 91' lang='lat' dir='ltr'>quod</span> <span class='ocrx_word' id='word_1_121' title='bbox 658 2146 760 2230; x_wconf 89' lang='lat' dir='ltr'>ipsam</span> <span class='ocrx_word' id='word_1_122' title='bbox 776 2145 881 2230; x_wconf 87' lang='lat' dir='ltr'>legem</span> <span class='ocrx_word' id='word_1_123' title='bbox 899 2145 1068 2210; x_wconf 86' lang='lat' dir='ltr'>destruere</span> <span class='ocrx_word' id='word_1_124' title='bbox 1080 2143 1230 2209; x_wconf 75' lang='lat' dir='ltr'>videtur?</span> <span class='ocrx_word' id='word_1_125' title='bbox 1243 2145 1413 2231; x_wconf 80' lang='lat' dir='ltr'>Multiplici</span> <span class='ocrx_word' id='word_1_126' title='bbox 1426 2149 1492 2212; x_wconf 89' lang='lat' dir='ltr'>ani-</span> 
     </span>
    </p>
   </div>
   <div class='ocr_carea' id='block_1_4' title="bbox 308 2266 1491 2358">
    <p class='ocr_par' dir='ltr' id='par_1_6' title="bbox 308 2247 1500 2358">
     <span class='ocr_line' id='line_1_17' title="bbox 308 2266 1491 2358; baseline 0.004 -27"><span class='ocrx_word' id='word_1_127' title='bbox 308 2267 532 2334; x_wconf 86' lang='lat' dir='ltr'>madversione</span> <span class='ocrx_word' id='word_1_128' title='bbox 556 2269 631 2334; x_wconf 93' lang='lat' dir='ltr'>huic</span> <span class='ocrx_word' id='word_1_129' title='bbox 654 2266 835 2334; x_wconf 86' lang='lat' dir='ltr'>difficultati</span> <span class='ocrx_word' id='word_1_130' title='bbox 861 2268 1118 2354; x_wconf 87' lang='lat' dir='ltr'>respondendum</span> <span class='ocrx_word' id='word_1_131' title='bbox 1143 2273 1200 2335; x_wconf 91' lang='lat' dir='ltr'>est.</span> <span class='ocrx_word' id='word_1_132' title='bbox 1225 2270 1433 2356; x_wconf 86' lang='lat' dir='ltr'>Cumprimis</span> <span class='ocrx_word' id='word_1_133' title='bbox 1456 2271 1491 2358; x_wconf 85' lang='lat' dir='ltr'>a)</span> 
     </span>
    </p>
   </div>
   <div class='ocr_carea' id='block_1_5' title="bbox 304 2392 1493 4470">
    <p class='ocr_par' dir='ltr' id='par_1_7' title="bbox 304 2392 1493 4470">
     <span class='ocr_line' id='line_1_18' title="bbox 308 2392 1492 2479; baseline 0.003 -23"><span class='ocrx_word' id='word_1_134' title='bbox 308 2397 485 2477; x_wconf 85' lang='lat' dir='ltr'>reponatur</span> <span class='ocrx_word' id='word_1_135' title='bbox 508 2392 688 2459; x_wconf 88' lang='lat' dir='ltr'>huiusmodi</span> <span class='ocrx_word' id='word_1_136' title='bbox 712 2393 802 2479; x_wconf 84' lang='lat' dir='ltr'>leges</span> <span class='ocrx_word' id='word_1_137' title='bbox 826 2395 870 2457; x_wconf 89' lang='lat' dir='ltr'>ita</span> <span class='ocrx_word' id='word_1_138' title='bbox 893 2413 953 2458; x_wconf 87' lang='lat' dir='ltr'>usu</span> <span class='ocrx_word' id='word_1_139' title='bbox 978 2399 1124 2479; x_wconf 87' lang='lat' dir='ltr'>receptas</span> <span class='ocrx_word' id='word_1_140' title='bbox 1141 2393 1250 2476; x_wconf 86' lang='lat' dir='ltr'>fuisse,</span> <span class='ocrx_word' id='word_1_141' title='bbox 1267 2401 1302 2460; x_wconf 91' lang='lat' dir='ltr'>ut</span> <span class='ocrx_word' id='word_1_142' title='bbox 1318 2398 1492 2460; x_wconf 82' lang='lat' dir='ltr'>contrariis</span> 
     </span>
     <span class='ocr_line' id='line_1_19' title="bbox 309 2517 1491 2604; baseline 0.006 -24"><span class='ocrx_word' id='word_1_143' title='bbox 309 2517 450 2582; x_wconf 90' lang='lat' dir='ltr'>moribus</span> <span class='ocrx_word' id='word_1_144' title='bbox 473 2518 580 2601; x_wconf 86' lang='lat' dir='ltr'>aliqua</span> <span class='ocrx_word' id='word_1_145' title='bbox 604 2538 646 2583; x_wconf 88' lang='lat' dir='ltr'>ex</span> <span class='ocrx_word' id='word_1_146' title='bbox 663 2524 755 2604; x_wconf 90' lang='lat' dir='ltr'>parte</span> <span class='ocrx_word' id='word_1_147' title='bbox 772 2521 803 2583; x_wconf 92' lang='lat' dir='ltr'>in</span> <span class='ocrx_word' id='word_1_148' title='bbox 820 2517 1060 2584; x_wconf 87' lang='lat' dir='ltr'>desuetudinem</span> <span class='ocrx_word' id='word_1_149' title='bbox 1077 2517 1237 2585; x_wconf 88' lang='lat' dir='ltr'>abierint:</span> <span class='ocrx_word' id='word_1_150' title='bbox 1254 2521 1338 2585; x_wconf 91' lang='lat' dir='ltr'>ratio</span> <span class='ocrx_word' id='word_1_151' title='bbox 1354 2541 1491 2587; x_wconf 89' lang='lat' dir='ltr'>consue-</span> 
     </span>
     <span class='ocr_line' id='line_1_20' title="bbox 309 2641 1490 2730; baseline 0.003 -26"><span class='ocrx_word' id='word_1_152' title='bbox 309 2641 434 2714; x_wconf 82' lang='lat' dir='ltr'>tudinis,</span> <span class='ocrx_word' id='word_1_153' title='bbox 463 2642 600 2706; x_wconf 84' lang='lat' dir='ltr'>inferius</span> <span class='ocrx_word' id='word_1_154' title='bbox 632 2643 745 2707; x_wconf 90' lang='lat' dir='ltr'>melius</span> <span class='ocrx_word' id='word_1_155' title='bbox 776 2642 1001 2727; x_wconf 78' lang='lat' dir='ltr'>explicabitur.</span> <span class='ocrx_word' id='word_1_156' title='bbox 1031 2643 1062 2730; x_wconf 83' lang='lat' dir='ltr'>b)</span> <span class='ocrx_word' id='word_1_157' title='bbox 1093 2645 1224 2710; x_wconf 85' lang='lat' dir='ltr'>Revera</span> <span class='ocrx_word' id='word_1_158' title='bbox 1254 2645 1287 2709; x_wconf 91' lang='lat' dir='ltr'>in</span> <span class='ocrx_word' id='word_1_159' title='bbox 1317 2647 1389 2710; x_wconf 90' lang='lat' dir='ltr'>iure</span> <span class='ocrx_word' id='word_1_160' title='bbox 1417 2665 1490 2711; x_wconf 87' lang='lat' dir='ltr'>can.</span> 
     </span>
     <span class='ocr_line' id='line_1_21' title="bbox 309 2766 1491 2854; baseline 0.003 -25"><span class='ocrx_word' id='word_1_161' title='bbox 309 2785 433 2850; x_wconf 88' lang='lat' dir='ltr'>poenae</span> <span class='ocrx_word' id='word_1_162' title='bbox 466 2768 618 2850; x_wconf 86' lang='lat' dir='ltr'>positivae</span> <span class='ocrx_word' id='word_1_163' title='bbox 648 2767 733 2831; x_wconf 86' lang='lat' dir='ltr'>latae</span> <span class='ocrx_word' id='word_1_164' title='bbox 761 2766 940 2831; x_wconf 90' lang='lat' dir='ltr'>huiusmodi</span> <span class='ocrx_word' id='word_1_165' title='bbox 964 2766 1087 2832; x_wconf 90' lang='lat' dir='ltr'>duriori</span> <span class='ocrx_word' id='word_1_166' title='bbox 1117 2771 1276 2834; x_wconf 88' lang='lat' dir='ltr'>sententia</span> <span class='ocrx_word' id='word_1_167' title='bbox 1307 2789 1491 2854; x_wconf 89' lang='lat' dir='ltr'>perpaucae</span> 
     </span>
     <span class='ocr_line' id='line_1_22' title="bbox 312 2889 1491 2992; baseline 0.003 -39"><span class='ocrx_word' id='word_1_168' title='bbox 312 2909 411 2992; x_wconf 82' lang='lat' dir='ltr'>usque</span> <span class='ocrx_word' id='word_1_169' title='bbox 435 2889 564 2955; x_wconf 88' lang='lat' dir='ltr'>habitae</span> <span class='ocrx_word' id='word_1_170' title='bbox 588 2895 671 2955; x_wconf 87' lang='lat' dir='ltr'>sunt.</span> <span class='ocrx_word' id='word_1_171' title='bbox 691 2927 708 2938; x_wconf 95' lang='lat'>-</span> <span class='ocrx_word' id='word_1_172' title='bbox 723 2891 802 2955; x_wconf 90' lang='lat' dir='ltr'>Iure</span> <span class='ocrx_word' id='word_1_173' title='bbox 827 2890 1041 2956; x_wconf 88' lang='lat' dir='ltr'>Decretalium</span> <span class='ocrx_word' id='word_1_174' title='bbox 1059 2911 1141 2956; x_wconf 87' lang='lat' dir='ltr'>unus</span> <span class='ocrx_word' id='word_1_175' title='bbox 1157 2896 1212 2956; x_wconf 90' lang='lat' dir='ltr'>aut</span> <span class='ocrx_word' id='word_1_176' title='bbox 1228 2891 1311 2956; x_wconf 88' lang='lat' dir='ltr'>alter</span> <span class='ocrx_word' id='word_1_177' title='bbox 1327 2911 1420 2957; x_wconf 91' lang='lat' dir='ltr'>casus</span> <span class='ocrx_word' id='word_1_178' title='bbox 1437 2911 1491 2958; x_wconf 87' lang='lat' dir='ltr'>re-</span> 
     </span>
     <span class='ocr_line' id='line_1_23' title="bbox 311 3014 1490 3100; baseline 0.002 -22"><span class='ocrx_word' id='word_1_179' title='bbox 311 3014 417 3080; x_wconf 87' lang='lat' dir='ltr'>fertur</span> <span class='ocrx_word' id='word_1_180' title='bbox 444 3035 566 3100; x_wconf 86' lang='lat' dir='ltr'>poenae</span> <span class='ocrx_word' id='word_1_181' title='bbox 588 3015 747 3099; x_wconf 84' lang='lat' dir='ltr'>positivae</span> <span class='ocrx_word' id='word_1_182' title='bbox 771 3017 791 3080; x_wconf 92' lang='lat' dir='ltr'>l.</span> <span class='ocrx_word' id='word_1_183' title='bbox 818 3019 900 3080; x_wconf 82' lang='lat' dir='ltr'>scot.</span> <span class='ocrx_word' id='word_1_184' title='bbox 918 3051 932 3062; x_wconf 96' lang='lat'><em>-</em></span> <span class='ocrx_word' id='word_1_185' title='bbox 955 3017 1013 3081; x_wconf 79' lang='lat' dir='ltr'>Ex</span> <span class='ocrx_word' id='word_1_186' title='bbox 1036 3035 1110 3096; x_wconf 85' lang='lat' dir='ltr'>cap.</span> <span class='ocrx_word' id='word_1_187' title='bbox 1134 3017 1154 3080; x_wconf 91' lang='lat'><em>1</em></span> <span class='ocrx_word' id='word_1_188' title='bbox 1176 3017 1226 3081; x_wconf 88' lang='lat' dir='ltr'>De</span> <span class='ocrx_word' id='word_1_189' title='bbox 1250 3016 1370 3082; x_wconf 80' lang='lat' dir='ltr'>toozic.</span> <span class='ocrx_word' id='word_1_190' title='bbox 1395 3016 1432 3080; x_wconf 78' lang='lat' dir='ltr'>in</span> <span class='ocrx_word' id='word_1_191' title='bbox 1456 3017 1490 3081; x_wconf 86' lang='lat'>6.</span> 
     </span>
     <span class='ocr_line' id='line_1_24' title="bbox 309 3137 1491 3225; baseline -0.001 -20"><span class='ocrx_word' id='word_1_192' title='bbox 309 3137 363 3224; x_wconf 90' lang='lat' dir='ltr'>(V.</span> <span class='ocrx_word' id='word_1_193' title='bbox 374 3138 437 3224; x_wconf 77' lang='grc'>12.)</span> <span class='ocrx_word' id='word_1_194' title='bbox 455 3139 610 3204; x_wconf 89' lang='lat' dir='ltr'>mandans</span> <span class='ocrx_word' id='word_1_195' title='bbox 625 3140 889 3224; x_wconf 77' lang='lat' dir='ltr'>percssassmos</span> <span class='ocrx_word' id='word_1_196' title='bbox 905 3139 1044 3223; x_wconf 89' lang='lat' dir='ltr'>aliquem</span> <span class='ocrx_word' id='word_1_197' title='bbox 1061 3137 1212 3212; x_wconf 83' lang='lat' dir='ltr'>interfici,</span> <span class='ocrx_word' id='word_1_198' title='bbox 1230 3140 1383 3225; x_wconf 89' lang='lat' dir='ltr'>plectitur</span> <span class='ocrx_word' id='word_1_199' title='bbox 1398 3161 1491 3225; x_wconf 86' lang='lat' dir='ltr'>prae-</span> 
     </span>
     <span class='ocr_line' id='line_1_25' title="bbox 306 3263 1491 3349; baseline 0.002 -23"><span class='ocrx_word' id='word_1_200' title='bbox 306 3268 359 3327; x_wconf 90' lang='lat' dir='ltr'>ter</span> <span class='ocrx_word' id='word_1_201' title='bbox 382 3265 745 3328; x_wconf 82' lang='lat' dir='ltr'>excommunicationem</span> <span class='ocrx_word' id='word_1_202' title='bbox 771 3268 803 3328; x_wconf 91' lang='lat' dir='ltr'>et</span> <span class='ocrx_word' id='word_1_203' title='bbox 826 3264 906 3327; x_wconf 84' lang='lat' dir='ltr'>alias</span> <span class='ocrx_word' id='word_1_204' title='bbox 926 3282 1070 3346; x_wconf 78' lang='lat' dir='ltr'>poenae,</span> <span class='ocrx_word' id='word_1_205' title='bbox 1097 3265 1193 3328; x_wconf 88' lang='lat' dir='ltr'>etiam</span> <span class='ocrx_word' id='word_1_206' title='bbox 1217 3283 1321 3348; x_wconf 88' lang='lat' dir='ltr'>poena</span> <span class='ocrx_word' id='word_1_207' title='bbox 1345 3263 1491 3349; x_wconf 91' lang='lat' dir='ltr'>publica-</span> 
     </span>
     <span class='ocr_line' id='line_1_26' title="bbox 306 3385 1491 3470; baseline 0.002 -20"><span class='ocrx_word' id='word_1_208' title='bbox 306 3387 402 3450; x_wconf 90' lang='lat' dir='ltr'>tionis</span> <span class='ocrx_word' id='word_1_209' title='bbox 426 3387 592 3459; x_wconf 87' lang='lat' dir='ltr'>bonorum,</span> <span class='ocrx_word' id='word_1_210' title='bbox 616 3387 690 3470; x_wconf 84' lang='lat' dir='ltr'>ipso</span> <span class='ocrx_word' id='word_1_211' title='bbox 713 3385 814 3468; x_wconf 77' lang='lat' dir='ltr'>sacto.</span> <span class='ocrx_word' id='word_1_212' title='bbox 840 3386 1049 3452; x_wconf 84' lang='lat' dir='ltr'>incurrendo.</span> <span class='ocrx_word' id='word_1_213' title='bbox 1074 3387 1184 3462; x_wconf 84' lang='lat' dir='ltr'>Quare</span> <span class='ocrx_word' id='word_1_214' title='bbox 1207 3389 1276 3452; x_wconf 89' lang='lat' dir='ltr'>eius</span> <span class='ocrx_word' id='word_1_215' title='bbox 1299 3387 1384 3452; x_wconf 88' lang='lat' dir='ltr'>bona</span> <span class='ocrx_word' id='word_1_216' title='bbox 1411 3385 1491 3453; x_wconf 87' lang='lat' dir='ltr'>fisco</span> 
     </span>
     <span class='ocr_line' id='line_1_27' title="bbox 307 3505 1492 3596; baseline 0.003 -22"><span class='ocrx_word' id='word_1_217' title='bbox 307 3509 548 3584; x_wconf 84' lang='lat' dir='ltr'>addicebantur,</span> <span class='ocrx_word' id='word_1_218' title='bbox 566 3505 735 3574; x_wconf 85' lang='lat' dir='ltr'>statim&#39;ac</span> <span class='ocrx_word' id='word_1_219' title='bbox 752 3513 877 3575; x_wconf 87' lang='lat' dir='ltr'>crimen</span> <span class='ocrx_word' id='word_1_220' title='bbox 893 3516 1055 3596; x_wconf 88' lang='lat' dir='ltr'>patratum</span> <span class='ocrx_word' id='word_1_221' title='bbox 1080 3512 1201 3576; x_wconf 86' lang='lat' dir='ltr'>luisset.</span> <span class='ocrx_word' id='word_1_222' title='bbox 1226 3513 1346 3576; x_wconf 84' lang='lat' dir='ltr'>Tamen</span> <span class='ocrx_word' id='word_1_223' title='bbox 1371 3520 1492 3578; x_wconf 89' lang='lat' dir='ltr'>cavent</span> 
     </span>
     <span class='ocr_line' id='line_1_28' title="bbox 307 3633 1491 3719; baseline 0.005 -23"><span class='ocrx_word' id='word_1_224' title='bbox 307 3642 469 3718; x_wconf 87' lang='lat' dir='ltr'>postrema</span> <span class='ocrx_word' id='word_1_225' title='bbox 493 3633 614 3699; x_wconf 88' lang='lat' dir='ltr'>decreti</span> <span class='ocrx_word' id='word_1_226' title='bbox 639 3634 763 3699; x_wconf 89' lang='lat' dir='ltr'>verba:</span> <span class='ocrx_word' id='word_1_227' title='bbox 791 3635 868 3698; x_wconf 79' lang='lat' dir='ltr'>«Et</span> <span class='ocrx_word' id='word_1_228' title='bbox 891 3641 1056 3719; x_wconf 90' lang='lat' dir='ltr'>postquam</span> <span class='ocrx_word' id='word_1_229' title='bbox 1077 3633 1312 3718; x_wconf 83' lang='lat' dir='ltr'>probabilibus</span> <span class='ocrx_word' id='word_1_230' title='bbox 1334 3635 1491 3702; x_wconf 79' lang='lat' dir='ltr'>constite-</span> 
     </span>
     <span class='ocr_line' id='line_1_29' title="bbox 307 3758 1491 3845; baseline 0.002 -23"><span class='ocrx_word' id='word_1_231' title='bbox 307 3758 354 3823; x_wconf 73' lang='lat' dir='ltr'>m&#39;t</span> <span class='ocrx_word' id='word_1_232' title='bbox 375 3759 594 3845; x_wconf 68' lang='lat' dir='ltr'>uccenseatis</span> <span class='ocrx_word' id='word_1_233' title='bbox 612 3759 751 3843; x_wconf 90' lang='lat' dir='ltr'>aliquem</span> <span class='ocrx_word' id='word_1_234' title='bbox 763 3760 869 3824; x_wconf 88' lang='lat' dir='ltr'>scelus</span> <span class='ocrx_word' id='word_1_235' title='bbox 884 3765 947 3824; x_wconf 90' lang='lat' dir='ltr'>lam</span> <span class='ocrx_word' id='word_1_236' title='bbox 960 3759 1146 3825; x_wconf 84' lang='lat' dir='ltr'>execrabile</span> <span class='ocrx_word' id='word_1_237' title='bbox 1163 3761 1369 3841; x_wconf 90' lang='lat' dir='ltr'>commisisse,</span> <span class='ocrx_word' id='word_1_238' title='bbox 1383 3761 1491 3825; x_wconf 87' lang='lat' dir='ltr'>nulla-</span> 
     </span>
     <span class='ocr_line' id='line_1_30' title="bbox 307 3883 1490 3969; baseline 0.008 -24"><span class='ocrx_word' id='word_1_239' title='bbox 307 3887 400 3946; x_wconf 89' lang='lat' dir='ltr'>tenus</span> <span class='ocrx_word' id='word_1_240' title='bbox 417 3884 487 3948; x_wconf 87' lang='lat' dir='ltr'>olio</span> <span class='ocrx_word' id='word_1_241' title='bbox 502 3883 872 3960; x_wconf 71' lang='lat' dir='ltr'>eacommuoicotionis</span> <span class='ocrx_word' id='word_1_242' title='bbox 887 3884 938 3949; x_wconf 91' lang='lat' dir='ltr'>vel</span> <span class='ocrx_word' id='word_1_243' title='bbox 952 3885 1169 3968; x_wconf 82' lang='lat' dir='ltr'>depositionis</span> <span class='ocrx_word' id='word_1_244' title='bbox 1185 3904 1244 3950; x_wconf 81' lang='lat' dir='ltr'>sca</span> <span class='ocrx_word' id='word_1_245' title='bbox 1255 3885 1490 3969; x_wconf 76' lang='lat' dir='ltr'>diffidationis,</span> 
     </span>
     <span class='ocr_line' id='line_1_31' title="bbox 306 4007 1492 4094; baseline 0.004 -25"><span class='ocrx_word' id='word_1_246' title='bbox 306 4007 435 4092; x_wconf 89' lang='lat' dir='ltr'>(nempe</span> <span class='ocrx_word' id='word_1_247' title='bbox 450 4007 675 4092; x_wconf 87' lang='lat' dir='ltr'>publicationis</span> <span class='ocrx_word' id='word_1_248' title='bbox 689 4007 863 4090; x_wconf 89' lang='lat' dir='ltr'>bonorum)</span> <span class='ocrx_word' id='word_1_249' title='bbox 878 4011 1043 4076; x_wconf 75' lang='lat' dir='ltr'>scatentia</span> <span class='ocrx_word' id='word_1_250' title='bbox 1059 4011 1244 4094; x_wconf 87' lang='lat' dir='ltr'>requiretur</span> <span class='ocrx_word' id='word_1_251' title='bbox 1261 4029 1291 4074; x_wconf 66' lang='lat' dir='ltr'>s.</span> <span class='ocrx_word' id='word_1_252' title='bbox 1310 4009 1352 4075; x_wconf 88' lang='lat' dir='ltr'>Et</span> <span class='ocrx_word' id='word_1_253' title='bbox 1368 4009 1492 4074; x_wconf 87' lang='lat' dir='ltr'>clarius</span> 
     </span>
     <span class='ocr_line' id='line_1_32' title="bbox 307 4131 1493 4228; baseline 0.003 -33"><span class='ocrx_word' id='word_1_254' title='bbox 307 4131 345 4228; x_wconf 73' lang='lat' dir='ltr'>io</span> <span class='ocrx_word' id='word_1_255' title='bbox 368 4151 441 4214; x_wconf 78' lang='lat' dir='ltr'>cap.</span> <span class='ocrx_word' id='word_1_256' title='bbox 459 4133 762 4199; x_wconf 71' lang='lat' dir='ltr'>machaeram</span> <span class='ocrx_word' id='word_1_257' title='bbox 786 4134 809 4198; x_wconf 80' lang='grc'><em>6</em></span> <span class='ocrx_word' id='word_1_258' title='bbox 833 4132 887 4218; x_wconf 84' lang='lat' dir='ltr'>(V.</span> <span class='ocrx_word' id='word_1_259' title='bbox 905 4135 947 4215; x_wconf 84' lang='lat'>2).</span> <span class='ocrx_word' id='word_1_260' title='bbox 969 4155 986 4198; x_wconf 77' lang='lat' dir='ltr'>c</span> <span class='ocrx_word' id='word_1_261' title='bbox 1005 4135 1083 4200; x_wconf 88' lang='lat' dir='ltr'>Cum</span> <span class='ocrx_word' id='word_1_262' title='bbox 1107 4133 1282 4200; x_wconf 89' lang='lat' dir='ltr'>secundum</span> <span class='ocrx_word' id='word_1_263' title='bbox 1307 4135 1397 4219; x_wconf 88' lang='lat' dir='ltr'>leges</span> <span class='ocrx_word' id='word_1_264' title='bbox 1414 4135 1493 4198; x_wconf 90' lang='lat' dir='ltr'>civi-</span> 
     </span>
     <span class='ocr_line' id='line_1_33' title="bbox 305 4255 1490 4344; baseline 0.001 -21"><span class='ocrx_word' id='word_1_265' title='bbox 305 4255 363 4330; x_wconf 87' lang='lat' dir='ltr'>les,</span> <span class='ocrx_word' id='word_1_266' title='bbox 388 4257 541 4340; x_wconf 84' lang='lat' dir='ltr'>nefarias,</span> <span class='ocrx_word' id='word_1_267' title='bbox 558 4265 695 4324; x_wconf 89' lang='lat' dir='ltr'>naturae</span> <span class='ocrx_word' id='word_1_268' title='bbox 719 4259 910 4333; x_wconf 85' lang='lat' dir='ltr'>contrarias,</span> <span class='ocrx_word' id='word_1_269' title='bbox 933 4260 1073 4338; x_wconf 85' lang='lat' dir='ltr'>incestas</span> <span class='ocrx_word' id='word_1_270' title='bbox 1096 4261 1225 4344; x_wconf 89' lang='lat' dir='ltr'>nuptias</span> <span class='ocrx_word' id='word_1_271' title='bbox 1244 4259 1490 4341; x_wconf 88' lang='lat' dir='ltr'>contrahentes,</span> 
     </span>
     <span class='ocr_line' id='line_1_34' title="bbox 304 4382 1493 4470; baseline 0.003 -25"><span class='ocrx_word' id='word_1_272' title='bbox 304 4401 343 4445; x_wconf 90' lang='lat' dir='ltr'>eo</span> <span class='ocrx_word' id='word_1_273' title='bbox 375 4383 453 4466; x_wconf 85' lang='lat' dir='ltr'>ipse,</span> <span class='ocrx_word' id='word_1_274' title='bbox 478 4403 609 4448; x_wconf 88' lang='lat' dir='ltr'>suarum</span> <span class='ocrx_word' id='word_1_275' title='bbox 640 4382 813 4447; x_wconf 89' lang='lat' dir='ltr'>dominium</span> <span class='ocrx_word' id='word_1_276' title='bbox 845 4403 955 4449; x_wconf 87' lang='lat' dir='ltr'>rerum</span> <span class='ocrx_word' id='word_1_277' title='bbox 987 4383 1167 4470; x_wconf 82' lang='lat' dir='ltr'>perdant...</span> <span class='ocrx_word' id='word_1_278' title='bbox 1193 4383 1277 4448; x_wconf 87' lang='lat' dir='ltr'>bona</span> <span class='ocrx_word' id='word_1_279' title='bbox 1304 4383 1493 4449; x_wconf 86' lang='lat' dir='ltr'>haeretico·</span> 
     </span>
    </p>
   </div>
   <div class='ocr_carea' id='block_1_6' title="bbox 0 0 1638 5102">
    <p class='ocr_par' dir='ltr' id='par_1_8' title="bbox 0 0 1638 5102">
     <span class='ocr_line' id='line_1_35' title="bbox 0 0 1638 5102; baseline 0 0"><span class='ocrx_word' id='word_1_280' title='bbox 0 0 1638 5102; x_wconf 95' lang='lat' dir='ltr'> </span> 
     </span>
    </p>
   </div>
  </div>
 </body>
</html>
