3296 5108
530 359 573 406 DE
598 359 752 407 banlerls
776 361 817 407 ΕΤ
842 360 961 406 ronias
1266 340 1332 406 383

158 491 255 550 tatem
279 486 491 566 sacramenti,
519 481 621 551 afficit
651 485 747 549 etiam
774 485 942 550 rationem
972 485 1194 558 sacramenti,
1221 485 1331 570 expri-

157 616 297 679 mentem
321 610 481 677 unionem
501 608 624 676 Christi
647 631 724 677 cam
747 611 898 677 Ecclesia
918 609 1178 677 indissolubilem.
1197 610 1331 685 Quamo-

113 759 117 768 ·
157 736 247 800 brem
263 736 408 822 bigamus
423 736 498 821 quia
514 755 602 801 suam
620 756 752 800 carnem
768 736 954 802 commiscet
969 755 1033 800 non
1049 737 1102 800 uni
1126 740 1250 800 tantum
1275 735 1330 800 sed

156 861 277 928 duabus
301 861 463 932 uxoribus.
481 863 512 926 in
530 861 679 927 secundis
694 861 815 946 nuptiis
839 881 902 926 non
925 860 1047 926 obtinet
1065 863 1208 944 plenam
1230 861 1331 926 ratio·

155 1006 234 1052 nem
256 989 548 1053 sacramentalem.
575 988 680 1051 Porro
710 987 873 1052 secundae
899 989 1029 1072 nuptiae
1060 989 1155 1052 etiam
1177 987 1331 1072 liturgiae

156 1119 230 1176 sunt
252 1115 358 1178 minus
374 1112 542 1178 solemnes.
563 1115 710 1177 lamvero
727 1113 908 1198 bigamiam,
925 1119 1051 1197 quaest
1072 1112 1329 1198 impedimentum

156 1235 196 1300 ad
219 1257 244 1300 s.
261 1237 400 1318 ordines,
424 1238 608 1302 luculenter
631 1238 844 1322 comperimus
868 1257 888 1299 a
911 1236 953 1301 D.
972 1237 1072 1302 Paulo
1095 1238 1148 1321 qui
1171 1236 1211 1300 ad
1229 1238 1330 1301 Timo-

155 1361 264 1426 theum
291 1362 302 1424 l
328 1360 489 1427 scribebat
513 1381 586 1444 cap.
611 1360 650 1426 3:
677 1360 853 1446 «Oportet
877 1362 1067 1447 Episcopum
1092 1361 1328 1446 irreprehensi-

157 1485 251 1550 bilem
284 1505 354 1551 esse
385 1486 487 1553 unius
517 1488 639 1552 asconis
661 1487 808 1552 viram...
833 1486 965 1551 Diaconi
989 1486 1054 1552 sint
1074 1487 1178 1552 anias
1207 1487 1329 1554 amoris

156 1612 221 1676 oiri
238 1633 267 1676 a.
286 1613 367 1676 Item
383 1614 415 1676 in
434 1613 523 1699 epist.
542 1612 582 1676 ad
599 1613 703 1677 Titum
723 1613 746 1686 Ι,
764 1613 795 1678 6.
814 1647 832 1660 -
850 1613 921 1686 Qua
937 1613 1009 1696 lege
1025 1617 1137 1696 aperte
1157 1612 1329 1696 Apostolus

155 1736 398 1820 comprehendit
413 1739 507 1801 etiam
525 1738 744 1824 presbyteros,
761 1738 820 1804 hos
836 1736 1021 1824 significans
1037 1738 1095 1802 sub
1111 1739 1239 1803 nomine
1256 1738 1329 1823 Epi-

154 1869 338 1946 scoporum;
355 1863 399 1926 ita
422 1864 508 1927 enim
524 1863 678 1929 latissime
693 1883 732 1929 ea
748 1869 854 1930 aetate
872 1865 1021 1949 usurpari
1040 1863 1162 1928 solebat
1179 1864 1327 1948 Episcopi

155 1983 353 2049 vocabulum.
379 1985 441 2050 Sed
467 2007 528 2050 non
554 1983 765 2072 significatum
791 1987 852 2052 fuit
874 2007 893 2051 a
916 1987 953 2051 I).
981 1985 1080 2051 Paulo
1103 2006 1143 2050 an
1168 1986 1326 2072 irregula-

154 2109 233 2172 ritas
266 2128 309 2173 ex
339 2105 479 2194 bigamia
509 2111 652 2175 oriretur
681 2131 722 2175 ex
753 2111 943 2194 suspicione
977 2112 1240 2178 incontinentiae
1273 2112 1327 2176 vel

152 2235 254 2317 magis
278 2252 322 2298 esc
345 2232 478 2315 defecta
499 2235 644 2301 rationis
667 2235 932 2301 sacramentalis.

244 2359 359 2424 Patres
375 2360 542 2425 Ecclesiae
564 2381 713 2446 graecae,
731 2362 775 2426 ita
789 2361 821 2427 S.
839 2361 1086 2447 Chrysostomus
1109 2363 1146 2426 in
1170 2361 1263 2444 epist.
1280 2363 1327 2431 aa

158 2483 271 2546 Titum
287 2484 307 2547 l.
329 2503 379 2564 c.;
402 2491 522 2550 etuna
546 2503 618 2549 cum
643 2484 692 2548 his
716 2485 746 2549 S.
773 2485 994 2570 Hieronymus
1016 2506 1090 2550 can.
1115 2487 1142 2566 1,
1166 2486 1241 2550 dist.
1266 2485 1324 2550 26.

151 2605 294 2692 bigamos
318 2609 430 2673 volunt
460 2609 499 2673 ab
523 2609 615 2674 altari
633 2579 799 2694 prohiberi
823 2609 864 2676 ob
878 2611 1105 2693 suspicionem
1120 2611 1325 2677 incontinen-

151 2735 226 2800 tiae.
246 2771 263 2783 -
282 2737 334 2800 Ex
350 2735 486 2801 adverso
503 2737 534 2800 in
552 2737 700 2800 Ecclesia
719 2737 828 2810 latina,
846 2737 927 2802 duce
944 2738 974 2803 S.
994 2739 1181 2823 Augustino,
1199 2758 1273 2802 can.
1293 2738 1324 2820 9,

150 2880 241 2925 caas.
256 2859 307 2934 31,
321 2879 352 2944 q.
371 2859 396 2931 1,
414 2861 519 2945 potior
534 2862 717 2926 aestimatus
732 2860 794 2927 tuit
809 2861 954 2927 defectus
969 2861 1113 2928 rationis
1128 2884 1324 2930 sacramen-

151 2984 249 3066 lalis;
280 2985 365 3049 unde
392 2986 570 3070 Gregorius
593 2985 637 3049 M.
661 3005 713 3068 ep.
739 2987 796 3068 54,
822 2987 875 3058 lib.
905 2989 951 3068 II,
979 2989 1025 3054 ait
1047 2989 1190 3074 bigamos
1218 2990 1324 3074 repel-

150 3110 262 3175 lendos
278 3130 348 3175 esse
364 3111 404 3174 ab
420 3110 585 3176 ordinibus
601 3131 644 3176 ne
658 3117 912 3180 sacramentam
935 3115 1052 3198 alique
1068 3121 1321 3198 corrumpatur.

241 3235 351 3321 Opera
366 3242 399 3302 et
414 3235 517 3302 studio
529 3238 805 3310 scholasticorum,
819 3239 948 3303 saeculo
960 3259 1011 3304 x11
1024 3247 1056 3304 et
1069 3259 1143 3312 xnr,
1159 3247 1322 3327 receptum

149 3367 199 3426 est
221 3363 410 3446 generatim,
427 3368 461 3428 ut
481 3362 638 3448 bigamiae
662 3365 886 3449 irregularitas
903 3371 1107 3450 repeteretur
1131 3388 1172 3432 ex
1195 3367 1323 3434 defectu

149 3485 181 3546 in
204 3483 380 3568 signaculo
396 3485 611 3560 sacramenti,
629 3487 719 3551 iuxta
737 3489 905 3572 Augustini
922 3489 1116 3566 doctrinan1;
1141 3492 1224 3574 quod
1245 3494 1324 3558 irre

147 3607 329 3693 gulositatis
352 3607 593 3704 fundamentum
625 3609 810 3678 declaratur
841 3633 995 3698 expresse
1017 3616 1050 3679 in
1074 3637 1101 3680 c.
1126 3638 1153 3682 c.
1179 3617 1210 3692 4,
1235 3624 1266 3683 el
1289 3618 1321 3693 7,

148 3728 198 3794 De
226 3727 290 3814 bip.
314 3749 386 3796 non
415 3731 488 3797 ord.
514 3732 547 3795 X
568 3730 606 3816 (Ι.
631 3731 696 3818 21).
723 3733 769 3798 af.
796 3737 908 3801 Devoti
933 3738 992 3802 Ias
1020 3758 1093 3804 can.
1126 3742 1219 3806 ania.
1245 3741 1275 3806 h.
1301 3749 1321 3808 t.

146 3855 169 3936 ἓ
193 3853 227 3926 3,
251 3855 288 3919 in
310 3856 407 3922 nolis.
435 3856 512 3922 Inde
543 3857 663 3924 iactum
697 3865 745 3924 est
776 3867 810 3926 ut
840 3861 997 3947 bigamiae
1020 3885 1122 3932 aerae
1145 3886 1227 3950 quae
1251 3889 1323 3933 con·

146 3981 230 4044 sistit
253 3981 286 4045 in
303 3981 420 4066 duplici
437 3983 596 4069 coniugio,
613 3988 835 4059 accessererit.
853 3988 893 4053 ob
913 3989 1224 4073 interpretationem
1245 3995 1323 4060 inni·
1398 3967 1408 3984 ’

146 4125 222 4169 uam
249 4106 388 4171 maxime
409 4108 596 4191 suspicioni
618 4109 879 4178 incontinentiae
906 4114 1045 4200 bigamia
1067 4117 1323 4200 interpretativa

146 4249 208 4313 qua
236 4231 461 4297 consideratur
484 4234 615 4316 claplem
638 4238 808 4322 coniugum
839 4238 965 4324 quando
989 4241 1040 4305 vel
1073 4261 1181 4308 anam
1205 4264 1322 4310 revera

145 4353 258 4418 initum
291 4362 339 4420 esi
366 4356 506 4422 validum
534 4358 588 4423 sed
620 4360 767 4426 alteiam
797 4367 845 4426 est
876 4367 1093 4448 attentatam,
1118 4367 1171 4431 vel
1196 4369 1222 4433 si
1252 4371 1321 4452 quis

146 4496 282 4541 uxorem
297 4477 393 4545 ducat
407 4487 462 4546 aut
476 4481 618 4548 viduam
641 4482 681 4548 ab
706 4486 769 4550 alio
784 4493 970 4572 corruptam
993 4495 1049 4554 aut
1064 4489 1159 4555 etiam
1175 4494 1321 4559 solatum
