3266 5102
525 310 570 356 ns
592 309 747 356 nnnrcrrs
771 309 813 355 ar
839 307 958 355 ror-:rus
1270 285 1329 351 121

143 440 214 499 turn
226 437 348 519 patitur
364 433 544 520 proprietas
559 432 745 504 verborum,
764 431 805 496 ad
821 431 1016 496 strictiorem
1033 451 1162 496 sensum
1180 431 1331 518 redigan-

145 565 211 625 tur.
227 595 245 607 -
259 559 446 640 Eatennea
469 577 548 644 vero
572 558 797 644 interpretatio
822 557 855 620 in
878 556 1064 641 poenalibus
1080 576 1137 622 seu
1162 558 1193 621 in
1215 555 1331 622 odiosis

145 702 214 746 non
229 682 410 752 admittitur
422 683 478 769 (l),
493 682 578 746 unde
594 679 681 746 valet
696 681 912 767 principium:
925 699 1060 762 poenae
1074 699 1145 746 nan
1161 679 1333 746 accedant

142 807 331 890 proprium
347 825 473 872 casum.
491 807 600 880 Quare
616 805 782 892 probanda
796 809 921 870 nonest
936 805 1097 869 sententia
1110 801 1331 876 Reiffenstuel

147 931 185 994 in
209 931 256 996 tit.
274 930 309 1004 2,
326 930 397 997 Lib.
417 932 444 1002 l,
469 951 503 995 n.
526 931 610 1002 429,
637 949 741 1014 neque
765 930 896 1000 Suarez,
922 929 972 994 De
995 927 1123 1015 legibus
1155 928 1209 994 VI.
1234 928 1257 992 4
1280 929 1333 1012 qui

147 1057 239 1120 aiunt
262 1055 303 1119 ab
326 1055 533 1122 identitatem
555 1053 702 1121 rationis
721 1051 794 1119 fieri
818 1054 925 1118 locum
949 1053 1131 1118 extensioni
1155 1052 1237 1138 legis
1262 1071 1334 1138 poe·

149 1182 241 1246 nalis.
266 1181 393 1246 Verum
417 1181 536 1246 Suarez
560 1181 703 1264 loquitur
718 1178 757 1244 de
773 1179 971 1245 calensione
988 1177 1268 1260 comprehensiva
1291 1195 1334 1244 ex

148 1305 318 1370 identitate
341 1307 494 1380 rationis;
519 1304 575 1370 sed
599 1325 697 1390 porro
720 1305 803 1369 haec
827 1303 976 1387 loquendi
1005 1305 1098 1371 ratio.
1127 1304 1187 1368 etsi
1219 1305 1335 1368 verita·

147 1435 213 1493 tem
231 1429 484 1514 comprehendat
504 1450 546 1494 ex
565 1430 743 1494 intentione
757 1429 913 1498 Ductoris,
933 1433 981 1492 est
997 1427 1209 1492 vehementer
1227 1429 1334 1492 incon-

147 1574 235 1639 grua
257 1555 332 1638 quia
354 1553 503 1620 mimano
528 1553 805 1637 comprehensiva
828 1555 885 1616 vix
908 1553 1044 1634 intelligi
1067 1557 1181 1638 potest.
1204 1553 1332 1617 Etenim

147 1679 181 1742 in
199 1679 450 1760 comprehensis
466 1697 523 1743 seu
535 1679 568 1742 in
581 1679 751 1750 contentis,
766 1683 801 1742 ut
816 1677 1001 1761 loquuntur,
1017 1677 1107 1743 nulla
1122 1676 1158 1742 fit
1175 1677 1333 1750 extensio,

147 1802 205 1867 sed
230 1802 368 1887 simplex
391 1801 566 1866 declaratio
591 1803 666 1885 quia
690 1836 709 1850 -
734 1801 771 1866 in
795 1807 861 1868 toto
880 1807 1017 1884 partem
1041 1807 1175 1866 nonest
1192 1800 1333 1866 archiam

150 1927 320 1994 contineri
334 1963 344 1973 ·
361 1945 406 1992 ea
417 1945 488 2012 rep.
506 1926 564 1996 80,
583 1927 654 1991 lar.
671 1927 708 1990 in
721 1927 753 1990 6.
771 1963 782 1974 -
799 1927 840 1990 Et
856 1947 934 1990 sane
949 1925 1038 1991 ratio
1056 1925 1138 2010 lepis
1154 1929 1203 1990 est
1217 1925 1335 1990 anima

149 2051 245 2135 lepis,
270 2051 316 2114 ait
340 2047 562 2122 Reiffenstuel,
583 2049 790 2114 nihilominus
813 2049 903 2114 ratio
929 2048 1011 2133 lepis
1034 2067 1104 2114 narr
1128 2052 1175 2112 est
1199 2049 1256 2112 lea
1277 2045 1335 2132 (2);

152 2196 170 2237 ‹
187 2175 256 2240 ima
282 2172 340 2258 (ait
364 2173 492 2254 Suarez,
509 2175 530 2239 l.
548 2195 574 2240 c.
600 2193 674 2256 cap.
691 2175 724 2247 5,
751 2195 785 2238 n.
801 2174 838 2258 5)
853 2193 916 2239 nec
926 2175 1095 2256 proxima
1119 2171 1226 2238 cirtae
1242 2171 1334 2257 lepis,

151 2299 213 2364 sed
238 2299 322 2364 haec
345 2303 392 2364 est
415 2299 571 2364 notantes
596 2299 846 2384 legislatoris».

265 2422 321 2487 79.
354 2423 488 2488 Demum
520 2427 569 2488 est
599 2423 690 2487 locus
725 2423 938 2524 restrictione
950 2419 1337 2518 ’interpretationi-ad

149 2545 336 2646 evita-udam
360 2547 547 2631 iniustitiam
572 2567 629 2612 seu
654 2548 864 2632 iniquitatem,
882 2547 933 2609 vel
958 2545 1244 2630 absurditatemin
1260 2547 1337 2630 ‚ipsa

148 2671 234 2756 lege.
259 2671 420 2736 Nimirum
443 2671 580 2755 quando,
606 2673 650 2738 uti
674 2671 849 2754 loquuntur
876 2670 1018 2750 scholae,
1049 2671 1131 2734 ratio
1154 2669 1236 2754 legis
1259 2670 1337 2734 satis

241 2935 282 3005 (l)
302 2934 372 2988 Nam
387 2936 414 2988 in
428 2935 628 2988 favorabilibus
643 2935 724 2989 datur
737 2935 932 3004 interpretatio
943 2935 1088 2990 extensive
1101 2934 1128 2988 in
1138 2936 1337 3005 aequiperans,

152 3044 180 3096 in
199 3043 388 3108 correlatieis,
408 3043 437 3096 in
456 3044 597 3096 contentis.
617 3041 729 3106 Suarez,
750 3043 791 3096 De
811 3058 883 3096 cens.
904 3041 941 3108 ΙΙ,
965 3045 995 3106 5,
1014 3043 1043 3094 2.

241 3147 282 3218 (2)
304 3148 412 3202 Revera
431 3148 632 3218 irregularitati
653 3147 899 3204 etdenunaiationi
913 3152 978 3200 suut
992 3148 1101 3200 obnoxii
1121 3146 1291 3214 Sacerdotes,
1304 3147 1338 3201 ad

150 3257 246 3326 turpia
260 3254 454 3320 sollicitantes,
467 3255 533 3326 qnia
542 3273 597 3326 pro
608 3259 751 3310 curatione
765 3257 876 3322 velans,
887 3273 941 3326 pro
953 3273 1025 3324 prone
1042 3256 1174 3324 lapidem,
1183 3271 1238 3325 pro
1251 3255 1339 3308 medi·

150 3367 214 3417 cina
232 3379 373 3416 venenum
388 3366 540 3432 porriqnnt
559 3363 637 3432 (Ben.
658 3363 733 3428 XlV,
748 3363 871 3416 Sacram.
884 3363 1008 3432 Pacate),
1028 3361 1074 3415 sed
1095 3362 1155 3415 istis
1169 3361 1264 3430 poenis
1283 3378 1338 3416 non

149 3470 298 3522 subiacent
316 3468 508 3523 sollecitantes
527 3469 561 3522 ad
580 3471 665 3536 turta,
677 3469 710 3522 ad
728 3469 878 3535 mendacia,
893 3469 927 3522 ad
946 3469 1091 3521 simoniam
1112 3473 1141 3522 et
1161 3468 1273 3536 plenum
1288 3473 1338 3522 est.

151 3575 213 3628 Non
234 3591 380 3644 possumus
398 3575 472 3628 enim
491 3575 615 3631 divinare
634 3581 758 3630 mentem
778 3575 969 3644 legislatorum
989 3575 1138 3645 aliquando
1159 3575 1340 3642 reconditam,

151 3697 239 3751 quare
259 3679 377 3735 crimine
395 3697 450 3734 nou
469 3682 555 3736 semel
575 3682 734 3752 plectuntur
749 3697 803 3735 non
816 3681 880 3751 quia
894 3685 959 3736 sunt
976 3683 1119 3750 praetore,
1133 3679 1180 3735 sed
1199 3680 1264 3750 quia
1274 3698 1341 3750 per·

151 3789 304 3842 nictosiora
317 3787 362 3842 vel
374 3791 584 3859 frequentiara3
598 3792 627 3842 et
640 3789 787 3856 legislator
806 3787 878 3858 quod
897 3787 986 3841 voluit
999 3788 1135 3856 expressit
1154 3788 1227 3857 (pund
1251 3786 1341 3840 noluit

151 3895 250 3948 tacuit.
270 3894 323 3948 Sed
337 3911 468 3964 expressa
486 3895 593 3950 censeri
606 3895 708 3950 debent
728 3912 800 3965 quae
814 3895 867 3948 nisi
887 3893 1157 3963 comprehendantur
1178 3896 1341 3964 sequeretur

150 4001 304 4054 absurdum
322 4001 368 4056 vel
387 4002 540 4066 iniustitia‚·
558 4003 600 4054 ita
618 4019 702 4072 quum
724 4001 881 4056 haereticus
901 4002 950 4054 fiat
969 4001 1148 4070 irregularis,
1167 4015 1248 4054 nemo
1267 3999 1342 4053 dicet

150 4108 278 4177 effugere
297 4107 535 4174 irregularitatem
556 4113 728 4177 apostatam
750 4112 779 4162 et
792 4106 945 4177 poridieula
965 4111 1026 4160 erat
1046 4107 1250 4176 impertretatio
1269 4122 1341 4176 quae

150 4214 470 4268 excommunicationem
490 4214 557 4268 olim
576 4214 662 4268 latam
683 4216 713 4266 in
735 4214 821 4269 Clam.
835 4213 859 4280 J,
880 4215 922 4268 De
940 4215 1034 4284 Sepul.
1055 4214 1185 4268 adversus
1203 4213 1340 4282 sepelien-

153 4325 197 4374 tes
215 4319 473 4375 excommunicetos
498 4321 623 4392 aliosque
651 4321 778 4391 publicos
804 4325 964 4390 peccatores
984 4321 1012 4374 in
1031 4321 1093 4375 loco
1112 4335 1206 4386 sacra,
1228 4319 1343 4374 restrin-

152 4428 240 4495 gebat
258 4427 293 4480 ad
312 4425 388 4480 solos
406 4425 582 4497 vespillones.
601 4427 711 4496 Suarez,
732 4429 774 4482 De
793 4445 865 4482 cens.
885 4429 938 4495 35,
958 4429 987 4493 4,
1007 4427 1051 4480 16.
