3296 5108
290 299 358 366 388
814 323 898 370 rsus
922 323 945 370 1.

290 437 394 502 tentia
415 435 616 506 D'Annibale
639 441 699 521 (l).
731 439 780 507 Ci.
805 441 962 527 Gasparri
988 463 1021 508 n.
1046 440 1129 508 308.
1156 477 1174 490 ·
1200 441 1263 508 Sed
1286 461 1347 527 pro
1376 444 1475 528 praxi

291 563 517 648 irregularitas
539 571 617 631 tunc
640 586 705 630 non
728 568 825 653 viget,
850 569 926 650 quia
948 587 1118 632 versamur
1141 570 1175 633 in
1198 567 1301 634 dubio
1323 567 1420 633 imas.

380 688 457 756 300.
482 690 661 756 Praeterea
684 691 847 760 cardinali
872 690 1081 764 D'Annibale
1098 693 1169 756 inre
1189 693 1306 756 merito
1321 690 1477 756 videntur

290 829 406 877 errare
422 813 587 894 Doctores,
604 817 656 898 qui
674 815 948 901 irregularitatem
972 815 1035 880 boc
1053 817 1159 900 capite
1175 817 1381 881 constitutam
1396 835 1473 900 pro-

291 934 412 1002 ducunt
427 937 468 1002 ad
483 957 592 1002 casum
612 938 759 1022 duplicis
781 939 976 1003 matrimonii
992 939 1084 1004 irriti
1098 958 1300 1023 quocumque
1316 959 1360 1005 ex
1375 941 1475 1024 impe

191 1137 199 1150 ι
291 1058 446 1126 ‹limentoz
464 1060 505 1126 ad
521 1081 589 1127 rem
614 1061 696 1127 baec
711 1061 809 1127 tradit
833 1060 1034 1128 D'Annibale
1051 1061 1089 1146 (1,
1107 1063 1196 1148 418).
1215 1084 1233 1126 ‹
1252 1064 1324 1128 Hac
1344 1065 1476 1128 ratione

291 1185 377 1256 moti,
402 1187 503 1250 nostri
528 1185 656 1271 (nempe
678 1185 837 1271 theologi)
859 1205 897 1250 ac
922 1189 1117 1260 canonistas,
1135 1207 1218 1273 pene
1240 1207 1362 1262 omnes,
1388 1188 1470 1253 irre-

289 1310 496 1395 gularitatem
519 1310 559 1375 ad
584 1331 657 1376 eum
680 1310 863 1396 producunt
885 1311 938 1396 qui
962 1311 1026 1377 duo
1049 1313 1235 1378 successiva
1264 1313 1473 1378 matrimonia

290 1437 385 1500 irrita
407 1456 450 1502 ex
472 1455 673 1522 quocumque
696 1433 923 1520 impedimento
946 1433 1055 1519 (atque
1077 1435 1149 1500 ideo
1180 1437 1240 1502 etsi
1270 1437 1383 1502 clerici
1407 1439 1474 1502 siut

291 1563 323 1626 in
347 1561 523 1626 minoribus
546 1562 710 1626 constituti
734 1560 786 1624 vel
809 1560 900 1640 laici)
923 1563 1103 1634 contrariu
1128 1581 1254 1647 nempe,
1278 1563 1379 1636 aiunt,
1403 1583 1471 1626 nou

289 1707 332 1752 ex
356 1687 427 1752 iure
451 1686 505 1752 sed
529 1705 572 1752 ex
592 1687 717 1750 ratione
733 1704 889 1771 expressa
912 1687 946 1751 in
969 1688 1054 1751 iure:
1079 1685 1119 1750 ab
1143 1673 1206 1751 ba'c
1221 1687 1393 1766 sententia,
1409 1689 1471 1752 etsi

290 1817 423 1898 recepta
442 1817 557 1877 contra
571 1831 682 1876 omnes
699 1810 828 1896 regulas
844 1812 934 1892 iuris,
951 1811 1107 1876 recedere
1124 1813 1254 1875 omnino
1270 1831 1333 1876 non
1351 1811 1470 1886 ausim;

289 1937 346 2002 sed
369 1937 467 2002 liceat
490 1934 618 2002 dubiam
644 1935 754 2000 dicere
778 1935 1053 2022 irregularitatem
1081 1937 1272 2016 huiusmodi,
1297 1941 1333 2001 ut
1355 1937 1468 2001 saltem

288 2060 329 2126 ab
360 2059 535 2127 Ordinario
566 2059 744 2146 dispensari
775 2063 874 2146 possit
889 2082 920 2124 s.
946 2060 1004 2125 Cui
1035 2060 1285 2144 praeclarissimi
1316 2063 1471 2127 Auctoris

288 2187 468 2252 sententiae
487 2187 617 2250 omnino
632 2185 872 2251 adhaerendum
890 2193 948 2264 est,
965 2187 1078 2250 saltem
1095 2185 1199 2270 quoad
1215 2185 1469 2266 conclusionem,

290 2310 441 2376 nimirum
457 2309 595 2376 dumam
612 2330 683 2376 esse
698 2310 879 2376 huiusmodi
904 2310 1191 2395 irregularitatem.

379 2437 460 2501 Item
476 2453 541 2500 non
564 2437 641 2502 satis
664 2454 820 2521 expressa
844 2443 892 2500 est
916 2436 1142 2519 irregularitas
1166 2437 1198 2500 in
1222 2455 1378 2518 casuque
1402 2436 1469 2500 cle-

289 2559 377 2624 ricus
393 2560 426 2625 in
441 2559 619 2624 minoribus
642 2563 842 2632 constitutus,
859 2560 912 2623 vel
932 2559 1034 2624 laicus
1049 2559 1237 2625 secumdum
1254 2561 1342 2624 ineat
1357 2562 1467 2625 coniu-

288 2684 375 2768 gium
399 2703 477 2748 earm
500 2683 632 2770 virgine
655 2683 710 2748 sed
733 2683 947 2765 inualidum
969 2685 1044 2766 quia
1067 2703 1131 2747 non
1156 2689 1205 2748 est
1226 2682 1404 2748 invalidum
1427 2683 1470 2748 ob

288 2807 547 2894 impedimentum
572 2806 693 2872 ordinis
717 2809 811 2881 sacri,
836 2806 876 2871 de
899 2827 961 2892 quo
985 2826 1061 2872 casu
1089 2827 1229 2900 aaaron
1259 2809 1328 2892 agit
1354 2813 1388 2873 et
1417 2806 1468 2873 de

287 2934 395 2998 cernit
417 2934 548 2998 citatum
572 2939 683 3015 eaput.
709 2968 727 2980 -
755 2932 802 2998 Cf.
828 2887 1090 3016 caspari‘ear.

376 3057 452 3121 301.
486 3056 538 3121 Ex
561 3057 668 3122 altero
701 3057 805 3140 capite
837 3057 1001 3122 enascitur
1032 3055 1170 3140 bigamia
1198 3055 1467 3140 interpretativa.

287 3182 414 3267 quando
437 3204 553 3268 nempe
584 3186 635 3248 vir
668 3186 727 3249 init
754 3185 936 3270 coniugium
961 3189 1016 3249 aut
1040 3185 1193 3250 calidum
1220 3191 1276 3249 aut
1298 3185 1470 3252 dumtaxat

286 3315 497 3384 attentatum,
523 3314 619 3392 atque
643 3309 702 3374 init
725 3329 798 3374 cum
822 3311 959 3374 muliere
982 3309 1022 3376 ab
1045 3310 1109 3375 alio
1133 3315 1307 3393 corrupta.

424 3433 454 3517 1)
478 3431 543 3500 Sub
560 3433 622 3497 hac
638 3434 744 3516 specie
760 3435 883 3518 primus
899 3453 992 3498 casus
1008 3433 1166 3518 bigamiae
1189 3434 1470 3518 interpretatione

357 3697 397 3767 (1)
417 3696 487 3759 Quia
512 3698 540 3750 in
560 3697 692 3766 coniugio
709 3699 841 3752 simulato
865 3713 920 3753 non
945 3698 1065 3753 babetur
1090 3715 1141 3753 nee
1159 3700 1275 3770 affectus
1296 3702 1468 3764 intendente,

285 3817 337 3856 nee
351 3818 421 3872 opas
433 3805 619 3858 subsecutum.
639 3801 690 3856 Sed
710 3805 786 3856 certe
801 3803 829 3855 in
843 3803 903 3856 foro
916 3807 1032 3857 externo
1045 3819 1098 3856 nou
1113 3803 1300 3874 praesumitur
1312 3803 1467 3868 simulatio,

285 3908 333 3962 red
352 3908 435 3963 debet
452 3909 573 3978 probari.
593 3907 681 3970 Quum
701 3923 767 3964 vero
785 3913 895 3963 constat
911 3909 943 3964 de
956 3911 1143 3974 simulatione,
1155 3912 1211 3964 iam
1224 3908 1383 3984 excluditur
1395 3909 1466 3964 illud

285 4015 392 4081 suetum
410 4014 530 4080 (oasam)
549 4014 584 4067 ab
604 4012 729 4068 Ecclesia
747 4013 958 4068 condemnatum
977 4015 1005 4067 in
1026 4015 1210 4069 matrimoniis
1223 4031 1294 4086 quae
1310 4019 1409 4069 eontra
1422 4015 1464 4069 ius

285 4121 365 4175 fiunt.
385 4121 503 4177 Proinde
522 4123 731 4176 autoramentum
750 4123 833 4176 ciuile
846 4122 917 4194 quod
931 4127 1040 4188 vocant,
1056 4123 1202 4177 constituit
1214 4121 1266 4177 hoc
1284 4127 1402 4193 famum,
1414 4141 1463 4178 seu

284 4241 386 4278 mum
408 4225 547 4281 sufficiens
571 4225 605 4278 ad
624 4224 818 4280 incurrendam
837 4226 1083 4296 irregularitatem.
1103 4227 1157 4282 Sed
1181 4227 1343 4298 requiritur,
1362 4227 1392 4282 in
1412 4227 1464 4280 hac

282 4329 386 4399 specie,
400 4331 518 4400 primum
532 4331 739 4386 matrimonium
757 4332 843 4386 tuisse
858 4331 989 4398 validum,
1002 4333 1129 4403 quamvis
1142 4331 1269 4388 nonnulli
1283 4331 1338 4385 DD.
1352 4339 1465 4386 eontra-

283 4433 357 4488 rium
373 4435 535 4505 opinentur‚·
554 4435 581 4489 in
601 4453 717 4504 summa,
736 4454 880 4492 versamur
898 4440 928 4492 in
946 4440 1038 4494 dubio.
1061 4469 1076 4479 -
1096 4437 1227 4510 Gasparri
1244 4437 1316 4492 283.
