3290 5100
312 287 380 353 480
835 311 918 358 raas
943 311 966 356 1.

402 432 546 516 Denique
570 433 763 519 exponenda
785 439 834 502 est
864 435 971 500 altera
993 455 1069 520 pars
1093 435 1224 500 articuli
1248 454 1313 519 qua
1343 437 1497 502 statuitur

313 557 460 624 <Iidem
487 559 714 641 prohibentur
744 561 928 644 quominus
958 559 1086 645 absque
1113 560 1259 644 praevia
1292 560 1496 627 ardiman-

310 704 392 748 rum
408 684 519 758 venia,
535 685 652 750 diaria
666 685 718 750 oet
733 683 819 766 folia
831 685 1010 768 periodica
1025 685 1242 752 moderanda
1260 684 1451 768 ascipiunt
1462 707 1495 748 1.
1627 693 1628 752 j

232 901 235 910 γ
313 809 363 874 Ad
387 809 633 894 intelligentiam
656 810 752 874 huius
776 810 905 875 articuli
929 812 1035 894 potior
1054 811 1200 894 quaestio
1216 816 1274 883 est,
1291 809 1367 894 quid
1383 813 1498 877 veniat

310 931 450 997 nomine
473 931 579 996 diarii
601 933 653 996 oet
675 933 752 1015 sotii
770 932 948 1015 periodici.
977 969 992 981 -
1023 934 1108 1000 Sane
1138 935 1171 998 in
1201 939 1266 999 art.
1296 934 1350 1015 21,
1379 933 1496 1000 distin-
1627 999 1628 1002 ,

311 1061 456 1139 guantur
481 1089 498 1104 -
525 1055 651 1136 diaria,
674 1054 761 1137 folia
788 1062 820 1122 et
844 1055 947 1122 libelli
973 1057 1207 1141 101110111οἱ5-
1233 1059 1266 1122 in
1293 1063 1358 1123 art.
1383 1062 1497 1122 nostro
1627 1033 1628 1102 1

293 1179 582 1264 ,praetermittitur
614 1178 745 1246 libellus
771 1180 978 1265 periodims.
1012 1181 1055 1246 Et
1083 1180 1233 1246 libellum
1259 1181 1497 1263 periodieum,

311 1304 474 1377 sualane,
499 1302 638 1369 diximus
661 1305 797 1390 intelligi
821 1305 894 1370 illos
917 1305 1090 1371 fasciculos
1113 1325 1201 1389 quos,
1226 1307 1260 1370 in
1288 1325 1387 1370 unum
1418 1305 1497 1391 liga·

310 1432 370 1500 tos,
396 1429 441 1493 uti
465 1426 566 1492 libros
590 1426 807 1494 consideravit
830 1429 861 1494 S.
887 1427 1046 1494 Officium.
1068 1427 1129 1514 (cf.
1155 1449 1186 1492 n.
1204 1427 1292 1512 344).
1310 1428 1439 1494 -Unde
1462 1431 1497 1493 in

310 1553 510 1636 propositum
534 1551 631 1616 habet
654 1551 693 1616 cl.
712 1551 960 1627 Vermeerschs,
980 1572 1018 1636 p.
1038 1553 1085 1618 99
1110 1551 1251 1618 <Fonte
1274 1571 1459 1618 rumonim
1477 1589 1494 1601 -

310 1677 372 1742 illa
395 1678 617 1763 intelliqimus
640 1698 729 1763 quae
753 1679 947 1746 dioriorum
971 1679 1107 1751 similia,
1128 1680 1202 1745 sota
1216 1679 1415 1763 frequentia
1430 1679 1498 1746 edi·
1627 1711 1628 1754 i

312 1801 453 1874 tionum,
471 1799 513 1866 ab
538 1800 588 1864 his
612 1801 783 1884 differunt.
800 1799 881 1867 Non
904 1819 985 1886 erqo
1010 1821 1052 1866 ea
1075 1820 1164 1885 quae
1185 1801 1309 1887 pollice
1327 1805 1496 1867 occantur
1627 1795 1628 1866 ἶ

227 2007 228 2012 ¹
311 1960 326 1972 ·
342 1923 475 1990 Reaues
492 1961 503 1971 -
529 1945 606 1991 cuni
628 1925 786 2007 fasciculi
801 1945 920 1991 eorum
932 1943 1001 2008 pro
1025 1925 1120 1992 libris
1135 1927 1188 1992 oet
1207 1925 1326 1992 libellis
1343 1925 1494 1992 habean-
1627 1917 1628 1992 Ῠ

311 2054 369 2115 tur
383 2070 415 2113 ›.
434 2050 519 2114 Huic
535 2051 713 2114 sententiaa
729 2048 863 2116 adaeret
879 2049 919 2113 cl.
936 2047 1135 2121 Pennacchi,
1146 2069 1183 2132 p.
1201 2047 1281 2130 231,
1299 2041 1332 2114 01
1347 2050 1495 2115 confutat
1627 2049 1628 2088 ³

312 2171 427 2238 Perias
443 2175 496 2258 qui
513 2193 566 2256 op.
592 2175 643 2239 011.
667 2195 701 2257 p.
725 2173 810 2247 209,
835 2174 913 2247 210,
939 2175 1140 2239 contrarium
1165 2174 1327 2258 opinatur.
1344 2175 1387 2239 Et
1410 2174 1494 2239 haec
1627 2185 1628 2268 ζ

311 2299 471 2364 sententia
495 2319 573 2364 sane
595 2305 644 2364 est
668 2299 843 2364 conformis
863 2299 985 2385 regulis
1008 2299 1297 2384 interpretationis,
1315 2301 1390 2383 q'uia
1413 2299 1494 2385 leqi·
1627 2315 1628 2328 ¹

311 2426 418 2492 stator
433 2425 525 2509 quod
543 2445 614 2490 non
630 2425 805 2508 expressit,
819 2423 1093 2508 praetermittere
1111 2424 1259 2490 coluisse
1280 2423 1493 2509 intettiqitur.

311 2548 462 2616 Ceterum
487 2549 596 2616 subest
619 2552 711 2623 ratio,
737 2551 854 2634 quippe
877 2549 956 2614 folia
978 2554 1012 2614 et
1034 2548 1138 2613 diaria
1160 2549 1213 2613 vel
1237 2548 1405 2633 periodica
1432 2554 1494 2612 tra-

311 2677 401 2737 ctant
427 2674 630 2756 quaestiones
661 2673 808 2757 politicas
838 2677 935 2756 atque
965 2677 1001 2736 ut
1031 2671 1205 2757 plurimum
1230 2673 1371 2736 maxima
1394 2673 1494 2736 animi

312 2799 518 2864 contentione
542 2803 575 2862 et
589 2818 654 2862 non
671 2797 771 2862 semel
787 2817 860 2862 cam
877 2797 1063 2862 vehementi
1078 2798 1219 2882 partium
1235 2796 1349 2862 studio.
1366 2797 1495 2863 Verum
1627 2849 1628 2868 i

311 2921 363 2987 his
387 2923 524 3007 negotiis
548 2942 583 2986 50
606 2921 788 2985 immiscere
812 2919 947 2985 dedecet
971 2920 1119 3001 01011005,
1144 2920 1205 2985 11151
1228 2921 1409 3006 praestanti
1432 2921 1496 2984 vir-

311 3051 381 3114 tute
404 3052 436 3113 et
458 3048 588 3133 ingenio
611 3045 747 3132 praediti
770 3046 843 3127 51111,
868 3045 952 3130 quod
979 3044 1117 3130 ,probari
1140 3043 1235 3110 debet
1257 3043 1297 3110 ab
1322 3045 1495 3130 Episcopo.

312 3173 340 3237 E
364 3177 479 3237 contra
502 3171 603 3238 libelli
629 3169 801 3254 periodici
824 3168 1031 3255 comparandi
1059 3173 1134 3236 sunt
1160 3168 1253 3233 libris
1276 3168 1329 3252 qui
1362 3167 1497 3234 obnoxii

312 3302 387 3363 sunt
409 3296 594 3361 ordinariae
617 3295 682 3380 legi
700 3294 868 3378 praeciae
890 3313 1064 3361 censurae.
1091 3329 1110 3341 -
1134 3293 1216 3358 Nam
1243 3293 1296 3358 1110
1320 3293 1433 3378 agitur
1455 3291 1497 3357 de
1627 3317 1628 3396 j

307 3419 502 3505 prophanis
532 3419 628 3499 101115,
653 3438 718 3483 non
742 3418 781 3483 de
805 3417 1036 3484 ecclesiasticis
1066 3423 1099 3483 et
1124 3417 1301 3505 reliqiosis.
1331 3417 1383 3481 lta
1407 3415 1498 3481 Pen-
1627 3437 1628 3492 3

312 3545 428 3610 nacchi
456 3546 477 3608 1.
502 3565 529 3611 0.
555 3545 608 3629 qui
637 3543 754 3608 exinde
781 3547 873 3610 notat
894 3544 973 3608 folia
993 3543 1109 3608 eccles.
1133 3548 1167 3608 01
1189 3543 1342 3629 religiosa
1365 3540 1498 3606 submit·
1627 3535 1628 3548 ¹

311 3669 426 3736 tendes
450 3689 521 3735 esse
543 3671 576 3733 vi
600 3674 664 3734 art.
690 3669 740 3743 41,
764 3668 917 3754 praeviae
941 3687 1111 3733 censurae.

404 3795 525 3859 Parum
537 3799 644 3858 autem
657 3793 761 3858 101011
772 3813 814 3857 an
826 3793 964 3858 clericus
978 3791 1115 3858 diarium
1123 3811 1191 3876 per
1201 3811 1237 3858 se
1248 3790 1441 3858 moderetur
1452 3811 1497 3856 an

307 3938 376 4004 per
387 3919 495 3984 atium
507 3922 560 4003 qui
572 3918 739 3983 dumtaxat
750 3917 905 4004 praebeat
917 3937 1043 3982 nomen.
1058 3916 1107 3983 ef.
1119 3915 1370 3998 Vermeerschs,
1382 3936 1422 4000 p.
1438 3916 1495 3982 99.
1627 3909 1628 3976 l

403 4042 603 4107 Inerticula
633 4043 743 4127 agitur
772 4041 812 4106 de
843 4041 1010 4107 directore
1040 4059 1100 4105 seu
1130 4038 1169 4104 de
1201 4059 1239 4104 eo
1269 4041 1323 4123 qui
1354 4037 1497 4104 diarium

313 4167 524 4248 moderatur,
547 4185 611 4230 non
639 4165 678 4230 de
702 4163 1013 4233 collaboratorilms.
1037 4161 1128 4231 Unde
1155 4161 1363 4232 collaborari
1390 4161 1496 4228 diario
1627 4221 1628 4224 ,

313 4313 371 4359 5011
385 4294 461 4357 huic
478 4293 648 4377 cooperari
664 4291 845 4358 inserendo
861 4289 1018 4356 articulos
1034 4295 1084 4356 est
1099 4289 1243 4374 ahares,
1259 4287 1299 4354 ad
1316 4307 1413 4374 quam
1429 4309 1498 4355 non
1627 4329 1628 4392 3

314 4422 439 4504 spectat
462 4419 521 4483 iste
543 4418 710 4483 articulus.
