3290 5100
614 333 817 382 ALLEGA'PUM
843 335 863 380 l.

151 463 246 510 sutem
264 457 462 526 appellatione,
480 474 542 512 cnm
555 459 589 513 de
603 459 698 514 valore
712 461 812 528 prioris
824 462 929 516 decreti
943 462 1058 516 iudicari
1071 463 1193 529 deberet,
1206 462 1326 518 alterum

150 564 339 633 suspensionis
348 570 392 620 est
402 567 545 620 indictum.
558 567 657 623 Stante
670 568 766 638 itaque
776 567 906 624 nullitate
916 569 1091 624 decretorum
1102 569 1211 625 irritam
1222 572 1327 642 pariter

151 686 210 724 esse
230 670 414 726 concludebat
432 671 560 726 emissam
579 671 797 727 declarationem
818 677 979 729 contractae
995 675 1221 744 irregularitatis.

223 777 280 842 His,
293 795 365 848 quae
384 779 507 832 indicata
519 784 592 844 sunt,
606 780 718 848 copiose
737 797 754 834 a
772 781 847 835 Titio
866 784 1007 851 expositis,
1023 783 1142 854 denique
1156 785 1282 854 rogabat,
1296 788 1328 838 ut

152 884 179 936 in
198 900 331 953 sirspenso
350 891 477 940 maneret
495 886 628 940 iudicium
648 903 731 956 super
749 886 831 941 dictis
850 888 983 952 decretis;
1004 889 1117 943 interim
1142 905 1272 944 concesse
1293 889 1327 942 ad

151 990 290 1046 cautelam
310 992 487 1048 absolutione
506 1011 523 1047 a
542 995 675 1058 censoris,
694 998 724 1048 ct
742 995 966 1063 irregularitate,
985 998 1169 1051 conficeretur
1191 996 1328 1066 regularis

153 1114 303 1166 processus,
317 1117 351 1154 ex
370 1116 425 1170 qno
443 1101 466 1154 si
486 1102 590 1155 crimen
604 1101 717 1172 aliquod
737 1103 887 1158 resultaret
900 1121 929 1158 se
943 1103 1126 1159 libentissime
1145 1105 1275 1170 officium,
1294 1122 1327 1160 ac

151 1203 316 1260 beneficium
336 1208 549 1278 resignaturum.

223 1313 326 1366 lterum
346 1315 441 1385 itaque
459 1331 543 1368 cansa
562 1316 589 1368 in
610 1317 635 1370 S.
656 1315 910 1385 congregationem
925 1316 1104 1386 disceptanda
1117 1317 1259 1373 descendit
1276 1320 1327 1372 sub

153 1419 255 1474 dubiis:
276 1420 294 1472 1.
313 1423 387 1476 «An
413 1422 451 1476 sit
469 1422 597 1476 standum
624 1422 671 1477 val
691 1423 885 1478 recedendum·
900 1425 928 1478 in
948 1424 1037 1493 primo
1061 1425 1145 1478 dubio
1169 1425 1197 1478 in
1223 1441 1287 1479 casu
1301 1440 1326 1482 a.

153 1531 184 1584 ll.
204 1531 279 1584 «An
303 1533 332 1584 et
355 1530 492 1600 quomodo
517 1532 554 1585 sit
578 1531 656 1586 locus
679 1532 844 1601 depositioni
872 1531 1030 1588 Sacerdotis
1054 1533 1144 1606 (Titii)
1169 1536 1197 1589 in
1217 1553 1282 1590 casu
1301 1552 1326 1594 a.

153 1638 196 1692 lll.
214 1639 288 1694 «An
309 1643 338 1692 et
355 1638 491 1708 quomodo
510 1639 547 1692 sit
566 1637 643 1692 locus
662 1638 831 1693 absolutioni
851 1655 868 1692 a
886 1639 1011 1693 censuris
1029 1645 1059 1694 et
1077 1641 1328 1710 dispensationibus

152 1746 217 1801 <ab
237 1746 448 1815 irregularitate
474 1746 502 1800 in
522 1763 586 1800 casu
601 1759 626 1800 a.
649 1745 778 1800 Discussa
803 1746 903 1800 iterum
929 1763 1014 1800 causa
1037 1747 1080 1802 die
1106 1747 1222 1802 301u1ii
1245 1749 1328 1814 186⁴,

153 1853 179 1907 S.
199 1853 388 1923 congregatio
408 1854 573 1923 respondere
592 1854 714 1908 censuit:
734 1853 768 1906 ad
787 1854 805 1906 1.
834 1855 863 1906 in
880 1854 996 1908 decisis:
1015 1854 1049 1908 ad
1068 1853 1099 1907 ll.
1125 1855 1228 1921 dilato,
1247 1863 1273 1909 et
1290 1857 1328 1910 od

153 1973 288 2017 mentm:
306 1962 340 2015 ad
360 1962 405 2016 lll.
422 1963 522 2028 dilato,
541 1972 568 2016 et
585 1965 633 2016 det
651 1979 720 2016 nera
737 1965 948 2032 resipiscentiae
966 1963 1055 2031 signa.

224 2067 376 2137 Episcopus
395 2067 577 2122 cohaerenter
590 2067 624 2120 ad
638 2072 760 2120 mentem
779 2066 805 2119 S.
819 2065 1061 2136 congregationis,
1074 2083 1146 2138 quae
1159 2066 1247 2122 eidem
1261 2083 1328 2136 pan·

153 2177 212 2231 dita
230 2181 286 2244 est,
306 2176 460 2246 respondit:
479 2174 636 2229 ordinatum
656 2175 741 2228 fuisse
760 2174 864 2228 Titium
884 2174 969 2229 titulo
987 2174 1193 2230 ecclesiasticae
1212 2174 1328 2244 cappel-

153 2286 254 2351 laniae,
273 2285 352 2338 cuius
371 2300 477 2338 annuos
496 2283 618 2338 redditus
637 2283 801 2337 enarrabat:
823 2281 921 2337 retulit
939 2283 1053 2353 quinam
1072 2283 1156 2336 annui
1177 2282 1328 2337 reddituse

155 2392 284 2462 paroecia
301 2391 335 2445 de
353 2407 408 2461 qua
426 2391 535 2458 agimus
557 2387 680 2443 Parocbo
698 2390 879 2444 obvenirent:
898 2389 1065 2458 paucissima
1077 2404 1137 2443 esse
1150 2389 1180 2444 in
1191 2406 1242 2442 sua
1254 2388 1329 2443 dioe-

154 2499 208 2553 cesi
230 2497 366 2551 beneficia
390 2513 461 2567 quae
480 2496 515 2548 ab
535 2495 671 2566 Episcopo
695 2495 784 2550 libera
809 2497 1005 2560 conferuntur,
1024 2510 1141 2566 quornm
1165 2494 1274 2550 nullum
1299 2495 1328 2548 in

155 2621 285 2674 praeseus
303 2621 404 2658 vacans
423 2607 491 2657 erat.

225 2713 316 2766 Titius
335 2713 443 2767 interea
455 2711 587 2783 quosdam
606 2711 788 2766 subiectionis
800 2714 880 2764 actus
893 2710 1028 2780 Episcopo
1044 2709 1238 2780 adpromisisse
1253 2709 1329 2762 visus

153 2825 209 2885 est3
230 2837 262 2873 ac
279 2819 363 2872 simul
378 2817 529 2888 postulavit
546 2836 563 2872 a
582 2818 609 2872 S.
623 2818 652 2873 Ο.
667 2822 698 2871 ut
710 2819 745 2872 ab
759 2831 844 2871 onere
856 2817 909 2870 sibi
923 2817 1087 2886 gravissimo
1100 2817 1221 2886 ipsorum
1235 2816 1329 2870 decre·

154 2933 246 2983 torum
265 2927 377 2997 penitus
395 2925 561 2991 solveretur,
580 2927 709 2981 instituto
729 2924 849 2994 regulari
871 2941 1007 2994 processu.

506 3173 738 3228 oiscnprnrlo
763 3171 976 3228 SYNOPTIGA.

225 3355 303 3416 Quas
323 3371 435 3410 navens
449 3369 571 3409 ranconi
585 3369 826 3408 nrsrurnannrna.
840 3381 873 3392 -
887 3351 1029 3406 Sancitum
1043 3352 1071 3405 in
1085 3352 1145 3406 inre
1158 3367 1219 3406 esse
1232 3352 1328 3405 innue-

156 3469 237 3520 batur
258 3483 295 3520 σω
314 3463 410 3535 officio,
430 3464 568 3518 neminem
588 3463 718 3531 paroecia
737 3461 842 3531 privari
860 3460 968 3526 debere,
989 3461 1041 3513 nisi
1060 3477 1095 3514 ex
1108 3476 1193 3513 causa
1205 3459 1330 3512 criminis

154 3577 183 3627 et
201 3572 306 3627 crimen
325 3572 362 3624 sit
381 3588 415 3626 ex
435 3571 476 3638 iis,
497 3587 568 3641 qnae
587 3569 700 3624 suntin
719 3569 780 3623 iure
794 3583 924 3637 expressa
936 3566 1016 3620 iuxta
1029 3564 1151 3620 Trident.
1171 3562 1326 3618 Concilium

144 3695 219 3734 sess.
239 3681 284 3744 21,
303 3695 362 3748 cap.
383 3679 404 3730 6
421 3679 457 3732 ds
477 3677 538 3746 Res.
559 3675 699 3747 Siquidem
719 3675 846 3728 coactiva
863 3671 996 3727 eiusmodi
1021 3671 1139 3726 remotio
1163 3669 1329 3740 gravissima

154 3793 197 3843 est
216 3803 313 3857 poena,
331 3802 396 3856 qna,
414 3801 448 3839 ex
467 3801 501 3837 ss.
522 3783 684 3848 canonibus,
703 3781 828 3836 Clericus
848 3779 932 3849 plecti
952 3779 1049 3851 nequit
1069 3778 1120 3832 nisi
1141 3782 1204 3848 poet
1221 3777 1330 3847 gravis·

153 3899 253 3950 simum
278 3897 398 3959 crimen,
423 3892 595 3962 praehabitis
614 3891 823 3956 monitionibus,
848 3905 881 3943 ac
905 3888 1016 3942 formali
1042 3888 1169 3942 coniecto
1190 3901 1328 3956 processu,

154 4007 271 4062 solemni
291 4007 419 4076 iusteque
446 4003 544 4058 iudicis
563 4002 703 4058 sententia
731 4001 816 4055 inerit
834 3999 985 4054 convictus.
1016 3997 1052 4051 Et
1076 3995 1228 4052 secondum
1256 3993 1328 4048 hanc

153 4115 366 4172 saluberrimam
389 4113 458 4166 iuris
476 4111 692 4180 dispositionem,
712 4109 738 4162 S.
758 4105 787 4162 C.
807 4106 835 4159 O.
863 4107 909 4160 nbi
931 4104 1065 4160 delictum
1090 4102 1237 4158 evidenter
1264 4117 1328 4172 pro·

154 4228 251 4280 batum
269 4239 325 4278 non
343 4225 425 4287 ioret,
444 4223 493 4274 aut
510 4221 600 4273 forma
626 4235 660 4272 ss.
679 4231 816 4271 canonum
841 4213 972 4283 neglecta
990 4213 1042 4280 sit,
1061 4212 1153 4266 locum
1179 4209 1328 4280 privationi

154 4331 300 4402 paroeciae
319 4347 373 4384 non
393 4345 452 4384 esse
471 4329 632 4382 constanter
651 4323 801 4394 respondit.

225 4438 311 4509 Atqui
330 4439 359 4492 in
378 4435 517 4507 praesenti
531 4451 597 4489 casn
611 4434 644 4487 de
658 4430 783 4487 Perocho
796 4431 942 4500 agebatur,
960 4429 1008 4499 qui
1028 4445 1045 4482 a
1064 4427 1193 4498 paroecia
1205 4429 1330 4480 remotus
