3312 5112
536 313 589 360 vnn
613 313 767 360 neironis
792 315 833 360 ar
857 313 976 362 eorum
1307 295 1346 361 51

171 439 327 516 buccinis,
343 437 377 500 in
393 437 508 522 plateis
525 441 557 502 et
581 439 657 522 ipsis
675 439 706 501 in
724 437 859 522 publicis
875 437 996 502 scholis
1012 437 1208 522 praedicata,
1231 438 1351 504 multos

172 565 339 648 decipiunt
361 569 394 627 et
417 565 549 626 iuvenes
575 563 783 647 potissimum,
808 583 920 627 rerum
951 582 1108 628 novarum
1139 563 1297 630 studiosos
1321 569 1356 630 ot

175 689 209 752 in
233 687 397 752 licentiam
421 704 550 770 pronos.

267 808 350 882 Quia
372 807 519 871 homines
534 805 737 891 decipiuntur
758 805 868 888 specie
890 808 973 888 ueri,
997 806 1083 884 unde
1099 827 1301 892 quacumque
1323 809 1358 872 in

175 931 325 995 doctrina
340 929 393 994 ret
409 928 624 1014 perditissima
639 929 758 1014 aliquid
781 929 853 995 veri
876 931 1070 1010 continetur,
1087 931 1162 995 inde
1177 931 1210 994 in
1226 930 1354 1015 placitis

176 1054 359 1120 huiusmodi
382 1055 665 1119 criminatistarum
679 1055 766 1120 ,iliud
783 1054 1017 1128 reddebetum
1035 1056 1158 1122 scilicet
1175 1076 1238 1120 non
1255 1055 1356 1121 semel

174 1187 301 1246 aestum
318 1179 524 1266 cupiditatum
540 1185 680 1244 mentem
698 1183 742 1246 ita
758 1186 949 1265 pervertere
968 1189 1002 1246 ut
1019 1183 1113 1246 homo
1131 1184 1162 1246 in
1181 1183 1355 1249 amentiam

178 1303 306 1368 labatur
329 1302 382 1366 rel
402 1303 435 1364 iu
451 1300 645 1364 dementiam
660 1302 718 1365 etsi
735 1301 776 1366 ad
793 1302 892 1367 breve
908 1309 1049 1388 tempus;
1074 1302 1245 1387 aliquando
1262 1323 1354 1376 vero,
1391 1315 1395 1324 “

177 1428 388 1515 cupiditatum
405 1431 509 1490 motus
525 1427 601 1510 quin
617 1425 732 1510 perdat
756 1427 963 1500 intellectum,
978 1429 1047 1493 eius
1062 1427 1211 1493 iudicium
1229 1431 1360 1494 minimo

177 1554 316 1620 attendit
338 1553 393 1618 sed
417 1552 663 1638 hoc'antecedit
686 1552 915 1636 pertrahendo,
940 1555 1091 1620 instincto
1115 1553 1279 1635 irreflexo,
1309 1554 1358 1618 fa·

178 1678 333 1742 cultatem
357 1675 536 1740 adactum.
561 1675 688 1740 Diserte
711 1674 773 1740 hoc
797 1675 904 1740 docuit
928 1677 964 1740 D.
989 1677 1138 1750 Thomas,
1171 1678 1301 1744 Samni.
1332 1678 1363 1742 Ι·

182 1799 625 1884 OEQUMUM

273 1923 434 1996 Quocirca
457 1920 536 1984 ordo
559 1921 592 1984 in
616 1921 745 1986 homine
768 1928 996 2006 praeposterus
1020 1931 1053 1988 et
1069 1930 1204 1989 naturae
1229 1929 1364 1990 contra·

180 2053 250 2114 rius
266 2055 323 2120 est,
342 2053 375 2112 ut
398 2046 508 2114 vincat
531 2052 563 2110 et
586 2047 776 2131 praeveniat
792 2047 974 2112 intellectus
990 2048 1142 2114 iudicium
1163 2055 1361 2134 praepotens

182 2181 233 2242 vis
259 2177 429 2262 appetitus
457 2175 573 2258 quippe
600 2173 679 2238 ordo
703 2173 833 2238 moralis
860 2179 892 2238 et
919 2175 1132 2261 psicologicus
1152 2176 1362 2262 expostulat,

179 2302 358 2385 appetitum
381 2295 471 2362 subdi
504 2297 632 2368 rationi,
664 2303 699 2361 ut
730 2296 823 2360 huius
854 2297 990 2382 imperio
1023 2303 1055 2363 et
1085 2299 1172 2362 iussu
1204 2299 1365 2384 appetitus

183 2424 238 2488 vel
262 2443 281 2487 a
306 2443 364 2487 suo
387 2421 512 2486 obiecto
542 2419 750 2511 abstrahatur
781 2419 833 2484 vel
864 2421 897 2484 in
930 2420 1014 2484 idem
1046 2420 1186 2486 labatur.
1220 2422 1260 2486 ln
1293 2422 1367 2486 toro

182 2551 325 2613 externo
348 2564 413 2608 non
436 2544 663 2629 praesumitur,
687 2562 781 2625 quern
805 2544 849 2607 ita
872 2543 975 2628 abripi
1000 2547 1031 2608 vi
1055 2546 1235 2630 cupiditatis
1251 2551 1367 2611 utnon

182 2673 358 2735 conservet
381 2656 472 2731 usum
497 2665 647 2738 rationis;
671 2663 727 2728 sed
751 2664 878 2747 quando
902 2667 964 2730 hoe
984 2667 1177 2751 inprobatis
1198 2669 1366 2746 existeret,

185 2793 284 2857 iudex
308 2793 376 2856 sive
407 2789 643 2854 ecclesiasticus
674 2789 743 2854 sive
774 2789 951 2854 saecularis
981 2789 1143 2856 iudicabit·
1164 2791 1271 2856 locum
1301 2811 1368 2856 non

185 2935 258 2980 esse
281 2933 414 2998 poenae,
439 2913 492 2978 ubi
515 2912 660 2978 oriminis
683 2931 747 2976 non
771 2911 873 2976 adfuit
896 2911 987 2976 dolus
1011 2933 1068 2977 seu
1091 2915 1294 2999 propositum
1311 2911 1368 2999 (2).

280 3145 319 3213 (l)
339 3144 379 3198 De
410 3143 596 3198 moderamina
621 3143 781 3213 inculpatae
814 3144 928 3209 tutelae,
953 3145 1112 3200 consulendi
1141 3151 1206 3199 sunt
1238 3145 1370 3211 Nioolini‚

190 3257 284 3312 Quest.
308 3255 340 3306 di
363 3252 467 3316 diritto,
492 3251 522 3303 P.
551 3251 580 3315 2,
605 3268 628 3320 q.
652 3251 705 3314 25,
731 3267 759 3302 n.
789 3251 816 3314 9,
839 3262 865 3304 et
885 3269 909 3320 q.
929 3252 980 3314 26,
1000 3254 1071 3306 edin
1091 3253 1223 3316 Liuorno,
1245 3269 1288 3321 pp.
1309 3251 1369 3318 289,

189 3359 251 3413 293.
271 3389 286 3398 -
306 3357 390 3423 Hans,
420 3358 506 3411 Cours
531 3359 574 3410 de.
588 3358 662 3409 droit
682 3357 820 3424 criminel,
840 3362 857 3422 ἓ
881 3358 938 3410 ltil.
959 3387 974 3397 -
999 3358 1113 3424 Bitlime,
1129 3359 1308 3428 Philosophia
1334 3363 1371 3413 dc

187 3467 273 3528 droit,
294 3475 357 3518 tom.
377 3463 401 3528 1,
421 3480 484 3533 pap.
503 3464 574 3516 204.
595 3493 609 3503 -
630 3462 764 3534 Gregmy,
785 3465 826 3516 De
847 3464 1007 3533 inculpatae
1021 3465 1125 3518 tutelae
1151 3467 1342 3518 moderatione
1356 3495 1371 3504 -

190 3579 303 3640 Berner,
318 3576 359 3630 De
378 3576 540 3644 impunitate
551 3583 670 3644 propter
681 3590 819 3626 runcinam
832 3576 1024 3628 necessitatem
1037 3575 1188 3642 proposita.
1208 3602 1222 3614 -
1242 3573 1312 3634 Quia
1327 3575 1369 3628 uti

189 3680 278 3734 habet
296 3677 475 3732 Florentinus
492 3678 520 3731 in
540 3677 594 3746 leg.
613 3677 634 3730 3
651 3683 680 3748 si.
707 3678 749 3730 De
772 3679 836 3730 iust.
856 3687 883 3732 et
902 3681 956 3732 iur.
975 3691 993 3733 «
1014 3679 1094 3736 Quod
1121 3679 1237 3749 quisque
1266 3681 1299 3732 ob
1327 3689 1374 3732 tu·

188 3787 278 3840 telam
296 3787 424 3855 corporis
441 3787 487 3838 eui
504 3788 611 3854 fecerit,
629 3786 692 3838 iure
717 3789 818 3855 secisse
844 3787 1015 3854 intellipitur
1033 3800 1051 3842 a
1071 3790 1164 3840 temen
1187 3784 1257 3840 haec
1283 3785 1374 3840 tutela

189 3893 300 3962 privata
318 3907 391 3961 quae
409 3891 587 3946 substituitur
606 3891 733 3960 publicae
753 3893 907 3946 defensioni
923 3894 959 3946 ob
974 3893 1151 3961 ingruentem
1164 3893 1372 3958 necessitatem,

187 4005 254 4055 iure
273 4000 365 4054 locum
384 4000 477 4065 hebet,
496 4001 605 4072 quaudo
623 4001 753 4056 damnum
773 4003 897 4066 timetur,
914 4003 937 4069 i)
958 4005 1101 4068 iniustum,
1115 4005 1143 4069 2)
1158 4020 1255 4073 praue,
1269 4001 1298 4070 3)
1312 4003 1375 4058 ine·

189 4111 314 4165 vitabile.
340 4139 354 4151 ·
380 4110 497 4165 Nomine
522 4111 648 4178 corporis
672 4109 701 4162 in
727 4108 791 4177 lege
820 4109 974 4164 Florentini
1001 4107 1274 4178 comprehenduntur
1305 4113 1376 4164 bona

185 4216 341 4285 omnigena
360 4231 432 4286 quae
450 4219 515 4270 sunt
533 4207 761 4285 irreparabiliter
773 4217 884 4280 amisse,
898 4215 950 4268 nisi
964 4231 981 4268 e
995 4217 1103 4285 privato
1115 4216 1210 4269 taliter
1223 4215 1374 4270 defendan-

188 4327 245 4376 tur.
265 4321 306 4378 cf.
326 4320 516 4392 Carmignani,
540 4323 639 4376 Teoria
658 4323 736 4376 atelle
756 4322 833 4391 leqpi
850 4323 931 4376 della
950 4323 1098 4376 sicurezza
1116 4322 1230 4376 sociale.

281 4427 323 4498 (2)
342 4425 456 4496 Species
480 4426 632 4481 coactionis
656 4426 770 4480 moralis
794 4426 922 4480 consistit
941 4426 969 4479 in
982 4425 1151 4481 auctoritate
1171 4430 1306 4497 quaeest
1326 4429 1376 4479 aut
