3302 5100
765 297 971 350 mudeuurt
995 297 1045 346 111.

827 525 924 581 Ceron
939 523 986 579 lll.

602 670 645 724 Dc
666 669 759 724 Sucrak
778 667 951 739 Impinibus
968 677 995 724 et
1013 667 1209 738 Indulgeruiia.

407 845 448 901 15.
468 847 607 916 imagines
625 847 882 919 quomodocumque
902 847 1055 918 impreeeae
1075 846 1184 900 Domini
1195 845 1289 899 Nostri
1308 844 1369 900 lesu
1381 843 1499 910 Chi-leti,

317 953 420 1007 Beatae
440 953 548 1008 Mariae
567 951 702 1022 Virginis,
731 951 903 1022 Angelorum
928 957 1014 1024 atque
1032 951 1207 1017 Sanctorum,
1225 950 1271 1006 vel
1290 950 1409 1006 aliorum
1428 949 1498 1004 Ser-

316 1075 413 1114 vorum
432 1059 482 1114 Dei
507 1059 543 1115 ab
569 1058 712 1114 Ecclesiae
739 1075 820 1114 aenau
840 1065 870 1114 et
887 1059 1008 1114 decretis
1035 1059 1184 1124 difformes,
1213 1059 1329 1113 omnino
1355 1060 1498 1114 vetantur.

316 1167 412 1223 Novae
429 1183 505 1235 vero,
522 1169 582 1222 eive
601 1185 698 1238 precee
716 1167 840 1224 babeant
861 1168 992 1234 adnexas,
1010 1169 1071 1224 eive
1088 1168 1194 1238 absque
1213 1166 1271 1222 illia
1289 1166 1417 1232 adantum,
1435 1165 1500 1222 aine

316 1275 529 1332 Ecclesiasticae
548 1276 703 1346 potestatis.
715 1275 832 1332 licentia
850 1291 907 1330 non
925 1275 1112 1346 publicantur.

408 1380 448 1436 ld.
477 1380 622 1436 Univereie
649 1380 826 1436 interdicitur
857 1380 1049 1451 indulgentiae
1079 1379 1264 1450 apocryphae,
1291 1383 1321 1435 el
1347 1398 1366 1435 a
1392 1379 1501 1433 Sancta

314 1484 387 1541 Sede
405 1485 568 1555 Apostolica
578 1486 748 1556 proscriptae
759 1485 804 1542 val
818 1489 964 1540 revocatae
976 1485 1233 1558 quomodocumque
1251 1483 1406 1552 divulgare
1419 1484 1500 1545 Quae

314 1594 477 1664 divulgatae
496 1595 550 1648 iam
570 1595 684 1661 luerint,
702 1593 737 1649 de
755 1593 885 1648 manibus
902 1593 1026 1648 fidelium
1052 1595 1226 1650 auferantur.

408 1701 448 1758 17.
467 1701 708 1773 Indulgentiarum
727 1701 792 1756 libri
810 1717 916 1768 omnes,
934 1701 1094 1766 nummaria,
1107 1699 1208 1764 libelli,
1220 1698 1289 1754 lolia
1305 1703 1371 1766 etc,
1389 1699 1420 1756 in
1432 1699 1498 1771 qui·

315 1807 367 1860 bua
385 1823 481 1862 aarum
501 1807 695 1862 conceseionea
712 1805 900 1874 continentur,
920 1821 975 1859 nou
995 1803 1173 1874 publicentur
1187 1804 1293 1876 absque
1310 1803 1499 1874 competentia

313 1913 492 1968 auctoritatis
510 1913 635 1970 licentia.

814 2107 911 2164 creor
935 2106 994 2163 Vll.

631 2253 673 2308 De
691 2253 772 2307 tibris
792 2251 931 2322 liturgicis
950 2262 977 2306 ct
993 2253 1170 2324 precatoriis.

406 2447 447 2502 18.
466 2447 496 2502 n
515 2447 686 2502 authenticis
703 2433 873 2502 editionibus
892 2446 1025 2513 nimius,
1043 2446 1190 2513 emeterii,
1203 2444 1336 2512 mamni,
1348 2445 1499 2502 ceommu-

313 2551 397 2608 nialia
416 2553 622 2623 Episcopornm,
642 2553 816 2609 Pontificalie
846 2553 973 2622 Romani,
993 2551 1169 2624 aliorumque
1191 2551 1325 2608 librorum
1344 2550 1496 2619 liturgico·

315 2677 376 2714 rum
394 2676 412 2712 a
430 2659 534 2714 Sancta
551 2659 621 2716 Sede
640 2659 803 2729 Apostolica
821 2661 1050 2730 approbatorum,
1069 2675 1152 2714 nemo
1169 2659 1321 2730 quidquam
1343 2659 1496 2714 immutare
1519 2693 1525 2701 -

314 2769 489 2834 praesumat:
506 2766 530 2820 ai
548 2781 629 2820 sacua
654 2765 761 2824 lactum
786 2765 880 2831 fuerit,
901 2763 955 2820 hae
974 2781 1063 2820 novae
1081 2764 1219 2819 editiones
1247 2763 1441 2834 prohibentur.

406 2871 446 2926 19.
467 2870 596 2925 litaniae
613 2885 718 2936 omnes,
731 2873 842 2940 praeter
854 2870 1064 2941 antiquissimae
1076 2875 1106 2925 et
1118 2885 1287 2936 communae,
1299 2886 1372 2941 quae
1384 2869 1416 2925 in
1427 2870 1498 2924 Bro-

313 2977 418 3044 viariia,
445 2977 616 3044 Mimalibue,
645 2977 857 3033 Pontidcalibue
875 2994 908 3032 ac
936 2977 1096 3033 Ritualibue
1123 2979 1313 3044 continentur,
1331 2982 1361 3033 et
1382 2983 1496 3049 praeter

315 3083 440 3146 Litaniae
458 3084 492 3139 de
511 3084 598 3139 Beata
610 3082 736 3154 Virgine,
748 3100 821 3155 quae
833 3083 860 3136 in
875 3083 960 3136 Sacra
978 3083 1054 3138 Aede
1067 3082 1227 3138 Lauretana
1245 3083 1387 3140 decantari
1401 3083 1496 3140 solent

310 3193 343 3244 et
363 3189 488 3244 Litaniaa
506 3189 680 3245 sanctissimi
699 3189 827 3244 Nominis
844 3189 906 3244 leau
926 3189 982 3243 iam
1001 3205 1019 3242 a
1037 3188 1141 3245 Sancta
1154 3189 1225 3245 Sede
1244 3191 1423 3267 approbatas,
1437 3207 1495 3244 non

313 3295 431 3351 edantur
448 3295 508 3350 sine
527 3295 665 3350 revisione
683 3297 712 3349 et
731 3294 933 3364 approbatione
951 3291 1103 3349 ordinarii.

402 3401 445 3454 20.
466 3399 572 3471 Libros,
591 3404 640 3454 aut
658 3397 769 3454 libelloe
788 3413 910 3468 precum,
928 3397 1085 3452 devotionis
1103 3396 1148 3453 vel
1165 3398 1312 3454 doctrinae
1331 3397 1494 3453 iustitutio-

312 3506 412 3578 niaque
429 3505 587 3575 religiosae,
606 3505 729 3572 moralia,
748 3505 896 3570 asceticae,
908 3504 1053 3575 mysticae,
1071 3504 1198 3576 aliosque
1217 3503 1495 3576 huiuamodi,quam·

312 3614 355 3674 via
372 3613 407 3668 ad
425 3613 571 3670 fovendam
590 3612 686 3684 populi
712 3611 857 3688 christiani
886 3611 1022 3680 pietatem
1048 3611 1207 3666 conducere
1232 3609 1390 3676 rideantur,
1408 3625 1495 3666 nemo

312 3722 423 3788 praeter
435 3717 580 3788 legitimae
592 3717 769 3773 auctoritatis
778 3717 921 3772 licentiam
934 3715 1075 3786 publicet:
1085 3732 1165 3772 secun
1178 3716 1312 3787 prohibiti
1324 3715 1497 3776 habeantur,
