3226 5106
305 271 350 336 98
829 289 913 336 rsus
938 289 959 334 1.

299 416 514 499 provisiones
539 415 747 498 praecedere
778 413 873 480 debet
898 414 1091 478 summario
1113 413 1198 496 sueti
1220 413 1367 498 copuitio
1401 433 1490 499 quoe

304 538 347 605 ub
373 539 557 605 Ordiuorio
582 539 735 605 notando
759 543 807 604 est
831 557 874 604 ur
898 557 946 602 an¹
967 556 1159 604 cnrsntonn
1177 537 1376 620 procedere,
1402 557 1489 622 quu-

303 669 399 749 teuns
422 683 508 746 opus
531 663 582 736 sit,
601 668 631 728 et
655 663 834 729 certiorem
849 663 994 728 reddere
1010 667 1112 746 queat
1129 661 1351 744 Superiorem
1367 663 1488 729 Aucto-

301 789 437 855 ritatem
449 789 487 854 iu
498 808 580 854 casu
593 787 735 874 tepitiuu'
750 807 954 854 recursus...
971 788 1048 852 Vll.
1064 785 1295 854 Penscsrsnn
1307 787 1489 854 intimetur

298 919 485 998 praevento
510 933 532 980 o
557 913 768 980 Caucetturio
785 931 903 978 corant
928 912 1061 980 Vicorio
1081 911 1259 986 Generati;
1283 913 1352 977 sioe
1368 932 1487 979 corum

302 1031 434 1104 duobus
456 1035 593 1102 testibus
615 1035 847 1101 ecclesiasticis
870 1039 930 1099 out
955 1034 1052 1100 luicis
1075 1034 1244 1118 probetne
1270 1035 1486 1122 intepritatis.

305 1159 335 1243 l)
358 1161 463 1225 Actus
484 1158 706 1245 subsipuotur
730 1177 752 1222 u
771 1157 929 1240 portibus
942 1157 1182 1240 praesentibus
1205 1165 1236 1224 et
1255 1177 1277 1224 a
1296 1167 1486 1241 praevento

302 1303 436 1369 quoque
459 1285 489 1348 si
512 1283 601 1358 uelit,
625 1283 658 1368 2)
685 1282 839 1349 Vicurius
858 1281 1034 1348 Generalis
1046 1282 1195 1348 adiicere
1210 1283 1299 1348 nutet
1314 1283 1485 1350 iuramen-

303 1413 375 1472 tum
397 1406 560 1472 sucendi
582 1410 749 1472 secretum
773 1409 940 1490 quatenus
963 1403 1000 1468 id
1018 1404 1210 1486 prudenter
1233 1411 1370 1488 empetot
1397 1407 1486 1472 tituli

300 1527 441 1602 indoles,
467 1528 509 1593 de
533 1547 600 1612 quo
624 1527 742 1614 opitur
758 1549 789 1591 s.
809 1527 857 1594 cf.
877 1528 970 1609 Rota,
988 1527 1162 1594 Euchirid.
1192 1528 1341 1611 Confess.
1358 1535 1390 1595 et
1406 1530 1482 1596 lud.

300 1654 424 1720 Eccles.
452 1653 543 1718 Part.
569 1655 611 1719 Il.
637 1639 724 1719 Sect.
750 1655 813 1720 IV.
838 1675 864 1721 c.
890 1655 921 1720 8.

391 1777 490 1842 Hisce
508 1777 619 1862 positis
642 1777 722 1841 iuris
747 1775 1010 1849 ordinationibus,
1027 1778 1211 1861 quaerimus
1235 1797 1275 1842 an
1300 1779 1483 1847 huiusmodi

300 1907 475 1986 praecepta
497 1901 549 1966 vel
573 1919 696 1987 poenae
718 1901 768 1964 vel
794 1899 928 1965 decreta
943 1900 987 1966 ab
1003 1901 1138 1966 botuine
1153 1901 1228 1975 lata,
1246 1922 1362 1988 nempe
1376 1911 1485 1971 aucto

300 2027 396 2092 ritate
419 2027 579 2111 Episcopi,
604 2027 736 2110 vigeant
768 2026 864 2089 etiam
890 2025 1031 2090 resoluta
1060 2025 1113 2089 vel
1145 2046 1300 2112 suspensa
1331 2028 1483 2115 Episcopi

298 2146 540 2214 iurisdictione?
565 2149 606 2212 Et
628 2167 707 2212 sane
731 2166 824 2212 nemo
843 2157 979 2229 asseret,
995 2147 1177 2212 huiusmodi
1200 2155 1273 2213 eota
1296 2149 1329 2213 in
1352 2151 1483 2216 irritum

299 2271 417 2337 cedere
448 2272 487 2336 ob
519 2277 654 2337 mortem
685 2272 738 2337 vel
769 2272 1016 2336 translationem
1047 2273 1212 2360 Episcopi,
1237 2274 1291 2338 vel
1319 2275 1483 2361 suspendi,

298 2400 367 2464 eius
397 2417 552 2483 suspense
582 2397 824 2472 iurisdictione;
849 2397 1004 2481 siquidem
1036 2397 1119 2463 haec
1147 2403 1221 2462 acta
1252 2401 1418 2483 pertinent
1442 2402 1482 2468 ad

298 2523 515 2587 necessarium
539 2521 694 2586 dioecesis
718 2523 864 2606 regimen
888 2520 970 2604 quod
1001 2519 1176 2586 nullimode
1203 2541 1333 2587 cessare
1362 2528 1482 2608 potest,

298 2649 477 2714 consistens
508 2649 541 2711 in
573 2647 739 2712 ordinaria
770 2652 937 2732 potestate,
967 2647 1007 2712 ad
1030 2645 1185 2712 dioecesis
1210 2646 1480 2734 gubernationem

297 2771 454 2845 ordinata,
470 2773 559 2836 cuius
573 2776 714 2838 mutatur
727 2771 904 2838 subiectum
917 2771 976 2837 sed
1001 2793 1164 2857 nunquam
1188 2771 1280 2838 deest
1292 2775 1480 2838 auctoritas.

299 2897 389 2962 Haec
412 2899 605 2962 continuitas
634 2898 801 2982 regiminis
834 2897 1007 2982 respondet
1038 2899 1221 2963 necessitati
1246 2897 1479 2974 Ecclesiarum,

297 3039 472 3106 earumque
494 3019 654 3106 dignitati,
679 3021 796 3106 quippe
819 3021 866 3085 eis
889 3025 1020 3107 praeest
1044 3039 1108 3084 non
1130 3021 1279 3094 loannes,
1298 3041 1362 3086 non
1379 3023 1481 3086 Anto-

296 3146 378 3220 nius,
404 3167 467 3210 non
500 3146 621 3210 Paulus
653 3144 709 3210 sed
742 3147 920 3231 Episcopus
950 3147 1097 3211 minister
1131 3146 1217 3211 illius
1249 3146 1482 3214 iurisdictionis

296 3287 390 3352 qnam
414 3268 537 3353 primus
560 3267 697 3334 obtinuit
722 3268 902 3352 Episcopus
926 3270 958 3332 in
983 3269 1039 3332 illa
1061 3268 1137 3334 sede
1162 3274 1195 3333 et
1218 3269 1350 3334 babebit
1373 3271 1482 3335 novis-

296 3393 396 3458 simus
414 3390 470 3478 (1).

384 3551 425 3622 (1)
445 3550 520 3604 ldem
540 3550 712 3604 D'Annibale
726 3551 766 3604 ait
780 3552 797 3603 t.
813 3553 857 3605 cit.
871 3553 900 3604 iu
913 3561 967 3604 uot.
983 3555 1015 3604 5:
1028 3551 1143 3606 «Aliud
1156 3552 1224 3606 iuris
1237 3557 1279 3606 est
1293 3553 1322 3607 in
1335 3556 1479 3608 sententiis

294 3655 360 3711 latis
384 3657 475 3711 officio
501 3657 612 3710 indicis:
639 3659 776 3711 sententio
801 3659 902 3712 iudicis
928 3667 968 3711 est
997 3662 1135 3728 quaedum
1163 3661 1348 3730 particularis
1375 3661 1424 3715 len
1449 3665 1479 3716 in

294 3766 414 3831 quodam
439 3763 613 3832 particulari
630 3766 712 3834 fecto.
735 3763 780 3828 (D.
805 3763 902 3816 Tbom.
923 3765 951 3815 2.
971 3765 999 3814 2.
1018 3763 1070 3816 67.
1091 3766 1133 3830 1.).
1154 3782 1170 3816 s
1189 3763 1241 3818 Sed
1261 3781 1341 3817 snum
1356 3765 1477 3819 officium

293 3869 376 3924 iudex
390 3887 445 3924 non
461 3851 608 3941 exequitur
619 3873 728 3924 motum
742 3869 952 3939 interpretando
967 3870 1057 3939 legem
1072 3887 1245 3925 communem
1255 3872 1284 3925 in
1298 3872 1417 3937 iudiciis,
1430 3872 1477 3927 sed

293 3977 378 4031 etiam
393 3977 421 4032 in
431 3976 494 4031 aliis
504 3981 624 4032 decretis
634 3981 683 4032 aut
690 3979 849 4048 praeceptis
859 3995 930 4048 quae
940 3978 994 4032 fert
1003 3977 1038 4031 ad
1047 3977 1189 4047 publicum
1199 3979 1324 4048 regimen
1335 3980 1477 4048 dioecesis,

294 4084 346 4139 etsi
365 4084 421 4137 ista
439 4085 596 4154 dirigantur
614 4084 648 4137 ed
667 4083 837 4154 singularem
856 4083 967 4138 fidelem
986 4083 1043 4136 sive
1063 4083 1195 4138 clericum
1208 4085 1267 4139 sive
1279 4084 1392 4139 laicum.
1407 4085 1476 4139 Nam

293 4191 381 4263 quoad
401 4195 547 4246 externum
566 4193 690 4246 ordinem
708 4192 852 4247 societatis
865 4193 969 4245 bonum
988 4193 1181 4246 unius.refiuit
1195 4193 1222 4245 in
1237 4193 1378 4262 integram
1391 4194 1477 4248 socie-

293 4303 389 4362 tatem,
408 4315 456 4352 sen
475 4299 504 4351 in
524 4299 627 4352 bonum
647 4313 801 4366 commune,
820 4302 849 4352 et
868 4299 968 4368 probet
997 4298 1083 4352 Divus
1108 4297 1228 4352 Thomas
1252 4301 1276 4353 1.
1296 4300 1324 4352 2,
1354 4301 1419 4353 100.
1446 4301 1473 4351 2.

293 4407 369 4460 aiens
388 4409 425 4460 ed
439 4407 468 4459 1.-
488 4405 597 4459 «Ordo
616 4414 710 4459 cutem
726 4407 763 4458 nd
779 4407 880 4458 bonum
900 4419 1047 4459 commune
1065 4405 1113 4474 qui
1124 4405 1247 4475 pertinet
1265 4405 1303 4458 ad
1323 4405 1417 4476 lepem
1435 4415 1475 4460 est
