<?xml version="1.0" encoding="UTF-8"?>
<!DOCTYPE html PUBLIC "-//W3C//DTD XHTML 1.0 Transitional//EN"
    "http://www.w3.org/TR/xhtml1/DTD/xhtml1-transitional.dtd">
<html xmlns="http://www.w3.org/1999/xhtml" xml:lang="en" lang="en">
 <head>
  <title>
</title>
<meta http-equiv="Content-Type" content="text/html;charset=utf-8" />
  <meta name='ocr-system' content='tesseract 3.04.00' />
  <meta name='ocr-capabilities' content='ocr_page ocr_carea ocr_par ocr_line ocrx_word'/>
</head>
<body>
  <div class='ocr_page' id='page_1' title='image "./praelectionesin02legagoog_0314.png"; bbox 0 0 3306 5102; ppageno 0'>
   <div class='ocr_carea' id='block_1_1' title="bbox 553 297 1355 362">
    <p class='ocr_par' dir='ltr' id='par_1_1' title="bbox 553 297 1355 362">
     <span class='ocr_line' id='line_1_1' title="bbox 553 297 1355 362; baseline 0.005 -4"><span class='ocrx_word' id='word_1_1' title='bbox 553 313 596 358; x_wconf 82' lang='lat' dir='ltr'>nn</span> <span class='ocrx_word' id='word_1_2' title='bbox 620 312 773 361; x_wconf 80' lang='lat' dir='ltr'>nnurcms</span> <span class='ocrx_word' id='word_1_3' title='bbox 797 315 838 360; x_wconf 84' lang='lat' dir='ltr'>nr</span> <span class='ocrx_word' id='word_1_4' title='bbox 862 313 980 361; x_wconf 84' lang='lat' dir='ltr'>rourus</span> <span class='ocrx_word' id='word_1_5' title='bbox 1290 297 1355 362; x_wconf 88' lang='lat'>309</span> 
     </span>
    </p>
   </div>
   <div class='ocr_carea' id='block_1_2' title="bbox 181 434 1355 524">
    <p class='ocr_par' dir='ltr' id='par_1_2' title="bbox 181 434 1355 524">
     <span class='ocr_line' id='line_1_2' title="bbox 181 434 1355 524; baseline 0.004 -26"><span class='ocrx_word' id='word_1_6' title='bbox 181 434 358 500; x_wconf 77' lang='lat' dir='ltr'>hortandos</span> <span class='ocrx_word' id='word_1_7' title='bbox 381 456 452 500; x_wconf 71' lang='lat' dir='ltr'>esse</span> <span class='ocrx_word' id='word_1_8' title='bbox 476 440 511 499; x_wconf 86' lang='lat' dir='ltr'>ul</span> <span class='ocrx_word' id='word_1_9' title='bbox 534 455 554 499; x_wconf 86' lang='lat' dir='ltr'>a</span> <span class='ocrx_word' id='word_1_10' title='bbox 576 437 678 501; x_wconf 86' lang='lat' dir='ltr'>sacris</span> <span class='ocrx_word' id='word_1_11' title='bbox 702 435 868 502; x_wconf 81' lang='lat' dir='ltr'><strong>ordinibus</strong></span> <span class='ocrx_word' id='word_1_12' title='bbox 898 436 1087 512; x_wconf 84' lang='lat' dir='ltr'>abstineant,</span> <span class='ocrx_word' id='word_1_13' title='bbox 1115 437 1170 503; x_wconf 90' lang='lat' dir='ltr'>sed</span> <span class='ocrx_word' id='word_1_14' title='bbox 1194 441 1267 524; x_wconf 88' lang='lat' dir='ltr'>cogi</span> <span class='ocrx_word' id='word_1_15' title='bbox 1290 459 1355 503; x_wconf 91' lang='lat' dir='ltr'>non</span> 
     </span>
    </p>
   </div>
   <div class='ocr_carea' id='block_1_3' title="bbox 181 561 1357 766">
    <p class='ocr_par' dir='ltr' id='par_1_3' title="bbox 181 561 1357 766">
     <span class='ocr_line' id='line_1_3' title="bbox 181 561 1355 648; baseline 0.005 -25"><span class='ocrx_word' id='word_1_16' title='bbox 181 580 285 645; x_wconf 88' lang='lat' dir='ltr'>posse,</span> <span class='ocrx_word' id='word_1_17' title='bbox 302 563 446 646; x_wconf 86' lang='lat' dir='ltr'>exceptis</span> <span class='ocrx_word' id='word_1_18' title='bbox 462 561 591 627; x_wconf 82' lang='lat' dir='ltr'>clericis</span> <span class='ocrx_word' id='word_1_19' title='bbox 608 561 823 648; x_wconf 80' lang='lat' dir='ltr'>Regularibus</span> <span class='ocrx_word' id='word_1_20' title='bbox 839 583 881 627; x_wconf 79' lang='lat' dir='ltr'>ex</span> <span class='ocrx_word' id='word_1_21' title='bbox 897 583 970 646; x_wconf 84' lang='lat' dir='ltr'>cop.</span> <span class='ocrx_word' id='word_1_22' title='bbox 988 563 1021 637; x_wconf 88' lang='grc'>5,</span> <span class='ocrx_word' id='word_1_23' title='bbox 1038 563 1088 628; x_wconf 86' lang='lat' dir='ltr'>De</span> <span class='ocrx_word' id='word_1_24' title='bbox 1105 569 1202 647; x_wconf 84' lang='lat' dir='ltr'>temp.</span> <span class='ocrx_word' id='word_1_25' title='bbox 1221 564 1294 630; x_wconf 83' lang='lat' dir='ltr'>ord.</span> <span class='ocrx_word' id='word_1_26' title='bbox 1314 601 1355 612; x_wconf 88' lang='lat'>—</span> 
     </span>
     <span class='ocr_line' id='line_1_4' title="bbox 182 681 1357 766; baseline 0.002 -20"><span class='ocrx_word' id='word_1_27' title='bbox 182 682 303 747; x_wconf 85' lang='lat' dir='ltr'>Deinde</span> <span class='ocrx_word' id='word_1_28' title='bbox 326 683 413 748; x_wconf 86' lang='lat' dir='ltr'>Trid.</span> <span class='ocrx_word' id='word_1_29' title='bbox 435 682 532 749; x_wconf 84' lang='lat' dir='ltr'>Cone.</span> <span class='ocrx_word' id='word_1_30' title='bbox 557 685 589 748; x_wconf 91' lang='lat' dir='ltr'>in</span> <span class='ocrx_word' id='word_1_31' title='bbox 613 702 691 750; x_wconf 79' lang='lat' dir='ltr'>sess.</span> <span class='ocrx_word' id='word_1_32' title='bbox 708 681 759 756; x_wconf 73' lang='lat'>14,</span> <span class='ocrx_word' id='word_1_33' title='bbox 785 684 834 749; x_wconf 85' lang='lat' dir='ltr'>De</span> <span class='ocrx_word' id='word_1_34' title='bbox 849 683 923 766; x_wconf 69' lang='lat' dir='ltr'>refi,</span> <span class='ocrx_word' id='word_1_35' title='bbox 948 704 974 749; x_wconf 88' lang='lat' dir='ltr'>o.</span> <span class='ocrx_word' id='word_1_36' title='bbox 994 685 1022 766; x_wconf 86' lang='lat'>1,</span> <span class='ocrx_word' id='word_1_37' title='bbox 1047 685 1167 756; x_wconf 80' lang='lat' dir='ltr'>statuit,</span> <span class='ocrx_word' id='word_1_38' title='bbox 1192 683 1231 748; x_wconf 92' lang='lat' dir='ltr'>ob</span> <span class='ocrx_word' id='word_1_39' title='bbox 1247 684 1357 750; x_wconf 86' lang='lat' dir='ltr'>huius·</span> 
     </span>
    </p>
   </div>
   <div class='ocr_carea' id='block_1_4' title="bbox 180 807 1358 1017">
    <p class='ocr_par' dir='ltr' id='par_1_4' title="bbox 180 807 1358 1017">
     <span class='ocr_line' id='line_1_5' title="bbox 181 807 1358 892; baseline 0.003 -21"><span class='ocrx_word' id='word_1_40' title='bbox 181 807 266 872; x_wconf 90' lang='lat' dir='ltr'>modi</span> <span class='ocrx_word' id='word_1_41' title='bbox 290 809 428 873; x_wconf 87' lang='lat' dir='ltr'>crimina</span> <span class='ocrx_word' id='word_1_42' title='bbox 450 810 576 874; x_wconf 80' lang='lat' dir='ltr'>occulta</span> <span class='ocrx_word' id='word_1_43' title='bbox 606 809 743 874; x_wconf 88' lang='lat' dir='ltr'>clericos</span> <span class='ocrx_word' id='word_1_44' title='bbox 767 807 983 892; x_wconf 85' lang='lat' dir='ltr'>prohibendos</span> <span class='ocrx_word' id='word_1_45' title='bbox 1006 829 1077 874; x_wconf 87' lang='lat' dir='ltr'>esse</span> <span class='ocrx_word' id='word_1_46' title='bbox 1101 827 1146 876; x_wconf 76' lang='lat' dir='ltr'>ec</span> <span class='ocrx_word' id='word_1_47' title='bbox 1168 808 1358 891; x_wconf 76' lang='lat' dir='ltr'>informata</span> 
     </span>
     <span class='ocr_line' id='line_1_6' title="bbox 180 929 1358 1017; baseline -0.001 -21"><span class='ocrx_word' id='word_1_48' title='bbox 180 929 393 996; x_wconf 70' lang='lat' dir='ltr'>commentia.</span> <span class='ocrx_word' id='word_1_49' title='bbox 426 929 534 1004; x_wconf 84' lang='lat' dir='ltr'>Quare</span> <span class='ocrx_word' id='word_1_50' title='bbox 564 935 641 995; x_wconf 88' lang='lat' dir='ltr'>tuuc</span> <span class='ocrx_word' id='word_1_51' title='bbox 671 949 736 994; x_wconf 92' lang='lat' dir='ltr'>non</span> <span class='ocrx_word' id='word_1_52' title='bbox 764 929 903 996; x_wconf 87' lang='lat' dir='ltr'>habetur</span> <span class='ocrx_word' id='word_1_53' title='bbox 931 929 1172 1017; x_wconf 67' lang='lat' dir='ltr'>irrepulcrttac</span> <span class='ocrx_word' id='word_1_54' title='bbox 1195 931 1251 995; x_wconf 87' lang='lat' dir='ltr'>sed</span> <span class='ocrx_word' id='word_1_55' title='bbox 1275 950 1358 998; x_wconf 86' lang='lat' dir='ltr'>vera</span> 
     </span>
    </p>
   </div>
   <div class='ocr_carea' id='block_1_5' title="bbox 179 1055 1357 1267">
    <p class='ocr_par' dir='ltr' id='par_1_5' title="bbox 179 1055 1357 1267">
     <span class='ocr_line' id='line_1_7' title="bbox 179 1055 1356 1142; baseline 0 -22"><span class='ocrx_word' id='word_1_56' title='bbox 179 1056 367 1142; x_wconf 77' lang='lat' dir='ltr'>indipnilas</span> <span class='ocrx_word' id='word_1_57' title='bbox 390 1076 410 1120; x_wconf 89' lang='lat' dir='ltr'>a</span> <span class='ocrx_word' id='word_1_58' title='bbox 433 1075 495 1141; x_wconf 87' lang='lat' dir='ltr'>qua</span> <span class='ocrx_word' id='word_1_59' title='bbox 519 1055 714 1122; x_wconf 87' lang='lat' dir='ltr'>Ordinerius</span> <span class='ocrx_word' id='word_1_60' title='bbox 737 1056 926 1140; x_wconf 87' lang='lat' dir='ltr'>dispensare</span> <span class='ocrx_word' id='word_1_61' title='bbox 949 1075 1013 1120; x_wconf 90' lang='lat' dir='ltr'>non</span> <span class='ocrx_word' id='word_1_62' title='bbox 1036 1060 1150 1141; x_wconf 89' lang='lat' dir='ltr'>potest.</span> <span class='ocrx_word' id='word_1_63' title='bbox 1176 1057 1356 1142; x_wconf 90' lang='lat' dir='ltr'>lmproprie</span> 
     </span>
     <span class='ocr_line' id='line_1_8' title="bbox 180 1182 1357 1267; baseline 0.003 -21"><span class='ocrx_word' id='word_1_64' title='bbox 180 1182 357 1248; x_wconf 86' lang='lat' dir='ltr'>huiusmodi</span> <span class='ocrx_word' id='word_1_65' title='bbox 384 1184 532 1248; x_wconf 86' lang='lat' dir='ltr'>naturale</span> <span class='ocrx_word' id='word_1_66' title='bbox 547 1183 807 1267; x_wconf 86' lang='lat' dir='ltr'>impedimentum</span> <span class='ocrx_word' id='word_1_67' title='bbox 825 1182 945 1248; x_wconf 88' lang='lat' dir='ltr'>dictum</span> <span class='ocrx_word' id='word_1_68' title='bbox 961 1182 1024 1251; x_wconf 82' lang='lat' dir='ltr'>fuit</span> <span class='ocrx_word' id='word_1_69' title='bbox 1037 1185 1071 1248; x_wconf 92' lang='lat' dir='ltr'>in</span> <span class='ocrx_word' id='word_1_70' title='bbox 1087 1185 1248 1250; x_wconf 85' lang='lat' dir='ltr'>nonnullis</span> <span class='ocrx_word' id='word_1_71' title='bbox 1264 1185 1357 1250; x_wconf 92' lang='lat' dir='ltr'>docu-</span> 
     </span>
    </p>
   </div>
   <div class='ocr_carea' id='block_1_6' title="bbox 126 1287 1354 1394">
    <p class='ocr_par' dir='ltr' id='par_1_6' title="bbox 126 1287 1354 1394">
     <span class='ocr_line' id='line_1_9' title="bbox 126 1287 1354 1394; baseline -0.001 -21"><span class='ocrx_word' id='word_1_72' title='bbox 126 1287 128 1294; x_wconf 13' lang='grc' dir='ltr'><em>Α</em></span> <span class='ocrx_word' id='word_1_73' title='bbox 179 1310 295 1373; x_wconf 89' lang='lat' dir='ltr'>mentis</span> <span class='ocrx_word' id='word_1_74' title='bbox 325 1307 494 1393; x_wconf 86' lang='lat' dir='ltr'>pontificiis</span> <span class='ocrx_word' id='word_1_75' title='bbox 523 1309 763 1394; x_wconf 72' lang='lat' dir='ltr'>irrepularitas</span> <span class='ocrx_word' id='word_1_76' title='bbox 785 1308 953 1374; x_wconf 78' lang='lat' dir='ltr'>mentalis.</span> <span class='ocrx_word' id='word_1_77' title='bbox 980 1308 1028 1374; x_wconf 80' lang='lat' dir='ltr'>cf.</span> <span class='ocrx_word' id='word_1_78' title='bbox 1053 1307 1222 1384; x_wconf 70' lang='lat' dir='ltr'>Schmalz„</span> <span class='ocrx_word' id='word_1_79' title='bbox 1248 1311 1286 1372; x_wconf 89' lang='lat' dir='ltr'>L.</span> <span class='ocrx_word' id='word_1_80' title='bbox 1320 1309 1354 1384; x_wconf 90' lang='lat' dir='ltr'>V,</span> 
     </span>
    </p>
   </div>
   <div class='ocr_carea' id='block_1_7' title="bbox 177 1432 1357 2762">
    <p class='ocr_par' dir='ltr' id='par_1_7' title="bbox 178 1432 1357 1748">
     <span class='ocr_line' id='line_1_10' title="bbox 179 1432 1357 1517; baseline 0.001 -18"><span class='ocrx_word' id='word_1_81' title='bbox 179 1435 225 1499; x_wconf 85' lang='lat' dir='ltr'>tit.</span> <span class='ocrx_word' id='word_1_82' title='bbox 252 1433 309 1508; x_wconf 84' lang='lat'>37,</span> <span class='ocrx_word' id='word_1_83' title='bbox 333 1455 367 1499; x_wconf 79' lang='lat' dir='ltr'>n.</span> <span class='ocrx_word' id='word_1_84' title='bbox 393 1432 449 1498; x_wconf 74' lang='lat'>74.</span> <span class='ocrx_word' id='word_1_85' title='bbox 475 1433 602 1498; x_wconf 82' lang='lat' dir='ltr'>Exinde</span> <span class='ocrx_word' id='word_1_86' title='bbox 633 1433 807 1517; x_wconf 73' lang='lat' dir='ltr'>oepensto</span> <span class='ocrx_word' id='word_1_87' title='bbox 841 1433 921 1499; x_wconf 79' lang='lat' dir='ltr'>ferri</span> <span class='ocrx_word' id='word_1_88' title='bbox 954 1433 1071 1498; x_wconf 81' lang='lat' dir='ltr'>dicitnr</span> <span class='ocrx_word' id='word_1_89' title='bbox 1101 1453 1146 1498; x_wconf 80' lang='lat' dir='ltr'>em</span> <span class='ocrx_word' id='word_1_90' title='bbox 1168 1433 1357 1516; x_wconf 81' lang='lat' dir='ltr'>informata</span> 
     </span>
     <span class='ocr_line' id='line_1_11' title="bbox 179 1557 1356 1643; baseline -0.002 -19"><span class='ocrx_word' id='word_1_91' title='bbox 179 1559 398 1632; x_wconf 68' lang='lat' dir='ltr'>conecterem,</span> <span class='ocrx_word' id='word_1_92' title='bbox 423 1564 458 1623; x_wconf 87' lang='lat' dir='ltr'>at</span> <span class='ocrx_word' id='word_1_93' title='bbox 482 1559 565 1624; x_wconf 86' lang='lat' dir='ltr'>haec</span> <span class='ocrx_word' id='word_1_94' title='bbox 589 1559 670 1623; x_wconf 82' lang='lat' dir='ltr'>ratio</span> <span class='ocrx_word' id='word_1_95' title='bbox 694 1557 893 1643; x_wconf 87' lang='lat' dir='ltr'>procedendi</span> <span class='ocrx_word' id='word_1_96' title='bbox 925 1563 974 1623; x_wconf 89' lang='lat' dir='ltr'>est</span> <span class='ocrx_word' id='word_1_97' title='bbox 1004 1559 1132 1623; x_wconf 92' lang='lat' dir='ltr'>omniuo</span> <span class='ocrx_word' id='word_1_98' title='bbox 1162 1557 1356 1624; x_wconf 74' lang='lat' dir='ltr'>entraordi-</span> 
     </span>
     <span class='ocr_line' id='line_1_12' title="bbox 178 1682 292 1748; baseline -0.018 0"><span class='ocrx_word' id='word_1_99' title='bbox 178 1682 292 1748; x_wconf 66' lang='lat' dir='ltr'>naria.</span> 
     </span>
    </p>

    <p class='ocr_par' dir='ltr' id='par_1_8' title="bbox 178 1807 1357 2389">
     <span class='ocr_line' id='line_1_13' title="bbox 268 1807 1355 1906; baseline -0.003 -31"><span class='ocrx_word' id='word_1_100' title='bbox 268 1809 344 1875; x_wconf 77' lang='lat'>210.</span> <span class='ocrx_word' id='word_1_101' title='bbox 370 1809 468 1874; x_wconf 84' lang='lat' dir='ltr'>Hisce</span> <span class='ocrx_word' id='word_1_102' title='bbox 491 1810 524 1872; x_wconf 94' lang='lat' dir='ltr'>in</span> <span class='ocrx_word' id='word_1_103' title='bbox 548 1809 894 1906; x_wconf 74' lang='lat' dir='ltr'>generepraestitutis</span> <span class='ocrx_word' id='word_1_104' title='bbox 911 1807 1060 1872; x_wconf 82' lang='lat' dir='ltr'>modoad</span> <span class='ocrx_word' id='word_1_105' title='bbox 1078 1807 1355 1893; x_wconf 74' lang='lat' dir='ltr'>irregularitatum</span> 
     </span>
     <span class='ocr_line' id='line_1_14' title="bbox 179 1933 1357 2019; baseline -0.002 -21"><span class='ocrx_word' id='word_1_106' title='bbox 179 1936 303 2019; x_wconf 89' lang='lat' dir='ltr'>species</span> <span class='ocrx_word' id='word_1_107' title='bbox 332 1933 573 2014; x_wconf 85' lang='lat' dir='ltr'>descendemus,</span> <span class='ocrx_word' id='word_1_108' title='bbox 598 1954 670 2000; x_wconf 94' lang='lat' dir='ltr'>cum</span> <span class='ocrx_word' id='word_1_109' title='bbox 701 1935 812 2018; x_wconf 88' lang='lat' dir='ltr'>primis</span> <span class='ocrx_word' id='word_1_110' title='bbox 841 1939 975 2018; x_wconf 85' lang='lat' dir='ltr'>agentes</span> <span class='ocrx_word' id='word_1_111' title='bbox 999 1933 1038 1997; x_wconf 92' lang='lat' dir='ltr'>de</span> <span class='ocrx_word' id='word_1_112' title='bbox 1062 1933 1357 2018; x_wconf 84' lang='lat' dir='ltr'>irregularitatibus</span> 
     </span>
     <span class='ocr_line' id='line_1_15' title="bbox 179 2054 1357 2141; baseline 0.002 -22"><span class='ocrx_word' id='word_1_113' title='bbox 179 2076 222 2121; x_wconf 79' lang='lat' dir='ltr'>ex</span> <span class='ocrx_word' id='word_1_114' title='bbox 244 2054 370 2127; x_wconf 83' lang='lat' dir='ltr'>delicto,</span> <span class='ocrx_word' id='word_1_115' title='bbox 389 2058 505 2140; x_wconf 91' lang='lat' dir='ltr'>quippe</span> <span class='ocrx_word' id='word_1_116' title='bbox 528 2057 677 2141; x_wconf 88' lang='lat' dir='ltr'>proprius</span> <span class='ocrx_word' id='word_1_117' title='bbox 692 2062 804 2122; x_wconf 91' lang='lat' dir='ltr'>nostro</span> <span class='ocrx_word' id='word_1_118' title='bbox 820 2075 916 2141; x_wconf 89' lang='lat' dir='ltr'>scopo</span> <span class='ocrx_word' id='word_1_119' title='bbox 933 2055 1166 2140; x_wconf 87' lang='lat' dir='ltr'>respondeaut;</span> <span class='ocrx_word' id='word_1_120' title='bbox 1184 2061 1294 2140; x_wconf 88' lang='lat' dir='ltr'>postea</span> <span class='ocrx_word' id='word_1_121' title='bbox 1317 2055 1357 2121; x_wconf 91' lang='lat' dir='ltr'>de</span> 
     </span>
     <span class='ocr_line' id='line_1_16' title="bbox 178 2178 1354 2266; baseline 0 -22"><span class='ocrx_word' id='word_1_122' title='bbox 178 2179 242 2244; x_wconf 90' lang='lat' dir='ltr'>illis</span> <span class='ocrx_word' id='word_1_123' title='bbox 264 2200 308 2245; x_wconf 78' lang='lat' dir='ltr'>ex</span> <span class='ocrx_word' id='word_1_124' title='bbox 331 2179 469 2255; x_wconf 86' lang='lat' dir='ltr'>defectu,</span> <span class='ocrx_word' id='word_1_125' title='bbox 493 2178 623 2244; x_wconf 85' lang='lat' dir='ltr'>taudem</span> <span class='ocrx_word' id='word_1_126' title='bbox 647 2178 686 2244; x_wconf 90' lang='lat' dir='ltr'>de</span> <span class='ocrx_word' id='word_1_127' title='bbox 710 2179 1007 2266; x_wconf 84' lang='lat' dir='ltr'>irregularitatibus</span> <span class='ocrx_word' id='word_1_128' title='bbox 1038 2179 1208 2263; x_wconf 87' lang='lat' dir='ltr'>aliquando</span> <span class='ocrx_word' id='word_1_129' title='bbox 1235 2200 1278 2244; x_wconf 82' lang='lat' dir='ltr'>ex</span> <span class='ocrx_word' id='word_1_130' title='bbox 1300 2179 1354 2244; x_wconf 89' lang='lat' dir='ltr'>de·</span> 
     </span>
     <span class='ocr_line' id='line_1_17' title="bbox 178 2303 977 2389; baseline 0.003 -23"><span class='ocrx_word' id='word_1_131' title='bbox 178 2304 265 2376; x_wconf 83' lang='lat' dir='ltr'>licto,</span> <span class='ocrx_word' id='word_1_132' title='bbox 290 2304 461 2389; x_wconf 84' lang='lat' dir='ltr'>aliquando</span> <span class='ocrx_word' id='word_1_133' title='bbox 485 2323 527 2368; x_wconf 92' lang='lat' dir='ltr'>ex</span> <span class='ocrx_word' id='word_1_134' title='bbox 551 2303 679 2370; x_wconf 86' lang='lat' dir='ltr'>deiectu</span> <span class='ocrx_word' id='word_1_135' title='bbox 703 2304 977 2389; x_wconf 78' lang='lat' dir='ltr'>provenientibus·</span> 
     </span>
    </p>

    <p class='ocr_par' dir='ltr' id='par_1_9' title="bbox 177 2405 1356 2762">
     <span class='ocr_line' id='line_1_18' title="bbox 258 2405 1356 2512; baseline -0.003 -19"><span class='ocrx_word' id='word_1_136' title='bbox 258 2405 320 2493; x_wconf 63' lang='grc' dir='ltr'>Ἐκ</span> <span class='ocrx_word' id='word_1_137' title='bbox 350 2428 467 2493; x_wconf 91' lang='lat' dir='ltr'>delicto</span> <span class='ocrx_word' id='word_1_138' title='bbox 498 2428 668 2493; x_wconf 80' lang='lat' dir='ltr'>dumtaxat</span> <span class='ocrx_word' id='word_1_139' title='bbox 698 2449 754 2493; x_wconf 90' lang='lat' dir='ltr'>seu</span> <span class='ocrx_word' id='word_1_140' title='bbox 786 2447 948 2512; x_wconf 87' lang='lat' dir='ltr'>uunquam</span> <span class='ocrx_word' id='word_1_141' title='bbox 977 2447 1020 2490; x_wconf 82' lang='lat' dir='ltr'>ex</span> <span class='ocrx_word' id='word_1_142' title='bbox 1047 2426 1176 2492; x_wconf 83' lang='lat' dir='ltr'>delectu</span> <span class='ocrx_word' id='word_1_143' title='bbox 1206 2427 1356 2512; x_wconf 91' lang='lat' dir='ltr'>provenit</span> 
     </span>
     <span class='ocr_line' id='line_1_19' title="bbox 177 2551 1354 2640; baseline -0.003 -22"><span class='ocrx_word' id='word_1_144' title='bbox 177 2555 403 2640; x_wconf 77' lang='lat' dir='ltr'>irregularitas</span> <span class='ocrx_word' id='word_1_145' title='bbox 427 2575 508 2639; x_wconf 85' lang='lat' dir='ltr'>quae</span> <span class='ocrx_word' id='word_1_146' title='bbox 532 2555 584 2620; x_wconf 89' lang='lat' dir='ltr'>vel</span> <span class='ocrx_word' id='word_1_147' title='bbox 609 2553 648 2618; x_wconf 90' lang='lat' dir='ltr'>ob</span> <span class='ocrx_word' id='word_1_148' title='bbox 673 2555 875 2619; x_wconf 86' lang='lat' dir='ltr'>iterationem</span> <span class='ocrx_word' id='word_1_149' title='bbox 904 2553 1050 2639; x_wconf 85' lang='lat' dir='ltr'>baptismi</span> <span class='ocrx_word' id='word_1_150' title='bbox 1075 2551 1126 2616; x_wconf 88' lang='lat' dir='ltr'>vel</span> <span class='ocrx_word' id='word_1_151' title='bbox 1157 2551 1198 2615; x_wconf 93' lang='lat' dir='ltr'>ob</span> <span class='ocrx_word' id='word_1_152' title='bbox 1221 2552 1354 2617; x_wconf 87' lang='lat' dir='ltr'>vetitum</span> 
     </span>
     <span class='ocr_line' id='line_1_20' title="bbox 177 2677 1330 2762; baseline -0.002 -21"><span class='ocrx_word' id='word_1_153' title='bbox 177 2679 324 2743; x_wconf 90' lang='lat' dir='ltr'>ordinum</span> <span class='ocrx_word' id='word_1_154' title='bbox 349 2681 543 2745; x_wconf 84' lang='lat' dir='ltr'>exercitium</span> <span class='ocrx_word' id='word_1_155' title='bbox 568 2679 757 2744; x_wconf 86' lang='lat' dir='ltr'>incurritur.</span> <span class='ocrx_word' id='word_1_156' title='bbox 783 2681 829 2743; x_wconf 90' lang='lat' dir='ltr'>De</span> <span class='ocrx_word' id='word_1_157' title='bbox 851 2679 941 2743; x_wconf 88' lang='lat' dir='ltr'>hisce</span> <span class='ocrx_word' id='word_1_158' title='bbox 962 2677 1055 2740; x_wconf 90' lang='lat' dir='ltr'>modo</span> <span class='ocrx_word' id='word_1_159' title='bbox 1078 2696 1220 2762; x_wconf 85' lang='lat' dir='ltr'>egemus.</span> <span class='ocrx_word' id='word_1_160' title='bbox 1327 2681 1330 2688; x_wconf 89' lang='grc'><strong><em>’</em></strong></span> 
     </span>
    </p>
   </div>
   <div class='ocr_carea' id='block_1_8' title="bbox 0 0 1658 5102">
    <p class='ocr_par' dir='ltr' id='par_1_10' title="bbox 0 0 1658 5102">
     <span class='ocr_line' id='line_1_21' title="bbox 0 0 1658 5102; baseline 0 2"><span class='ocrx_word' id='word_1_161' title='bbox 0 0 1658 5102; x_wconf 95' lang='lat' dir='ltr'> </span> 
     </span>
    </p>
   </div>
  </div>
 </body>
</html>
