3306 5102
303 266 370 333 322
828 281 912 330 ross
937 281 959 326 r.

304 406 595 493 Schmalzgrueber
618 406 661 479 V,
678 404 728 504 27·
744 423 780 470 ra.
804 402 854 469 36
875 421 936 488 sq..
961 412 993 468 et
1018 399 1187 468 Reidenst.
1208 402 1283 469 eod.
1310 403 1357 469 tit.
1381 423 1416 468 ra.
1437 401 1492 484 15,

303 534 345 601 cf.
369 533 478 617 cupra
499 553 534 599 a.
556 531 614 598 87.
632 531 702 597 -Si
725 549 866 596 censura
889 533 940 595 est
963 527 1059 593 dubia
1082 525 1187 612 quoad
1209 527 1341 610 factum
1366 546 1425 593 seu
1448 547 1492 592 an

301 660 369 723 lata
391 660 440 732 sit,
465 657 741 742 irregularitatem
771 672 836 719 non
867 653 1006 718 incurrit
1037 653 1177 720 clericus
1200 653 1255 736 qui
1279 651 1491 718 nihilominus

301 783 446 850 celebret
467 781 640 849 dummodo
663 799 796 867 prorsus
818 778 1017 865 cepaticum
1041 797 1097 844 sau
1122 776 1342 862 spernendum
1359 798 1426 843 non
1449 779 1492 846 sit

302 907 441 974 dubium.
460 904 760 992 Schmalzgrueber,
777 905 838 971 loc.
856 902 908 970 cit.
927 901 975 969 ef.
992 920 1091 987 supra
1111 920 1145 967 n.
1160 901 1237 984 201,
1254 900 1308 966 ubi
1324 902 1365 967 de
1382 901 1491 968 dubia

301 1033 556 1120 irregularitate.

391 1155 468 1222 225.
492 1155 555 1221 Sed
578 1155 711 1240 gravior
733 1153 877 1237 quaestio
901 1157 950 1218 est
972 1172 1015 1218 an
1038 1154 1187 1218 incurrat
1206 1153 1489 1239 irregularitatem

301 1281 441 1350 clericus
464 1297 625 1344 exercens
648 1277 794 1342 ordinem
817 1275 1014 1362 prohibitum
1038 1296 1081 1342 ex
1105 1295 1251 1344 censura
1280 1275 1488 1360 impropria,

302 1405 401 1469 veluti
417 1423 460 1471 ex
476 1403 684 1489 suspensione
699 1401 740 1466 ad
756 1404 882 1466 certum
896 1405 1032 1486 tempus,
1053 1399 1138 1465 undo
1154 1401 1326 1483 quaeritur
1347 1419 1390 1464 an
1408 1401 1489 1464 irre·

302 1527 468 1612 gularitati
479 1527 520 1591 sit
531 1525 623 1590 locus
633 1525 702 1590 sive
713 1525 855 1590 violetur
866 1541 1012 1590 censura
1024 1524 1092 1587 sive
1100 1541 1217 1604 poena
1230 1521 1381 1587 ordinum
1394 1539 1488 1586 exer·

302 1651 411 1715 citium
427 1647 611 1735 prohibens.
630 1647 677 1712 Ol.
691 1647 845 1732 Gasparri
868 1644 1036 1710 conflictus
1052 1647 1236 1733 opinionum
1255 1645 1300 1712 ita
1318 1643 1487 1716 describit,

302 1777 322 1840 t.
341 1797 368 1842 c.
384 1796 417 1840 a.
436 1773 520 1841 358.
539 1794 557 1840 a
576 1772 728 1839 Nonnulli
744 1775 874 1858 negant,
891 1773 967 1858 quia
981 1771 1209 1859 irregularitas
1225 1770 1347 1856 legitur
1365 1768 1399 1834 in
1415 1769 1487 1833 iure

302 1903 420 1966 statuta
443 1903 567 1964 tantum
583 1918 643 1985 pro
659 1896 833 1963 violatione
850 1917 1018 1964 censurae.
1037 1897 1100 1962 Alii
1124 1893 1289 1962 affirmant
1313 1917 1357 1961 ex
1380 1896 1487 1962 citatis

301 2023 434 2089 iuribus.
459 2022 602 2088 Tandem
626 2023 681 2088 alii
705 2043 777 2088 cum
803 2021 834 2087 S.
859 2021 1036 2107 Alphons0‚
1062 2023 1083 2086 t.
1110 2021 1184 2094 VH,
1207 2040 1241 2086 a.
1269 2019 1347 2094 314,
1373 2020 1484 2086 distin-

301 2154 419 2234 guunt:
444 2167 560 2233 nempe
583 2143 746 2212 affirmant
769 2147 795 2212 si
819 2145 984 2230 suspensio
1008 2143 1163 2230 infligitur
1186 2163 1245 2231 per
1269 2143 1399 2209 modum
1425 2148 1485 2208 sta-

300 2275 360 2340 tuti
384 2277 439 2338 aut
454 2273 618 2358 praecepti
642 2271 681 2336 ob
705 2271 828 2336 crimen
853 2269 1007 2341 futurum,
1030 2271 1075 2335 uti
1098 2271 1131 2334 in
1156 2269 1260 2334 citatis
1277 2265 1413 2340 iuribus,
1431 2265 1484 2332 rel

300 2399 397 2463 etiam
420 2398 631 2482 praeteritum
655 2395 711 2460 sed
734 2394 858 2462 habens
888 2399 1026 2460 tractum
1050 2395 1284 2468 successivum;
1309 2395 1433 2478 negant
1456 2391 1483 2456 si

300 2521 466 2607 suspensio
490 2521 596 2586 fertur
618 2519 658 2584 ab
681 2519 811 2584 homine
834 2539 894 2605 per
917 2517 1109 2584 sententiam
1133 2517 1173 2582 ob
1197 2537 1321 2582 meram
1345 2518 1485 2603 punitio-

299 2663 374 2708 nem
398 2643 542 2708 criminis
557 2643 685 2708 omnino
701 2642 879 2728 praeteriti.
898 2641 1054 2714 Alteram,
1071 2641 1199 2726 (nempe
1215 2639 1481 2727 affirmantium)

299 2773 448 2853 putamus
470 2769 565 2833 unice
589 2786 701 2833 veram
726 2787 807 2831 esse.
831 2766 912 2831 Nam
937 2766 969 2830 in
993 2765 1105 2850 primis
1129 2767 1183 2850 qui
1206 2765 1306 2831 violat
1337 2785 1483 2850 suspen·

300 2895 421 2960 sionem
445 2895 478 2958 in
501 2895 604 2979 ipsum
628 2893 726 2958 latam
749 2891 789 2958 ab
812 2893 972 2978 Episcopo
995 2909 1041 2957 erc
1062 2890 1251 2974 informata
1275 2890 1481 2957 conscientia

300 3018 340 3083 ob
365 3019 488 3084 crimen
511 3019 731 3103 praeteritum,
756 3017 973 3103 irregularem
996 3015 1148 3096 evadere,
1164 3033 1230 3080 non
1254 3014 1403 3082 obstante
1426 3033 1483 3100 ap·

299 3139 492 3226 pellatione,
516 3141 616 3206 tradit
645 3141 678 3218 S.
705 3141 738 3208 (l.
764 3140 798 3208 G.
823 3142 857 3206 in
879 3137 1049 3226 deponere.
1074 3139 1117 3205 21
1142 3139 1237 3206 Iunii
1259 3138 1362 3213 1625,
1388 3159 1482 3225 quam

300 3264 612 3338 sonantum,
638 3265 688 3331 oe
712 3263 839 3351 Syrou.
863 3265 945 3341 xri,
970 3265 1003 3340 e,
1028 3285 1061 3330 o.
1082 3265 1107 3331 5
1131 3265 1236 3332 nereo
1259 3269 1320 3330 ete.
1344 3284 1362 3328 ›
1390 3265 1481 3330 noer

300 3389 460 3454 Auctores
482 3392 686 3454 autumantes
716 3388 990 3474 irregularitatem
1021 3389 1101 3452 oriri
1129 3392 1255 3455 tantum
1288 3407 1331 3452 ex
1361 3389 1483 3455 violata

300 3529 537 3591 cammaron
568 3531 681 3597 poena,
713 3509 933 3578 recensendus
956 3509 1167 3584 D'Annibale,
1200 3510 1239 3596 (1,
1266 3509 1344 3596 386)
1372 3511 1481 3576 aiens:

302 3637 418 3703 «Mihi
441 3637 531 3724 prior
555 3637 715 3702 sententia
729 3636 857 3703 videtur
874 3637 1002 3712 veri0r;
1026 3637 1087 3703 nisi
1111 3636 1277 3722 suspensio
1293 3635 1359 3701 lata
1382 3635 1483 3702 fuerit

299 3782 319 3826 a
343 3762 435 3827 Rom.
461 3759 619 3827 Pontifice
643 3758 706 3846 (cui
730 3759 838 3826 datum
862 3765 910 3827 est
933 3759 1093 3846 derogare
1117 3761 1239 3848 regulis
1268 3761 1348 3826 iuris
1380 3780 1481 3827 cano·

300 3971 400 4027 Bened.
415 3971 481 4025 xlv
500 3969 607 4027 -Inter
621 3971 793 4043 praeteritas
806 4000 822 4012 -
841 3971 863 4025 3
876 3971 941 4026 Dec.
955 3970 1046 4038 1749,
1068 3975 1086 4036 ἓ
1099 3971 1144 4024 48
1160 3987 1201 4042 sq.
1215 3999 1228 4013 ·
1242 3970 1295 4027 Sed
1312 3972 1398 4026 hodie
1417 3971 1481 4043 quia

299 4078 385 4134 etiam
396 4079 484 4144 laicis,
495 4079 666 4148 permittitur
674 4078 839 4134 exercitium
848 4079 981 4134 ordinum
989 4079 1142 4144 minorum,
1154 4075 1183 4130 hi
1196 4093 1339 4149 uunquam
1351 4076 1481 4133 videntur

299 4183 424 4240 exerceri
442 4189 492 4239 aut
511 4186 605 4238 forsan
618 4185 742 4241 exerceri
755 4200 811 4239 non
825 4201 904 4256 posse
918 4201 935 4238 a
947 4183 1241 4240 clericis'sclemniter.
1255 4184 1297 4238 Of.
1311 4184 1351 4242 De
1363 4184 1481 4256 Angelis

299 4291 326 4343 li.
343 4301 361 4345 t.
377 4308 407 4362 p.
427 4289 504 4344 309„
517 4289 641 4362 Santi-lt.
654 4300 678 4356 r.
697 4308 725 4345 a.
745 4290 773 4360 3.
792 4291 835 4359 lta
852 4292 977 4362 practice.
994 4290 1106 4348 videtur
1128 4289 1229 4346 resolvi
1248 4291 1380 4362 quaestio
1397 4308 1481 4364 quam

300 4399 410 4468 agitant
429 4399 508 4455 citati
529 4399 586 4454 DD.
