3202 5104
315 297 382 363 222
689 304 691 319 ·
835 311 920 360 rans
944 311 965 358 1.

316 439 438 505 admitti
470 443 603 524 possunt
633 436 674 502 ad
704 437 921 523 sepulturam;
953 437 1085 502 sivero
1116 435 1247 503 tolerati
1279 434 1319 500 ad
1350 434 1493 500 eamdem

315 565 437 629 nullum
461 565 510 630 ius
533 562 663 636 habent,
681 562 736 628 sed
752 582 773 627 a
792 563 911 628 ceteris
934 566 1068 648 possunt
1089 560 1223 638 admitti,
1245 560 1414 626 dummodo
1430 581 1493 626 non
1581 569 1582 574 ’

316 689 380 754 sint
402 688 520 774 publici
544 693 741 774 peccatores,
767 687 813 752 uti
838 706 936 772 supra
960 684 1168 752 advertimus.
1187 687 1280 760 Item,
1298 685 1407 752 debita
1427 705 1494 751 ser·

314 820 390 880 vala
422 815 646 900 proportione,
675 811 803 879 dicatur
837 811 878 877 de
912 813 1116 898 susceptione
1150 815 1183 876 et
1216 815 1492 876 sacramentorum

313 938 599 1010 administratione,
624 941 720 1024 prout
742 937 805 1000 iam
830 937 1037 1021 exposuimus
1060 934 1100 1001 de
1123 935 1420 1001 excommunicatis.

402 1062 435 1146 4)
459 1063 538 1129 (lum
561 1061 769 1128 interdictum
790 1080 855 1126 non
881 1065 1081 1126 removeata
1101 1057 1241 1126 fidelium
1258 1061 1491 1142 communione,

314 1185 398 1271 quod
420 1192 469 1252 est
491 1187 657 1274 proprium
686 1186 1036 1268 excommunicationis,
1071 1205 1182 1250 coram
1214 1183 1402 1250 interdictis
1431 1185 1491 1249 etsi
1582 1149 1583 1162 ἵ

313 1313 461 1380 vitandis
483 1319 617 1400 possunt
640 1311 800 1378 celebrari
825 1311 933 1377 divina
956 1309 1063 1377 officia
1086 1317 1120 1377 et
1134 1311 1211 1396 ipsis
1227 1311 1382 1396 applicari
1405 1313 1492 1378 valet

313 1435 505 1502 sacrificium
529 1437 647 1500 Missae
680 1439 712 1500 et
742 1435 824 1500 haec
847 1433 887 1499 ab
911 1435 979 1500 istis
1010 1433 1176 1500 celebrata
1198 1433 1304 1500 audiri
1327 1435 1422 1502 valet.
1447 1471 1491 1485 -

314 1562 405 1634 Item,
430 1561 505 1644 quia
528 1558 733 1624 interdictum
749 1578 814 1622 uon
830 1557 938 1624 aufert
954 1557 1218 1631 iurisdictionem,
1243 1558 1328 1642 quod
1350 1578 1491 1642 assperi-

310 1687 361 1754 sio
383 1690 540 1772 praestat,
565 1689 677 1770 suapte
701 1688 834 1758 natura,
860 1684 976 1769 quippe
999 1683 1137 1749 clericos
1168 1701 1238 1768 pau
1266 1683 1354 1748 tales
1381 1679 1490 1764 afficit,
1583 1735 1584 1752 ,

312 1811 500 1876 interdictus
531 1810 686 1884 clericus
712 1811 770 1874 etsi
800 1807 965 1890 vitandus,
997 1805 1105 1874 officia
1135 1807 1356 1874 ecclesiastica
1385 1807 1490 1874 valide

313 1941 455 2009 exercet,
480 1935 612 2020 suscipit
642 1939 675 2000 et
705 1934 842 2000 confert.
868 1933 1065 1999 Interdictus
1096 1935 1182 1998 enim
1210 1939 1288 2000 tunc
1318 1935 1353 1998 in
1379 1953 1418 1999 eo
1439 1937 1490 1999 est

310 2059 470 2125 uitandus
500 2064 535 2124 ut
562 2057 735 2124 nullimode
763 2060 863 2144 possit
892 2057 1016 2122 admitti
1044 2057 1085 2122 ad
1116 2061 1208 2122 certa
1237 2077 1332 2122 sacra
1362 2057 1489 2142 partici-

310 2183 415 2270 panda
439 2188 471 2248 et
492 2181 533 2247 ad
557 2183 754 2268 sepulturam
778 2182 1040 2262 ecclesiasticam,
1058 2181 1173 2265 quibus
1195 2181 1394 2248 interdictas
1416 2179 1486 2246 fuit.

399 2305 432 2392 5)
457 2307 571 2372 Prcuti
593 2308 716 2391 species
739 2325 907 2380 censurae,
925 2305 1106 2371 huiusmodi
1122 2304 1329 2371 interdictum
1345 2304 1486 2388 sequitur
1584 2345 1585 2356 κ

311 2451 481 2517 personam
494 2431 610 2516 ubique
621 2431 776 2504 locorum,
790 2435 824 2496 et
838 2429 1038 2496 absolutione
1054 2429 1186 2516 indiget,
1199 2449 1281 2514 quae
1298 2429 1367 2495 dari
1383 2433 1486 2514 potest
1584 2433 1585 2462 ³

309 2556 479 2642 aquolibet
491 2555 699 2628 confessario,
709 2557 769 2622 nisi
783 2557 1044 2622 sitrescrvatam
1055 2554 1163 2622 autab
1173 2537 1311 2622 bomine
1322 2553 1483 2621 inflictum.

400 2681 472 2746 148.
498 2680 629 2766 Species
644 2699 724 2744 vero
748 2678 910 2745 interdicti
927 2679 1108 2765 personalis
1132 2684 1182 2744 est
1203 2679 1419 2745 interdicta-m
1438 2677 1484 2743 ab

308 2805 466 2891 inpressa
488 2804 668 2886 Ecclesiae,
693 2809 725 2869 et
752 2803 792 2868 ab
824 2803 878 2868 illo
906 2799 1015 2869 differt
1036 2805 1083 2868 uti
1107 2804 1211 2868 minus
1233 2822 1254 2867 a
1276 2803 1405 2878 maiori;
1427 2821 1484 2868 seu

309 2935 357 2996 est
380 2928 586 2996 interdictum
603 2930 765 3014 partiale.
781 2930 863 2995 Nam
886 2933 937 2994 est
958 2929 1082 2994 arctior
1098 2947 1156 2994 seu
1174 2928 1281 2992 minus
1296 2927 1363 2994 lata
1377 2925 1482 3011 prohi-

308 3054 400 3120 bitio:
425 3055 543 3140 passim
574 3055 619 3121 ita
650 3053 843 3120 describitur
878 3053 1068 3120 «Censura
1095 3072 1165 3139 qua
1196 3054 1273 3139 aab
1295 3051 1480 3136 participa-
1585 3033 1586 3040 ἵ

309 3181 397 3248 tione
420 3181 616 3247 divinatam
639 3180 676 3246 in
694 3179 846 3247 Ecclesia
869 3185 901 3246 et
923 3181 1147 3247 ecclesiastica
1168 3181 1348 3264 sepultura
1373 3177 1481 3263 probi·

307 3304 404 3372 betur
418 3327 450 3371 ».
476 3303 618 3371 Proinde
647 3301 758 3372 differt
786 3325 807 3370 a
832 3305 978 3392 siazptici
1003 3305 1181 3389 parsoaali
1210 3305 1389 3372 interdicto
1411 3305 1480 3389 quia

307 3429 497 3515 prohibetur
519 3429 644 3496 directe
666 3430 885 3498 tantummodo
906 3431 1079 3518 inpressas
1102 3432 1136 3496 in
1158 3431 1351 3513 Ecclesiam,
1368 3435 1410 3507 et,
1424 3447 1479 3516 per

308 3574 517 3638 consequens,
541 3555 684 3622 etatae
708 3554 818 3620 divina
841 3553 947 3622 officia
969 3555 1013 3620 ibi
1037 3555 1216 3629 celebrare,
1241 3555 1351 3622 laicaas
1373 3554 1477 3620 iisdem

306 3681 473 3752 interesse,
491 3679 690 3764 prohibetur.
709 3681 753 3745 At
775 3685 870 3746 extra
891 3681 1080 3762 Ecclesiam,
1097 3683 1208 3764 utputa
1230 3680 1265 3744 in
1288 3677 1475 3745 coemeterio

305 3825 371 3870 non
402 3807 552 3892 contiguo
574 3806 628 3872 vel
654 3806 688 3870 in
712 3805 865 3873 Oratorio
889 3808 1025 3892 privato,
1049 3825 1116 3871 non
1145 3804 1353 3872 interdicitur
1375 3805 1475 3871 taliter

305 3935 478 3995 censurato
507 3933 711 3994 sacramenta
741 3928 977 4004 administrare,
1003 3929 1168 4014 suscipere
1192 3933 1225 3993 et
1247 3947 1345 3993 sacra
1369 3924 1471 3994 Officia

305 4071 475 4138 peragere.
499 4053 581 4119 Item
604 4053 637 4116 vi
665 4052 760 4119 buius
783 4052 945 4118 interdicti
968 4051 1159 4140 prohibetur
1182 4051 1413 4118 Ecclesiastica
1432 4067 1470 4115 se

305 4174 444 4259 pultura,
470 4195 512 4241 ex
535 4195 609 4260 cap.
626 4175 687 4240 20.
711 4177 761 4242 De
783 4175 1042 4242 centesies.
1069 4211 1086 4224 -
1111 4176 1157 4240 At
1178 4173 1368 4239 recolantur
1387 4189 1468 4257 supe·

305 4299 372 4364 rius
396 4298 489 4374 dicta,
514 4299 624 4366 habita
648 4302 774 4366 ratione
796 4299 1009 4366 distinctionis
1032 4299 1182 4366 inductae
1212 4299 1299 4364 inter
1327 4297 1467 4363 toleratos

304 4427 337 4492 et
359 4423 515 4510 vitandos,
539 4431 611 4513 post
634 4395 741 4494 Const-
765 4427 899 4492 Martini
922 4425 955 4492 V
980 4425 1071 4492 «Ad
1095 4424 1255 4493 enitendo
1271 4446 1300 4491 >.
