3266 5102
304 285 347 350 94
826 301 910 348 raas
934 301 957 348 1.

392 421 444 486 60.
471 421 639 505 Requisita
669 420 716 486 od
747 419 935 506 tepitimum
958 437 1059 485 usum
1082 437 1216 503 poenae,
1241 422 1422 503 exposcunt
1449 421 1487 481 ut

305 547 335 632 l)
359 548 423 612 sint
454 547 694 613 accomodetoe
725 547 879 613 moribus
904 548 1029 630 populi
1051 545 1085 630 2)
1108 551 1146 614 ut
1167 546 1232 611 sint
1261 543 1483 628 reparabiles

303 669 383 734 Nam
400 668 427 733 si
444 687 549 753 poena
565 687 628 731 non
645 666 841 752 respondeat
856 668 962 752 populi
980 667 1131 737 moribus.
1150 687 1214 731 non
1229 667 1362 731 timetur
1377 685 1485 748 neque

301 799 350 859 est
374 793 500 867 efficax,
516 813 589 860 cum
612 793 697 859 bona
720 793 834 878 quibus
857 795 966 878 privat
985 795 1078 878 parvi
1101 790 1180 858 flant
1194 793 1228 857 in
1244 792 1372 878 publica
1388 791 1484 858 aesti-

300 921 450 986 matione.
476 955 495 966 -
522 919 658 994 Quando
673 939 753 983 vero
769 938 874 1004 poena
889 917 979 983 nullo
996 918 1089 982 modo
1106 919 1206 1002 possit
1220 917 1369 1002 reparari
1392 915 1486 981 resti-

299 1042 417 1108 tuendo
441 1043 494 1108 vel
518 1041 755 1128 compensando
778 1041 896 1124 ablata,
921 1061 1017 1106 orror
1041 1040 1149 1108 facilis
1172 1041 1205 1104 in
1229 1040 1378 1105 humanis
1406 1037 1486 1104 iudi·

300 1167 392 1232 diciis
424 1174 474 1234 est
502 1169 596 1233 nimis
627 1167 786 1233 timendus
817 1173 850 1233 et
881 1167 976 1232 nimis
1006 1168 1132 1253 gravis;
1160 1186 1250 1247 nam,
1276 1164 1483 1250 irreparabili

299 1291 426 1355 detecto
456 1311 581 1362 errore,
606 1291 783 1355 vehemens
814 1291 919 1355 oritur
953 1291 1133 1354 animorum
1162 1289 1331 1354 commotio
1362 1288 1415 1352 vel
1448 1289 1483 1352 in

299 1421 473 1499 conspectu
505 1415 584 1478 civis
616 1414 806 1488 innocentis,
832 1414 866 1476 in
889 1432 1004 1477 aevum
1040 1409 1147 1478 affecti
1184 1413 1344 1476 immerita
1366 1431 1482 1497 poena,

298 1539 399 1604 veluti
424 1539 642 1619 mutilationis,
666 1538 720 1602 vel
743 1537 783 1602 ob
796 1537 1053 1602 recordationem
1078 1536 1157 1602 civis
1173 1538 1291 1604 iniuste
1307 1537 1475 1622 deperditi.

297 1662 424 1728 scilicet
446 1681 506 1746 per
529 1661 669 1746 capitale
685 1661 886 1746 supplicium.
905 1697 922 1708 -
941 1658 1032 1726 Unde
1048 1679 1152 1745 poena
1171 1661 1377 1727 mutilationis
1392 1661 1475 1725 tole-

297 1785 401 1851 randa
432 1788 561 1852 omnino
593 1805 658 1850 non
690 1793 756 1860 est;
781 1790 814 1849 et
844 1804 949 1871 poena
981 1786 1091 1850 mortis
1121 1784 1341 1850 tantummodo
1372 1785 1478 1848 locum

297 1912 419 1977 habere
432 1917 537 1998 potest
559 1913 645 1976 inter
668 1931 797 1997 poenas,
815 1885 942 1995 quando
966 1911 1141 1976 necessitas
1158 1909 1304 1996 publicae
1319 1910 1479 1992 tranquil-

296 2039 395 2103 litatis
419 2037 617 2123 protuendae
641 2037 734 2101 istam
759 2036 957 2121 expostulem
978 2035 1161 2100 executioni
1185 2055 1264 2100 vero
1288 2034 1476 2100 demandari

295 2169 373 2228 tuuc
397 2162 492 2228 debet
515 2161 640 2246 quando
664 2159 826 2226 evidentia
850 2162 994 2225 criminis
1017 2159 1147 2226 auferat
1169 2161 1402 2244 qualecumque
1426 2179 1481 2225 er-

296 2289 381 2354 roris
404 2287 595 2373 periculum.

385 2409 439 2475 61.
467 2410 597 2474 Poenae
620 2409 757 2491 denique
780 2411 814 2473 in
837 2410 903 2474 suis
927 2408 1097 2494 effectibus
1119 2407 1238 2473 debent
1260 2428 1340 2483 esse,
1366 2427 1478 2474 cotem-

292 2531 413 2613 plorcs
436 2535 470 2594 ut
492 2533 564 2614 post
579 2533 739 2614 patratum
756 2531 879 2594 crimen
895 2529 975 2593 alios
992 2528 1032 2592 ab
1049 2549 1087 2594 eo
1104 2528 1263 2614 patrando
1279 2547 1479 2614 magnopore

295 2655 500 2730 deterreant3
521 2654 810 2738 proaserootrices
833 2659 908 2719 ante
933 2655 1068 2727 crimen,
1086 2674 1197 2720 omnes
1221 2654 1415 2720 continendo
1444 2655 1477 2718 in

294 2777 399 2845 officio
416 2780 512 2846 etiam
536 2779 575 2842 oh
600 2797 722 2864 poenae
738 2780 913 2843 salutarem
930 2780 1097 2854 timorem;
1119 2784 1151 2844 et
1166 2781 1215 2844 rei
1232 2779 1479 2845 emendatrices

294 2905 374 2970 adeo
397 2911 432 2970 ut
456 2904 679 2988 delinquentes
702 2909 773 2990 post
797 2923 921 2988 poenae
948 2903 1112 2970 luitionem
1139 2923 1202 2968 non
1227 2901 1306 2968 dant
1337 2903 1478 2970 iustitiae

295 3039 327 3098 et
350 3031 527 3096 honestatis
550 3049 670 3102 osores,
695 3029 751 3093 sed
774 3033 937 3094 amatores
960 3035 993 3093 et
1015 3033 1202 3094 sectatores.
1227 3030 1296 3093 Iam
1310 3029 1477 3094 adnotavi-

293 3172 373 3222 mus.
387 3172 446 3237 pro
462 3154 616 3218 societate
631 3153 727 3232 civili,
741 3149 874 3218 effectus
890 3152 1043 3218 directius
1056 3151 1258 3235 quaerendos
1274 3171 1344 3217 esse
1361 3171 1477 3218 eccem-

289 3274 489 3357 pluritatem
513 3279 545 3339 et
557 3275 894 3358 praeservatiouem5
910 3277 943 3338 in
960 3275 1110 3341 Ecclesia
1123 3295 1202 3340 vero
1219 3276 1267 3339 rei
1284 3276 1476 3344 emendatio

294 3400 344 3463 est
359 3417 483 3483 poenae
500 3394 631 3462 effectus
647 3399 680 3463 in
696 3399 808 3483 primis
824 3398 1038 3482 quaerendus,
1055 3401 1201 3482 quamvis
1216 3405 1353 3484 utraque
1373 3401 1475 3465 socie·

293 3527 351 3595 tas,
369 3522 560 3606 respective,
577 3523 656 3586 alios
680 3517 813 3586 effectus
837 3541 1141 3607 perquamcumque
1161 3543 1298 3607 poenam
1322 3525 1477 3608 consequi

293 3647 425 3713 nitatur.

382 3773 435 3838 62.
461 3775 539 3840 Cum
564 3793 667 3858 poena
691 3773 927 3857 delinquentem
953 3771 1072 3839 afficiat
1099 3793 1159 3859 per
1186 3775 1318 3838 molam
1345 3773 1463 3856 passio

293 3899 356 3979 ais,
370 3897 526 3985 infligitur
537 3898 590 3962 vel
602 3915 660 3982 per
673 3898 916 3982 castigationem
930 3899 1076 3981 corporis
1090 3897 1246 3962 directam
1258 3897 1311 3962 vel
1323 3915 1384 3981 per
1395 3898 1478 3962 iuris

293 4021 516 4105 privationem.
536 4021 667 4102 Corptls
690 4021 867 4105 castigatur
892 4039 951 4105 per
974 4025 1121 4092 mortem,
1138 4039 1199 4104 per
1222 4019 1475 4106 instigationem,

291 4141 523 4207 mutilationem
541 4147 597 4207 aut
612 4143 708 4208 aliam
728 4141 909 4208 huiusmodi
922 4137 1182 4218 afflictatione1n3
1199 4142 1280 4208 iura
1292 4143 1477 4227 privantur,

291 4266 493 4353 ademptione
508 4276 564 4335 aut
575 4268 784 4334 diminutione
796 4269 848 4333 vel
865 4274 972 4336 stolus
984 4269 1036 4333 vel
1052 4267 1214 4334 libertatis
1227 4269 1279 4333 vel
1294 4268 1475 4336 bonorum.

293 4395 337 4460 At
352 4396 490 4480 privatio
514 4394 676 4462 libertatis
700 4399 806 4480 potest
823 4415 895 4460 esse
912 4396 1007 4460 ctiam
1023 4413 1149 4480 poenae
1165 4393 1328 4479 corporali
1344 4395 1477 4460 coniun-
