3306 5102
543 369 587 414 DE
610 368 764 415 nunlcrls
788 369 831 414 ΕΤ
854 369 973 416 Pontus
1283 349 1349 416 323

170 489 265 577 nici);
294 495 328 556 et
350 490 413 555 hac
430 510 586 576 expressa
600 492 673 578 lege
697 497 732 557 ut
754 492 781 556 is
805 492 859 576 qui
882 489 969 558 illam
985 489 1094 573 violat,
1114 492 1348 578 irregularitati

171 611 328 678 obnoxius
351 612 408 679 fiat
427 636 457 678 s.
484 613 572 682 Idem
604 614 698 680 docet
722 613 906 680 Lehmkuhl
934 613 973 700 (Ι,
997 614 1197 701 902-1009).
1224 651 1242 664 ·
1267 616 1350 691 Quo·

170 736 260 801 circa
282 756 452 802 versamur
475 737 508 801 in
532 734 627 802 dubio
651 738 740 802 iuris.
760 773 777 787 ·
799 737 861 805 Sed
884 742 1028 823 praestat
1055 737 1203 804 distincte
1234 758 1349 825 cogno·

169 879 263 926 scere
286 863 319 925 iu
343 881 405 946 quo
429 862 584 927 consistat
599 863 784 948 opinionum
801 863 898 936 lucta,
916 868 951 928 ut
971 867 1185 928 secernantur
1202 869 1293 930 certa
1308 863 1348 929 ab

170 985 312 1051 incertis.

259 1113 424 1197 Expressa
438 1113 496 1178 lex
511 1117 560 1178 est
575 1113 701 1179 incurri
718 1099 1004 1198 irregularitatem.
1025 1111 1056 1194 l)
1071 1110 1111 1175 ob
1128 1112 1276 1177 violatam
1293 1134 1348 1178 su-

167 1238 529 1322 sponsionem-poenam
553 1238 586 1301 iu
610 1257 684 1320 cap.
702 1239 729 1318 1,
748 1237 797 1302 De
812 1242 896 1302 sent.
913 1255 1043 1302 ennom.
1061 1237 1099 1300 in
1116 1237 1147 1318 6,
1173 1236 1226 1301 ubi
1250 1235 1347 1302 iudex

166 1379 233 1424 non
257 1381 391 1424 servans
419 1361 559 1427 debitum
590 1361 786 1446 procedendi
818 1361 945 1426 modum
969 1363 1003 1426 iu
1024 1361 1169 1428 ferendis
1200 1363 1347 1428 censuris

165 1483 373 1570 suspenditur
388 1486 428 1550 ad
445 1505 586 1553 mensem
603 1491 635 1552 et
650 1486 838 1552 declaratur
853 1487 1046 1572 irregularis
1062 1488 1089 1551 si
1105 1488 1346 1572 suspensionem

166 1607 276 1673 violet.

301 1731 334 1818 2)
358 1736 396 1799 ln
414 1753 488 1818 cop.
504 1735 531 1806 1,
555 1733 602 1798 De
619 1738 700 1800 sent.
718 1738 748 1798 et
769 1753 807 1798 re
822 1733 893 1800 incl.
911 1735 948 1800 in
964 1734 996 1806 6,
1014 1737 1166 1800 statuitur
1180 1735 1345 1820 suspensio

164 1859 214 1924 ad
236 1879 367 1925 onnnrn
392 1862 424 1924 in
448 1859 585 1925 iudicem
617 1860 733 1925 eccles.
760 1860 845 1925 male
868 1860 1073 1941 iudicantem,
1097 1863 1151 1944 qui
1175 1865 1346 1945 praeterea

164 1983 352 2051 declaratur
375 1986 567 2071 irregularis
591 1987 616 2050 si
642 1985 728 2052 hanc
751 1987 993 2071 suspensionem
1013 1986 1120 2052 violet.

167 2115 178 2138 ⁸
300 2109 333 2196 3)
360 2111 441 2174 Item
458 2129 522 2172 non
538 2109 666 2173 videtur
681 2108 905 2194 ambigendum
931 2108 971 2172 ob
994 2109 1146 2174 violatam
1169 2114 1346 2195 suspensio·

163 2252 240 2297 nem
257 2251 302 2298 en
317 2233 507 2316 informato
530 2233 743 2315 conscientia,
761 2235 820 2298 etsi
837 2235 869 2296 in
886 2237 1012 2298 certum
1036 2239 1170 2319 tempus,
1192 2231 1344 2300 inflictam

162 2361 199 2423 et
221 2357 297 2421 hino
321 2357 420 2424 veluti
437 2377 582 2444 poenam,
599 2359 723 2422 incurri
748 2358 1033 2442 irregularitatem,
1050 2359 1124 2441 quia
1144 2357 1175 2423 S.
1193 2359 1292 2445 Cong.
1309 2360 1343 2426 G.

161 2483 209 2548 ita
224 2480 346 2566 pluries
371 2480 542 2566 respondit,
560 2482 667 2566 prouti
691 2486 782 2546 notat
799 2480 919 2547 Bened.
936 2480 1020 2546 XIV
1044 2482 1104 2547 loc.
1123 2481 1196 2564 eit;
1216 2481 1291 2546 item
1310 2483 1344 2546 in

161 2607 340 2672 Lucionen.
365 2607 388 2673 8
411 2607 543 2690 Aprilis
566 2607 670 2690 1848,·
694 2609 780 2672 etin
806 2609 884 2673 Inst.
910 2609 941 2673 S.
967 2608 1066 2694 Gong.
1090 2607 1130 2673 de
1154 2608 1252 2694 Prop.
1275 2609 1343 2674 Fid.

159 2733 215 2796 20
233 2731 475 2812 Oct.188d(de
499 2733 707 2818 suspensione
732 2752 775 2797 ex
798 2732 972 2796 informata
991 2734 1204 2816 conscientia)
1227 2739 1291 2799 art.
1308 2735 1345 2799 11

159 2857 364 2922 decernitur:
384 2877 401 2919 «
418 2856 607 2942 Postquam
629 2855 758 2922 idcirco
783 2857 925 2923 ctericus
939 2857 1188 2924 intimationem
1203 2877 1342 2941 snspen-

157 2980 268 3048 sionis
284 2980 447 3063 tabuerit,
464 2981 493 3046 si
507 2981 730 3048 nihilominus
753 2981 790 3046 in
814 2981 918 3046 altari
933 2981 1130 3048 ministrare
1148 3001 1208 3048 sen
1224 2982 1344 3066 quouis

157 3106 263 3174 modo
286 3127 387 3173 snum
411 3106 568 3173 ordinem
590 3106 785 3172 solemniter
814 3125 975 3172 annuere
995 3114 1205 3190 praesumot,
1228 3108 1343 3174 statim

158 3229 280 3296 incidit
302 3231 340 3295 in
363 3230 654 3316 irrepniaritotem
671 3250 702 3297 ›.

296 3355 329 3442 4)
356 3357 436 3420 ltem
452 3355 583 3421 violatio
606 3355 852 3440 suspensionum
877 3355 897 3419 i.
922 3375 948 3421 s.
974 3375 1056 3439 quae
1079 3357 1286 3422 continentur
1309 3357 1343 3421 iu

160 3479 269 3546 Consi.
295 3515 313 3528 -
338 3480 453 3564 Apost.
480 3481 577 3547 Sedis
601 3516 618 3528 -
644 3481 707 3546 etsi
738 3479 824 3546 latae
855 3479 895 3544 ad
927 3499 1063 3556 annum,
1096 3481 1136 3546 ad
1166 3482 1341 3563 triennum,

158 3603 338 3669 secumlert
360 3604 645 3690 irregularitatem.
663 3603 820 3688 Equidem
843 3603 905 3668 hae
929 3604 1154 3690 suspensiones
1172 3624 1241 3687 pro
1265 3625 1342 3672 cen-

159 3727 252 3794 suris
274 3726 443 3794 habendae
466 3733 548 3793 sunt.
574 3727 622 3794 Cf.
644 3727 762 3794 Suarez
787 3728 930 3813 (XXIV,
947 3725 1031 3816 2-4),
1057 3725 1249 3802 Lehmkuhl‚
1274 3729 1295 3792 l.
1312 3749 1340 3794 c:

157 3871 194 3915 n.
218 3848 251 3923 4,
276 3855 309 3915 et
332 3870 431 3936 supra
452 3871 485 3915 n.
510 3850 586 3924 154,
610 3856 678 3917 not.
704 3852 750 3915 1.,

249 3973 307 4038 Isti
332 3973 482 4039 videntur
502 3995 595 4044 casus
611 3973 805 4040 recensendi
823 3973 880 4040 sub
899 3994 1055 4060 expressa
1069 3975 1150 4059 legis
1164 3974 1339 4047 voluntate,

159 4097 367 4182 quamobrem
380 4099 511 4164 violatio
526 4099 905 4183 nnpensionis-poenae
920 4100 1006 4185 parit
1021 4098 1304 4184 irregularitatem.
1321 4133 1338 4146 -

158 4225 265 4289 Porro
281 4230 413 4311 praeter
430 4225 490 4290 hos
505 4245 598 4290 cesus
614 4243 785 4290 versamur
808 4224 846 4289 in
868 4223 971 4291 dnbio
987 4224 1073 4290 iuris
1089 4224 1169 4290 adeo
1193 4229 1227 4289 ut
1249 4224 1340 4290 locus

157 4367 223 4412 non
253 4345 309 4413 flat
338 4349 556 4434 irregularati,
581 4369 654 4415 cum
677 4337 728 4414 isis
751 4367 816 4412 nou
847 4349 889 4413 sit
913 4347 953 4413 de
977 4367 1041 4413 uno
1073 4367 1150 4414 casu
1173 4347 1215 4414 ad
1239 4347 1339 4412 alium

157 4472 335 4538 extendere
350 4474 455 4560 legem
471 4473 648 4559 poenalem.
668 4508 686 4521 -
703 4472 865 4547 Quocirca
886 4477 951 4538 non
967 4492 1134 4558 possumus
1157 4470 1339 4538 adhaerere
