3312 5108
545 303 590 348 ne
614 303 769 351 neurcrrs
794 303 836 350 nr
860 303 979 350 roems
1306 284 1351 348 27

176 429 372 497 Gallicam·
386 431 440 494 lus
463 447 535 504 can,
560 427 709 493 adhaesit
732 429 795 493 iuri
819 447 898 492 ram.
924 426 1006 512 quad
1030 447 1095 492 non
1120 447 1217 492 unum
1242 427 1293 492 vel
1310 429 1353 492 al-

176 561 282 621 terum
313 561 458 620 secutum
489 559 540 619 est
569 561 720 640 systema.
753 573 858 638 neque
889 556 943 620 uni
968 554 1021 619 vel
1045 554 1140 618 alteri
1164 553 1354 639 simpliciter

176 681 307 746 indulsit
330 681 472 762 schalae,
505 680 561 746 sed
592 679 729 744 mediam
760 681 832 746 iniit
854 682 950 744 viam.
979 681 1015 743 ln
1039 697 1162 764 genere
1186 679 1353 764 recognita

176 805 238 870 fuit
260 810 292 870 et
314 805 453 870 admissa
476 806 559 868 ratio
587 804 720 868 minoris
736 803 972 886 imputationis
984 803 1144 886 politicae
1159 805 1193 866 in
1210 803 1353 868 oriminis

176 935 300 997 conatu
321 929 375 993 vel
399 930 431 992 in
456 927 593 992 crimine
612 933 873 1013 praeterprcsso
890 947 984 1010 quam
1002 928 1033 990 in
1051 927 1187 990 crimine
1204 945 1352 990 consum-

176 1061 271 1120 mato.
295 1052 351 1119 Ius
374 1073 444 1120 can.
470 1053 554 1138 quod
577 1058 710 1140 spectat.
743 1053 828 1119 haec
856 1053 971 1138 regula
997 1053 1147 1118 statuitur
1170 1053 1207 1116 ia
1230 1071 1303 1135 cap.
1330 1051 1352 1114 7

175 1179 197 1262 g
221 1177 246 1244 3
268 1215 280 1225 -
302 1179 352 1244 De
375 1179 451 1244 ctae.
477 1183 507 1243 et
530 1179 609 1245 elec.
633 1182 740 1261 potest
761 1179 798 1244 X
825 1179 868 1257 (l,
897 1177 933 1264 6)
957 1183 990 1244 et
1014 1177 1134 1242 alarius
1165 1179 1197 1242 in
1230 1195 1304 1260 cop.
1331 1176 1352 1240 7

175 1301 283 1367 eiusct.
308 1301 355 1366 tit.
379 1301 415 1365 ia
438 1299 470 1373 6,
503 1299 557 1364 ubi
586 1299 783 1374 decernitur,
809 1300 948 1385 eligendi
971 1301 1044 1366 iure
1064 1301 1187 1386 privari
1211 1319 1276 1364 nan
1300 1300 1352 1382 qui

176 1426 284 1490 conati
306 1429 382 1490 sunt
404 1425 527 1510 eligere
550 1423 725 1510 indignum,
743 1425 799 1489 sed
826 1427 883 1508 qui
909 1426 1029 1492 ‹acteo
1045 1425 1082 1490 ia
1098 1444 1135 1491 eo
1160 1422 1354 1510 (saffropio)

173 1550 385 1634 persisterint
415 1551 508 1635 quod
538 1569 582 1616 ea·
613 1550 697 1616 uotis
729 1569 855 1616 aarum
886 1549 1075 1615 couimunis
1103 1549 1217 1615 electio
1239 1548 1353 1616 subse-

176 1679 304 1759 quatur
328 1695 357 1736 ›.
396 1673 458 1740 Sed
490 1673 530 1738 ad
561 1675 726 1738 atrociora
758 1675 895 1738 crimina
923 1673 1039 1738 lartius
1069 1672 1294 1759 praecavenda
1322 1679 1354 1737 et

176 1795 347 1881 punienda,
371 1797 406 1860 in
427 1797 500 1861 iure
531 1816 611 1862 rom.
649 1801 778 1862 cautum
803 1796 865 1861 fuit
889 1817 953 1860 nan
978 1816 1071 1860 secus
1094 1817 1133 1862 ao
1156 1797 1189 1861 in
1213 1815 1296 1878 can,
1321 1797 1353 1860 in

177 1918 246 1983 istis
269 1917 380 1982 eadem
404 1921 510 2003 poeni
531 1917 641 2002 puniri
659 1922 828 1998 conatam,
846 1936 908 2001 qua
924 1917 1122 2002 plecteretur
1139 1919 1263 1982 crimen
1279 1937 1354 1984 coa-

176 2027 399 2108 summatam.
431 2041 566 2116 Quando
588 2061 669 2106 vera
685 2041 741 2106 lex
757 2043 921 2126 expressis
944 2039 1053 2106 uerbis
1068 2042 1131 2108 hac
1146 2062 1212 2106 non
1228 2047 1352 2116 caveat,

179 2183 283 2249 paena
298 2169 389 2231 tenet
404 2163 651 2248 delinquentem,
670 2167 806 2230 crimine
822 2169 944 2230 tantum
968 2171 1196 2230 consummato.
1214 2201 1228 2212 -
1249 2161 1354 2232 Cona-

180 2295 337 2362 iussero,
354 2309 414 2374 pro
429 2290 590 2374 gravitate
615 2290 767 2354 laesionis
791 2290 913 2354 ordinis
936 2291 1073 2372 socialis,
1090 2290 1142 2354 vel
1159 2291 1292 2375 punitur
1307 2291 1350 2354 uti

180 2411 328 2476 delictum
345 2411 399 2478 sui
414 2403 551 2500 perieris
566 2413 619 2477 vel
636 2413 744 2497 aliqua
758 2432 863 2497 poena
879 2433 898 2477 a
915 2413 1027 2486 iudice,
1045 2433 1104 2499 pro
1121 2415 1168 2478 rei
1182 2414 1352 2498 gravitate.

179 2537 358 2604 inferenda.
384 2537 432 2604 (lt.
457 2538 642 2604 Thesaurus
666 2559 719 2621 ap.
745 2541 797 2604 cit.
817 2538 856 2603 P.
874 2541 983 2622 lcap.
1006 2541 1036 2608 8.
1064 2537 1354 2626 Solimalzgrueber

178 2664 229 2762 lle
239 2665 361 2747 poenis
373 2667 392 2746 ξ
404 2665 463 2738 26,
477 2671 590 2752 aperte
606 2664 715 2731 docet:
735 2685 752 2728 c
770 2667 918 2732 Eventus
932 2665 1016 2748 flacit
1028 2673 1064 2730 ut
1077 2667 1177 2732 atiter
1184 2666 1355 2749 puniatur

179 2791 310 2858 aimeri
336 2809 483 2872 sacrun,
499 2791 600 2856 aliter
616 2791 746 2857 crimea
761 2793 872 2858 sotum
889 2809 1084 2865 mersurum
1103 2781 1246 2856 ¹intentio
1264 2791 1353 2856 euim

178 2913 333 2980 criminis
356 2915 488 2980 etiamsi
511 2913 549 2980 ia
572 2919 687 2980 actum
700 2914 938 2999 propinquum
963 2915 1094 2996 caierit,
1119 2935 1190 2981 aori
1213 2915 1356 2981 liabetur

178 3058 243 3104 eno
265 3057 380 3112 naara,
404 3039 465 3103 nisi
489 3040 522 3102 in
546 3037 749 3122 quibasdam
775 3039 875 3104 ratde
890 3038 1084 3104 enormibus
1101 3059 1131 3102 ›.
1148 3040 1195 3102 De
1218 3038 1356 3104 diversis

177 3183 258 3228 vera
288 3161 495 3246 qualitatibus
524 3165 580 3226 aut
610 3165 743 3226 conatus
777 3161 831 3225 vel
857 3161 1015 3244 proximi
1050 3161 1103 3228 vel
1137 3161 1266 3234 remoti,
1299 3169 1356 3228 aut

177 3287 323 3351 criminis
333 3285 504 3369 frustrati,
521 3287 707 3351 canonistae
720 3290 752 3350 et
766 3284 933 3370 legislator
946 3304 1060 3368 parum
1072 3285 1200 3349 solliciti
1213 3285 1354 3366 luerunt,

178 3415 387 3478 recensentes
414 3412 500 3476 inter
530 3410 815 3476 circuoatamtios
837 3410 1026 3475 minuentes
1049 3415 1105 3475 aut
1128 3415 1356 3496 appraoaates

176 3533 360 3599 huiusmodi
383 3535 517 3599 actionis
533 3535 727 3599 criminosae
741 3533 900 3600 adiuncta.
919 3533 1009 3608 Quae
1026 3533 1183 3614 doctrina,
1209 3533 1355 3617 equidem

176 3659 264 3724 haud
288 3659 396 3724 aliena
417 3658 458 3724 ab
481 3659 642 3742 aequitate
666 3659 745 3724 iuris
770 3659 927 3730 oenomai,
945 3656 1026 3722 adea
1047 3657 1205 3743 processit
1222 3661 1265 3730 ut,
1285 3658 1357 3721 «ia

178 3804 394 3851 communem
412 3785 570 3870 repetam
588 3783 645 3868 (ait
660 3783 955 3869 Schmalzgrueber
980 3783 1000 3848 t.
1019 3803 1044 3848 c.
1070 3787 1089 3864 ξ
1113 3779 1168 3869 tt)
1185 3781 1357 3848 transiisse

177 3907 337 3973 videatur
359 3905 452 3990 quod
471 3923 606 3988 poenae
629 3904 813 3971 criminum
837 3910 954 3970 aestro
979 3909 1129 3988 tempore
1150 3903 1357 3969 arbitrariae

176 4034 247 4100 sint
261 4055 292 4098 ›.
318 4032 406 4098 Idem
431 4032 549 4098 asserit
574 4027 797 4110 Reiffenstuel,
814 4030 864 4096 De
875 4030 997 4114 poeuis
1013 4051 1046 4094 a.
1065 4030 1120 4106 12,
1138 4029 1241 4094 citans
1258 4031 1356 4094 Guaz·

130 4131 136 4144 ¹
178 4159 294 4232 einum,
319 4157 458 4242 Deseris.
483 4175 634 4231 reorum,
659 4155 712 4229 33,
738 4155 842 4240 Engel
866 4160 899 4220 et
921 4156 1018 4231 alios;
1043 4154 1099 4219 sed
1123 4176 1204 4220 unus
1221 4161 1253 4220 et
1269 4155 1352 4220 alter

178 4283 346 4347 canonista
375 4279 503 4363 docent,
530 4280 626 4344 istam
657 4280 852 4345 sententiam
877 4277 1028 4343 absolute
1051 4296 1163 4342 veram
1187 4296 1250 4340 nan
1275 4297 1355 4356 esse,

178 4411 211 4472 et
232 4405 476 4493 intelligendam
500 4423 572 4470 esse
595 4409 720 4468 tantum
744 4403 885 4468 relatiua
909 4401 948 4466 ad
974 4403 1121 4467 rationes
1144 4405 1354 4476 eacusautes
