3202 5104
312 255 380 322 224
842 273 927 324 enas
951 274 973 322 1.

310 383 395 465 com.
420 398 457 464 in
481 398 513 463 6.
538 435 556 446 -
581 396 660 463 Inde
684 397 941 482 consequebatur
963 398 1094 484 aliquod
1111 398 1306 484 practicam
1328 403 1497 464 consecta-

309 525 405 590 rium.
430 523 591 608 Siquidem
616 523 731 610 regula
753 524 918 610 generalis
942 529 1000 597 est,
1026 523 1233 591 interdictum
1256 525 1416 612 pectorale
1436 544 1497 590 seu

309 649 456 732 mactate
479 650 585 716 locale
607 669 672 714 non
697 651 811 736 vigere
835 654 931 716 extra
953 651 1061 715 iocum
1084 649 1301 723 interdictum.
1326 655 1359 714 et
1377 669 1497 734 perso

309 775 390 841 nale
404 775 566 860 perscruta
582 793 711 839 cessare
735 793 795 858 pro
818 776 865 840 eis
888 775 941 858 qni
958 773 1044 840 illius
1060 779 1171 840 coetus
1185 774 1238 840 vel
1255 776 1498 840 communitatis

309 902 436 983 partem
460 916 532 962 esse
554 895 713 965 desierint
736 903 769 965 et
791 898 924 984 planum
948 903 1007 964 est.
1025 896 1087 964 Sed
1110 899 1172 964 hoc
1196 917 1262 964 non
1285 899 1336 964 sas
1358 905 1431 964 erat
1456 899 1497 963 iis

310 1025 364 1109 qui
387 1043 518 1089 eausam
542 1021 705 1088 dedissent
726 1023 901 1088 interdicto
917 1025 1071 1108 quocirca
1093 1027 1127 1090 et
1149 1028 1247 1089 extra
1267 1022 1374 1089 locum
1395 1026 1498 1088 inter·

310 1150 430 1216 dictum
453 1154 486 1215 et
509 1151 535 1214 si
558 1169 579 1214 a
605 1155 699 1215 coetu
721 1149 775 1214 vel
791 1151 1019 1216 communitate
1046 1149 1232 1222 exivissem,
1257 1151 1381 1234 pariter
1409 1147 1496 1234 liga-

310 1274 428 1340 bantur
442 1273 624 1346 interdicto‚
642 1293 757 1358 nempe
769 1273 947 1357 personati
969 1271 1121 1357 speciali.
1144 1271 1207 1338 Sed
1224 1271 1323 1338 hodie
1338 1272 1403 1337 alio
1419 1273 1498 1337 iure

311 1397 439 1472 utimur,
464 1399 539 1480 quia
570 1397 675 1464 Const.
700 1397 818 1481 Apost.
844 1397 942 1464 Sedis
965 1397 1053 1463 banc
1078 1415 1250 1462 censuram
1274 1415 1297 1462 a
1320 1397 1396 1462 iure
1418 1397 1442 1462 l.
1468 1415 1495 1462 s.

310 1542 375 1589 non
400 1523 563 1588 recensuit
586 1527 618 1587 et
641 1521 719 1586 hinc
741 1521 837 1587 hodie
860 1541 926 1586 non
949 1522 1063 1608 vigere
1085 1527 1183 1608 patet.

402 1646 475 1712 150.
503 1647 669 1714 Interdicti
701 1647 893 1729 personatis
922 1647 1093 1736 ponentis
1125 1652 1157 1712 et
1188 1645 1352 1711 interdicti
1374 1646 1497 1712 localis

310 1771 381 1836 sere
409 1769 520 1836 eadem
549 1775 600 1838 est
628 1775 747 1835 natura
770 1775 802 1836 et
825 1771 892 1846 vis;
916 1773 1036 1858 quippe
1059 1772 1092 1836 in
1116 1769 1262 1856 pluribus
1284 1770 1497 1854 pacatione·

310 1895 533 1962 secumferunt
563 1891 714 1977 effectus,
746 1915 810 1960 non
842 1897 995 1981 propriae
1018 1916 1193 1962 ceaatrae.
1220 1932 1237 1946 ·
1262 1897 1307 1962 Et
1337 1895 1493 1961 interdic-

308 2024 379 2086 tum
401 2019 573 2106 personale
596 2021 757 2108 qenerote
779 2021 911 2108 gravius
943 2025 993 2086 est
1015 2039 1110 2104 quam
1136 2021 1282 2105 speciale
1304 2027 1338 2086 et
1360 2019 1493 2105 planum

311 2147 376 2220 est;
411 2163 475 2209 uno
506 2149 540 2212 et
569 2145 673 2214 altero
704 2163 819 2208 verum
850 2145 983 2230 gravius
1014 2149 1064 2209 est
1095 2143 1300 2210 interdictum
1332 2144 1493 2230 parmate

311 2269 425 2335 locale.
451 2303 470 2314 -
496 2267 568 2334 Hac
591 2273 722 2332 servata
752 2269 971 2353 proportione,
999 2268 1110 2354 gravis
1132 2269 1311 2352 requiritur
1334 2269 1428 2353 culpa
1451 2265 1491 2332 ad

309 2392 516 2460 interdictum
539 2390 684 2477 legitime
707 2391 894 2469 terendum
913 2393 1064 2460 videlicet
1086 2394 1301 2479 graviorque
1329 2391 1491 2458 interdicti

310 2519 434 2604 species
462 2519 595 2604 gravior
627 2523 692 2594 est;
717 2517 774 2584 sed
804 2539 846 2584 ex
869 2519 940 2604 ipsa
963 2519 1099 2586 historia
1129 2517 1293 2584 interdicti
1320 2517 1492 2605 peecata

304 2644 509 2730 personatis,
534 2649 567 2709 et
590 2643 707 2710 locatis
730 2648 818 2730 patet
844 2643 995 2710 sufficere
1026 2645 1177 2712 delictum
1200 2645 1297 2710 etiam
1321 2645 1415 2710 unius
1435 2644 1489 2709 vel

309 2772 443 2836 alterius
466 2770 653 2856 principalis
677 2789 834 2855 personae
865 2769 907 2834 ad
936 2769 1072 2836 terenda
1098 2769 1280 2836 huiusmodi
1308 2769 1488 2837 interdicta

399 2895 610 2963 Interdictum
638 2899 705 2960 tum
737 2895 843 2961 locate
874 2897 941 2960 sive
968 2896 1129 2982 qeaerolc
1151 2897 1219 2960 sive
1232 2895 1399 2980 speciale,
1423 2901 1487 2960 tum

305 3022 489 3106 personate
512 3021 682 3107 granarole,
699 3023 771 3104 post
787 3019 893 3085 Const.
913 3053 931 3067 ·
949 3019 1005 3084 Ad
1028 3019 1197 3094 abutendo,
1216 3055 1234 3069 ·
1251 3018 1372 3086 debent
1386 3017 1487 3086 nomi·

309 3145 420 3212 actim
449 3143 638 3209 denunciari
669 3148 704 3208 ut
735 3142 880 3229 obligare
904 3143 1060 3230 incipiant
1082 3180 1100 3191 -
1125 3145 1171 3209 De
1194 3144 1369 3210 interdicto
1392 3142 1487 3211 lomb

310 3269 435 3336 nullum
458 3274 562 3353 potest
585 3269 716 3334 subesse
740 3267 886 3344 dubium;
911 3270 986 3352 quia
1009 3266 1120 3335 fideles
1143 3287 1178 3334 se
1195 3267 1361 3333 abstinere
1378 3268 1485 3332 alosis

310 3393 489 3460 interdictis
511 3415 577 3458 non
600 3398 761 3466 tenentur,
787 3393 849 3458 nisi
873 3393 934 3458 ista
956 3394 1003 3458 uti
1021 3391 1195 3460 interdicta
1209 3392 1407 3458 denunciata
1419 3392 1483 3456 fue·

310 3520 387 3586 rint.
411 3519 496 3584 Ante
519 3519 696 3584 Martinam
719 3518 752 3584 V
775 3518 801 3582 si
826 3517 868 3584 de
891 3516 1036 3584 crimina
1066 3516 1235 3584 constabat
1257 3516 1343 3600 quod
1366 3535 1483 3582 secum·

311 3645 462 3714 trahebat
497 3644 722 3716 interdictum,
758 3643 896 3729 populus
926 3664 947 3708 a
976 3643 1049 3708 loco
1083 3641 1256 3710 interdicto
1290 3661 1352 3728 per
1386 3643 1482 3707 totam

309 3771 397 3836 iurts
427 3769 627 3835 sestertium
658 3767 793 3834 debebat
823 3788 858 3834 se
889 3787 1006 3835 arcere
1036 3774 1072 3835 ut
1102 3769 1167 3856 legi
1195 3768 1444 3854 obtemperaret
1464 3798 1480 3812 ·

310 3897 357 3962 De
381 3893 552 3961 interdicto
576 3898 683 3960 autem
706 3894 862 3982 pancrati
871 3873 1051 3980 pebsonali
1066 3895 1156 3981 viget
1174 3895 1350 3960 necessitas
1374 3893 1480 3959 denun-

311 4022 467 4101 ciationis,
491 4025 564 4106 post
591 4020 736 4085 eamdam
761 4021 868 4087 Const.
894 4055 912 4069 ·
938 4020 995 4086 Act
1017 4020 1178 4086 evitando
1200 4056 1222 4066 -
1245 4037 1310 4084 non
1341 4019 1480 4085 abactae

311 4145 368 4211 sed
390 4144 540 4210 relative.
565 4145 700 4227 Inquam
717 4180 734 4192 -
752 4164 823 4211 noa
846 4143 1006 4219 absolute,
1024 4145 1098 4228 quia
1120 4142 1203 4209 haec
1227 4143 1335 4209 Const.
1359 4141 1478 4206 minime

310 4269 413 4336 voluit
435 4269 602 4334 meliorem
627 4269 739 4334 facere
762 4269 977 4335 conditionem
1002 4273 1266 4344 censuratorum;
1290 4266 1376 4334 unde
1398 4265 1476 4330 dum·

311 4391 404 4459 modo
427 4412 567 4460 censura
589 4393 655 4458 lata
678 4395 720 4458 sit
742 4395 776 4459 in
799 4415 927 4480 corpus,
946 4395 1008 4460 etsi
1031 4394 1167 4480 singulis
1182 4413 1248 4460 non
1263 4392 1474 4460 denuncietur.
