3266 5102
511 301 556 348 ou
579 301 736 348 osurorrs
760 300 803 346 ur
827 300 949 348 roseus
1261 281 1318 345 lll

134 445 254 489 rum...
282 425 357 508 ipso
385 425 462 492 iure
492 423 533 490 de
564 425 703 491 fratrum
736 429 921 491 nostrorum
953 424 1088 489 consilio
1120 423 1324 489 decemimus

133 547 323 614 confiscata.
345 547 587 636 Confiscotione
611 555 725 616 tamen
752 548 930 615 huiusmodi
960 549 1119 622 executio,
1147 547 1201 613 vel
1228 546 1324 613 bono·

135 695 210 738 rum
233 695 365 740 suorum
390 676 557 761 occupatio
573 674 646 740 fleri
663 695 727 740 non
745 674 839 741 debet
854 695 914 760 per
930 673 1143 760 principales;
1168 679 1223 738 aut
1243 675 1324 739 alios

133 800 283 864 dominos
305 801 501 885 temporales
525 797 628 886 (iuxta
644 800 795 886 Gregorii
812 801 921 886 Papae
939 798 1206 864 praedecessoris
1223 799 1325 863 nostri

132 923 408 1011 declarationem)
432 930 604 1009 antequam
628 946 690 1011 per
708 925 905 1010 Episcopum
924 925 987 989 loci
1017 929 1073 988 aut
1104 924 1200 988 aliam
1217 942 1325 1008 perso

135 1067 211 1112 uam
229 1047 480 1114 ecclesiasticam
497 1067 579 1133 quae
596 1069 697 1134 super
711 1049 775 1114 hoc
798 1047 917 1114 habeat
939 1053 1138 1134 potestatem,
1163 1048 1324 1112 sententia

133 1191 236 1256 super
249 1172 361 1238 eodem
374 1174 510 1238 crimine
523 1173 622 1238 fuerit
634 1174 838 1258 promulgata
847 1193 876 1236 t.
887 1173 978 1247 Quae
991 1173 1137 1239 cautelae
1150 1173 1324 1258 praecipue

134 1296 201 1361 huc
225 1301 384 1380 spectant.
401 1305 436 1363 ut
458 1297 649 1381 delinquens
673 1317 784 1363 coram
808 1299 962 1362 societate
978 1317 1041 1361 non
1059 1296 1218 1362 habeatur
1233 1297 1324 1362 bisce

134 1421 343 1506 gravioribus
366 1423 478 1507 poenis
501 1423 673 1490 mulctatus
696 1428 868 1507 antequam
892 1422 1019 1508 publice
1043 1427 1168 1488 constet
1191 1421 1231 1486 de
1255 1421 1324 1486 eius

136 1548 285 1612 crimine.
303 1549 347 1612 nt
370 1567 479 1613 coram
504 1549 659 1614 societate
682 1547 794 1613 modus
818 1549 1003 1614 ordinarius
1026 1567 1089 1632 quo
1113 1548 1234 1613 factum
1251 1566 1325 1611 oon-

135 1677 209 1753 stet,
236 1677 286 1736 est
308 1670 422 1737 iudicis
444 1675 605 1738 sententia
627 1673 858 1740 declaratoria
881 1675 907 1738 si
932 1675 1115 1758 excipiatur
1146 1693 1240 1736 casus
1264 1673 1325 1737 cri·

136 1797 234 1860 minis
258 1798 386 1868 notorii,
411 1817 506 1863 casus
530 1817 608 1862 sane
635 1817 803 1883 perrarus.
828 1797 972 1862 Proinde
1003 1796 1234 1862 consuetudine
1265 1817 1321 1861 seu

137 1922 345 2006 experientia
368 1919 448 1986 duce
472 1923 677 1987 constitutum
701 1929 762 2002 est,
778 1921 819 1986 ad
842 1920 1038 1986 auferendas
1063 1921 1241 1988 dubietates
1255 1925 1322 1985 tum

135 2044 243 2128 quoad
275 2045 514 2131 delinquentem
547 2053 614 2112 tum
645 2047 748 2132 quoad
781 2049 977 2118 societatem.
1002 2049 1220 2112 necessariam
1251 2067 1322 2112 esse

134 2170 331 2234 sententiam
356 2170 623 2237 declaratoriom
639 2191 722 2256 quae
738 2173 785 2236 uti
800 2177 891 2236 notat
912 2173 1116 2238 Thesaurus.
1134 2171 1194 2255 Op.
1212 2171 1265 2238 cit.
1279 2171 1321 2236 P.

137 2289 167 2354 I.
184 2312 259 2375 cap.
277 2293 301 2358 5
321 2293 422 2377 Hesp.
440 2295 589 2390 Ill‚·uon
614 2301 664 2360 est
685 2295 903 2360 declaratoria
922 2315 1056 2379 poenae
1079 2295 1134 2360 sed
1158 2295 1321 2362 crimims.

136 2415 357 2490 Quamobrem
380 2439 444 2483 non
476 2424 524 2485 est
555 2420 677 2484 inutilis
700 2440 824 2506 poenae
848 2422 910 2484 iam
935 2421 1024 2486 latae
1047 2422 1223 2496 sententia;
1248 2421 1323 2504 quia

138 2539 237 2606 buius
252 2539 386 2606 effectus
401 2562 466 2607 non
481 2543 693 2628 perpenditur
708 2565 727 2608 a
743 2549 903 2611 momento
920 2544 1085 2610 declarati
1097 2544 1250 2610 criminis
1266 2542 1323 2608 sed

136 2684 159 2727 a
173 2670 338 2730 momento
358 2668 491 2748 patrati
513 2667 677 2734 admittis.
695 2669 902 2754 Quapropter
918 2667 1025 2744 iudex,
1044 2675 1114 2753 post
1136 2669 1259 2732 crimen
1272 2667 1323 2732 de

135 2787 315 2863 claretum,
341 2791 442 2876 exigit
469 2796 505 2856 ut
534 2792 728 2876 delinquens
751 2813 875 2878 poenae
899 2793 1109 2879 obtemperet.
1135 2793 1205 2867 Quo
1228 2797 1321 2877 pacto

136 2914 281 2979 evitatur
303 2913 449 2980 dubietas
472 2937 514 2981 ex
538 2921 631 3002 parte
645 2916 733 2999 facti
748 2921 781 2982 et
797 2919 939 2984 durities
955 2938 997 2982 ex
1013 2924 1106 3003 parte
1122 2918 1322 2981 executionis

137 3056 274 3121 poenae,
292 3057 374 3122 quae
397 3059 418 3103 a
440 3039 545 3105 iudice
569 3043 754 3106 executioni
777 3041 999 3115 demandatur,
1019 3045 1181 3106 retroacto
1205 3019 1322 3106 effectu

137 3180 265 3246 poenae
292 3161 332 3226 ad
361 3149 557 3229 momentum
589 3165 733 3230 criminis
757 3165 895 3230 admissi.
920 3166 971 3230 Ita
996 3164 1191 3230 consuetudo
1217 3164 1322 3250 legem

135 3287 334 3370 temperavit
357 3291 390 3350 et
413 3289 628 3374 interpretata
651 3294 701 3354 est
723 3289 826 3373 quoad
850 3309 969 3374 poenas
992 3291 1153 3374 positivus.
1174 3288 1221 3357 Cf.
1248 3289 1323 3355 Sua-

136 3429 204 3483 rea,
231 3412 252 3476 l.
278 3411 332 3476 cit.
356 3412 395 3475 L.
422 3413 453 3476 V
470 3433 544 3496 cap.
569 3415 594 3479 5
617 3419 649 3479 et
673 3415 762 3499 Lugo
786 3416 836 3481 De
858 3416 933 3480 inst.
961 3416 1000 3479 D.
1026 3413 1185 3480 37.134.

229 3535 284 3600 73.
310 3536 354 3603 nt
383 3539 528 3620 quaestio
561 3539 695 3624 gravior
725 3545 774 3604 est
804 3539 844 3604 de
871 3541 983 3624 poenis
1005 3539 1171 3626 nepotiois
1193 3540 1319 3606 mietio.

139 3659 222 3723 Nam
246 3659 286 3723 de
310 3661 422 3745 poenis
444 3662 611 3748 nepotiuis
634 3663 738 3747 qualis
763 3667 820 3735 est,
841 3663 1046 3736 inhabilitate,
1071 3663 1320 3751 impuleritne,

138 3801 283 3848 necnon
300 3803 454 3858 caesura.
473 3786 672 3851 concordant
688 3787 852 3868 Doctores,
871 3793 903 3851 et
918 3807 1026 3852 mores
1042 3787 1150 3872 populi
1170 3807 1233 3852 non
1250 3807 1323 3852 con-

137 3907 314 3989 tradicunt,
328 3911 388 3975 has
404 3930 523 3994 poenas
541 3913 664 3977 incurri
680 3912 754 3996 ipso
768 3912 870 3995 facto,
884 3914 1059 3977 ministerio
1075 3913 1158 3998 legis
1173 3933 1229 3978 seu
1245 3917 1322 3978 aute

136 4051 376 4118 quamcumque
400 4037 590 4100 sententiam
615 4037 891 4104 declaratumque.
911 4073 926 4085 -
949 4039 985 4101 ln
1009 4039 1080 4102 iure
1104 4059 1174 4102 cau.
1199 4057 1323 4123 poenae

138 4158 319 4244 nepotique
341 4159 472 4226 mactae
496 4179 681 4228 communes
705 4168 828 4228 suntet
843 4161 1063 4247 solentintligi
1079 4163 1151 4246 ipso
1166 4163 1258 4246 facto
1274 4164 1323 4228 in·

138 4283 346 4360 enarrandae,
361 4289 393 4348 et
415 4284 602 4370 aliquando
619 4292 698 4352 onte
714 4305 966 4372 quamcumque
984 4287 1107 4353 iudicis
1121 4287 1321 4353 sententiam

138 4403 418 4474 declaratoriom.
443 4409 487 4475 At
509 4412 676 4493 quaeritur
699 4415 808 4476 utrum
832 4409 1012 4476 huiusmodi
1036 4431 1160 4496 poenae
1188 4415 1321 4477 teneant
