3296 5108
571 313 614 360 ns
639 312 789 361 naurcrrs
814 313 856 360 Er
880 313 999 360 rouurs
1308 297 1371 362 421

191 437 303 498 autem
318 432 356 498 de
369 432 576 500 credentibus
588 434 724 518 aliisque
736 433 955 519 complicibus.
970 433 1017 500 cf.
1032 432 1234 499 D’Annibale
1246 417 1378 501 Commi

190 557 250 623 cit.
274 579 307 622 n.
336 557 406 632 167,
436 561 489 643 qui
512 557 662 628 advertit.
687 557 842 624 eiusmodi
869 566 976 624 tamen
1000 557 1146 642 publicos
1165 565 1373 642 peccatores,

192 683 367 749 defunctos
382 685 618 771 impenitentes
632 684 690 751 sub
702 687 796 772 gravi
812 704 832 750 a
847 684 1013 770 sepultura
1025 685 1246 749 ecclesiastica
1261 704 1375 751 arcen-

189 807 253 873 dos
277 830 356 874 esse.

331 932 362 1018 b)
386 932 546 1001 Notarios
569 955 703 1019 quoqne.
721 955 786 999 non
809 939 933 1000 tantum
949 935 1114 1006 vitandos,
1139 938 1247 1001 arceri
1267 935 1372 1020 sepul·

190 1065 278 1123 tura.
300 1093 317 1106 -
336 1058 398 1124 Sed
413 1059 562 1128 notorias
586 1059 794 1146 intelligimus
810 1060 912 1144 quoad
936 1061 1041 1125 locum
1064 1049 1179 1146 nempe
1203 1079 1265 1145 quo
1288 1059 1375 1127 tradi

190 1183 381 1268 sepulturae
405 1183 531 1249 debent.

330 1307 359 1392 a)
384 1307 561 1372 Incurrunt
584 1309 948 1374 excommunicationem
972 1328 1036 1374 non
1053 1309 1266 1374 materialiter
1284 1326 1375 1392 sepe·

189 1429 313 1496 tientes
343 1450 404 1496 nec
435 1431 524 1497 iusta
548 1431 779 1514 persolventes
807 1431 977 1514 sanabria,
1003 1431 1059 1498 sed
1086 1433 1290 1498 mandantes
1316 1451 1375 1496 seu

189 1559 350 1639 capenas
369 1554 491 1622 tumulo
514 1553 649 1636 inferri,
674 1555 783 1636 condi,
808 1563 879 1639 post
901 1555 1097 1642 sepulturam
1121 1553 1283 1620 traditam.

286 1679 361 1746 334.
382 1679 429 1744 De
447 1679 668 1746 schismaticis
683 1679 770 1744 infra
787 1699 930 1765 agemus.
948 1680 1078 1746 Revera
1093 1680 1297 1748 schismatici
1312 1699 1374 1766 per

189 1821 231 1868 se
254 1822 320 1867 non
342 1809 417 1868 sunt
439 1803 606 1878 haeretici,
624 1805 700 1888 quia
719 1822 785 1886 per
798 1802 947 1870 schisma
963 1824 998 1868 se
1021 1808 1173 1889 separant
1189 1803 1228 1869 ab
1249 1805 1373 1870 unitate

168 1999 176 2022 x
196 1927 373 2007 Ecclesiae,
398 1930 489 1994 cuius
513 1935 662 1994 centrum
692 1934 741 1993 est
772 1928 919 1994 Summus
943 1925 1105 2008 Pontifex,
1130 1927 1185 1994 sed
1213 1929 1373 2014 integram

196 2053 383 2138 relinquunt
408 2054 575 2120 Ecclesiae
598 2052 779 2118 doctrinam
803 2058 836 2118 et
859 2052 1024 2120 dumtaxat
1047 2057 1200 2137 rumpant
1215 2053 1370 2118 unitatem

191 2179 371 2264 regiminis.
389 2179 433 2242 nt
456 2177 579 2243 nullum
602 2175 743 2243 schisma
766 2181 824 2251 est,
842 2177 868 2240 si
892 2175 947 2241 diu
970 2180 1043 2248 stet,
1060 2176 1142 2261 quod
1160 2177 1192 2242 in
1209 2173 1373 2242 haeresim

192 2319 261 2364 non
285 2299 428 2374 recidat;
446 2300 562 2385 quippe
586 2300 639 2383 qui
656 2297 696 2364 ab
719 2298 868 2364 Ecclesia
891 2296 1026 2364 discedit
1041 2303 1073 2364 et
1096 2297 1176 2364 foris
1191 2305 1373 2383 permanet,

191 2427 257 2490 iam
280 2423 451 2510 profitetur
479 2429 574 2490 extra
606 2424 775 2488 Ecclesiae
806 2424 961 2488 unitatem
985 2423 1120 2489 salutem
1144 2422 1231 2496 dari,
1257 2427 1290 2491 et
1313 2422 1373 2488 sibi

188 2551 322 2635 aliquod
345 2550 462 2636 dogma
485 2547 586 2636 fingat
609 2553 735 2635 oportet
761 2555 797 2614 ut
827 2552 942 2616 iustam
967 2569 1045 2616 suae
1067 2549 1272 2616 discessionis
1295 2571 1374 2616 cau·

190 2696 263 2741 sam
286 2675 410 2740 habere
432 2673 592 2740 videatur.

255 2785 257 2788 ⁵
284 2802 360 2867 335.
384 2801 535 2867 Ecclesia
557 2801 590 2864 in
614 2800 679 2865 suis
701 2802 813 2886 poeuis
837 2798 1014 2866 inferendis
1043 2819 1107 2864 non
1132 2799 1235 2866 solum
1259 2820 1374 2867 corro-

189 2929 333 2993 ctionem
357 2926 493 2993 attendit
516 2945 657 2998 reorum,
675 2923 731 2991 sed
747 2931 780 2991 et
794 2924 932 2990 aliorum
955 2927 1263 3010 praeservationem.
1280 2925 1374 2993 Unde

192 3049 442 3136 prudentissime
458 3053 551 3115 cavet
574 3054 606 3114 et
621 3047 759 3114 sollicite
778 3047 934 3134 invigilat,
951 3051 1077 3115 statutis
1101 3068 1227 3134 quoque
1249 3052 1372 3136 poenis,

192 3193 237 3238 ne
260 3175 500 3241 haereticorum
523 3173 598 3239 libri
621 3172 759 3240 edantur
781 3173 998 3258 ablegantur.
1024 3173 1202 3238 Praeterea
1222 3174 1309 3240 iubet
1331 3195 1374 3240 ne

188 3298 347 3364 catholici
370 3300 517 3364 homines
539 3298 576 3363 in
600 3296 724 3364 diaiais
739 3299 936 3383 potissimum
961 3301 1197 3364 communicent
1214 3319 1286 3364 cum
1302 3319 1374 3365 aca-

189 3421 340 3498 tholicis;
365 3441 458 3488 secus
475 3423 559 3487 enim
578 3421 723 3486 haeresis
740 3423 889 3507 contagio
913 3419 1109 3504 inficiuntur,
1127 3424 1202 3489 item
1226 3424 1316 3490 iubet
1332 3445 1374 3490 ne
1405 3509 1407 3514 ,

189 3563 268 3608 curn
291 3541 472 3610 infidelibus
488 3564 523 3609 se
539 3544 777 3610 commisceant.
798 3577 814 3592 -
833 3540 919 3609 Prae
935 3545 1046 3630 primis
1061 3564 1194 3632 agamus
1210 3545 1250 3612 de
1266 3549 1375 3633 prohi-

192 3666 316 3734 bitione
340 3675 373 3735 et
395 3689 534 3736 censura
556 3645 723 3734 librorum.
