3226 5106
528 334 572 381 na
596 333 753 381 nenrcrrs
776 335 819 382 ar
843 335 962 382 nonnis
1290 315 1335 383 99

241 459 295 524 66.
321 459 384 526 Sed
408 479 450 524 ex
474 458 567 525 dictis
590 464 736 524 statuere
752 458 913 534 debemus,
931 479 971 524 an
997 467 1029 526 et
1052 479 1190 544 quanam
1207 462 1335 525 ratione

146 582 335 667 negandum
360 583 411 657 sit,
423 587 649 666 praeceptum
664 582 788 648 resolvi
803 583 952 649 resoluta
963 583 1208 665 praecipientis
1223 589 1334 651 aucto

243 831 672 945 UQdmittit..
677 832 798 906 Suarez
832 832 851 897 l.
882 852 907 903 c
932 851 966 897 a
992 833 1102 914 laec
1131 831 1187 897 alii
1222 853 1347 907 omnes.

148 960 232 1024 Dect
220 965 318 1034 tores,
350 965 586 1076 praeceptum„
584 957 625 1054 ab
656 959 840 1048 Episcopo.
841 958 1333 1045 lactumjmgulampersonae

148 1082 281 1154 durare
300 1085 368 1148 eius
385 1089 532 1148 cessante
549 1046 786 1158 iurisdictione
795 1083 1139 1168 qmtiescutuuueipse
1155 1085 1334 1169 praecipiat

149 1179 332 1272 huiusmodi
358 1210 537 1306 intentione
553 1205 752 1272 sufficienter
769 1227 925 1294 expressa
941 1213 973 1274 et
988 1205 1185 1293 significata;
1210 1209 1334 1274 scilicet

125 687 126 690 Ἴ
146 709 261 775 ritate.

150 1311 346 1416 od'lffgandi
341 1331 547 1397 absolutam
573 1337 735 1397 certumt
735 1351 858 1417 empus;
875 1351 949 1395 nam
973 1333 998 1396 si
1023 1351 1134 1396 omnes
1165 1332 1237 1416 lege
1255 1332 1331 1404 lata,

120 1453 122 1458 ’
150 1455 298 1541 obligare
324 1456 421 1537 valet,
446 1456 546 1520 multo
570 1456 673 1541 magis
697 1457 762 1519 suis
785 1460 940 1540 praecept
941 1457 976 1527 is
1001 1455 1153 1540 singulos

242 1580 432 1665 alueoque
452 1582 583 1688 propius
599 1581 638 1645 ad
656 1587 799 1646 nostram
824 1587 938 1664 quaest
939 1582 1044 1645 ionem
1072 1581 1273 1655 accedamus
1290 1581 1334 1646 di-

151 1707 272 1790 stingui
296 1703 414 1769 debent
400 1709 612 1791 tpraecepta
634 1725 717 1788 quae
741 1703 822 1770 liunt
841 1705 881 1770 ab
899 1707 1056 1792 Episcopo
1080 1706 1224 1810 singulis
1242 1709 1333 1794 quasi

150 1840 308 1920 pracepla
332 1833 536 1900 morutiat
504 1839 536 1896 et
559 1853 619 1917 pro
641 1832 720 1914 soro
744 1832 877 1898 interno
901 1852 921 1897 a
926 1837 1096 1928 praecept
1098 1834 1124 1898 is
1140 1852 1229 1926 quae
1253 1831 1334 1899 fiunt

150 1977 211 2042 pro
237 1956 315 2038 soro
340 1962 492 2026 esterno
518 1934 789 2020 denunciatat
735 1962 810 2020 actu
833 1956 968 2020 solemni
991 1960 1047 2020 aut
1034 1955 1197 2020 tformali
1223 1958 1334 2022 euriae

149 2082 234 2146 adeo
266 2063 307 2145 ut
331 2055 424 2165 apud
432 2043 539 2144 huius
563 2055 790 2144 cancellariam
816 2061 944 2165 praesto
972 2081 1038 2145 sint
1063 2079 1270 2166 probationes
1294 2081 1334 2147 de

150 2207 221 2272 fact
208 2211 241 2272 to
261 2210 435 2292 praecepto
459 2209 491 2270 et
515 2204 554 2270 de
579 2205 646 2270 eius
670 2204 809 2270 adiunct
788 2211 839 2270 t.1s
856 2205 946 2272 Tunc
970 2207 1054 2269 enim
1071 2207 1139 2270 sive
1156 2207 1333 2292 Episcopus

149 2333 309 2396 moriatur
343 2332 412 2396 sive
446 2329 666 2396 transferetur
701 2331 768 2394 sive
804 2331 873 2395 eius
906 2329 1081 2396 iurisdictio
1118 2331 1333 2417 suspendatur

149 2461 327 2543 praecepta
351 2475 415 2520 non
440 2454 557 2518 exinde
581 2473 670 2518 suam
695 2455 845 2520 amittunt
866 2456 941 2518 vim.

244 2580 337 2644 Ratio
361 2577 574 2644 distinctionis
589 2579 676 2642 inter
692 2599 790 2642 unum
806 2583 839 2642 et
855 2577 939 2642 aliud
957 2583 1205 2663 praeceptorum
1229 2601 1332 2666 genus

148 2711 201 2770 est
224 2705 425 2778 necessaria;
451 2703 526 2787 quia
549 2705 726 2789 Episcopus
750 2722 837 2776 sane,
855 2721 918 2786 qua
940 2705 1117 2767 animarum
1133 2707 1253 2788 pastor,
1270 2708 1332 2770 sin-

148 2830 236 2915 gulis
260 2829 378 2913 aliquid
402 2831 593 2916 praecipere
617 2829 705 2894 valet
728 2827 812 2913 quod
834 2827 950 2894 limites
975 2849 1040 2892 non
1065 2829 1251 2913 egrediatur
1267 2829 1332 2896 fori

148 2955 271 3018 interni
299 2959 331 3018 et
352 2953 427 3018 boni
451 2955 587 3039 privati;
612 2953 758 3037 quodque
774 2953 912 3038 pendeat
935 2953 975 3018 ab
999 2955 1067 3019 eius
1092 2961 1170 3020 nutu
1194 2959 1227 3020 et
1249 2954 1333 3020 arbi-

149 3077 232 3150 trio;
257 3095 314 3140 seu
338 3075 433 3141 duret
457 3077 503 3141 ac
526 3076 598 3142 eius
622 3075 868 3157 beneplacitum
900 3077 944 3140 uti
972 3077 1054 3141 solet
1077 3079 1187 3142 caveri
1215 3079 1247 3142 in
1271 3078 1332 3143 hu·

149 3199 286 3265 iusmodi
308 3201 498 3284 praeceptis
522 3200 676 3281 serendis,
693 3199 902 3282 quamobrem
927 3199 1070 3265 resoluta
1094 3203 1178 3267 illius
1195 3205 1333 3268 auctori·

148 3331 228 3405 tate,
252 3333 358 3392 cessat
380 3331 588 3411 praeceptum
613 3329 646 3389 et
670 3325 836 3389 evanescit
859 3343 964 3408 poena
996 3323 1081 3388 forte
1112 3325 1241 3390 adnexa
1271 3326 1331 3392 nisi

148 3451 247 3538 plane
272 3453 333 3515 iam
357 3451 456 3517 fuerit
480 3453 619 3515 incursa.
648 3487 665 3498 -
691 3449 753 3515 Sed
777 3455 950 3535 praeterea
973 3451 1151 3536 Episcopus
1171 3457 1219 3516 est
1235 3449 1332 3517 iudex

149 3574 335 3640 ordinarius
359 3576 392 3640 in
415 3573 486 3638 foro
511 3581 658 3656 externo,
682 3574 724 3638 ad
747 3574 955 3660 applicandas
978 3575 1067 3661 leges
1091 3577 1159 3640 sive
1189 3576 1330 3664 discipli-

149 3721 248 3766 nares
279 3701 347 3766 sive
379 3701 579 3774 criminales,
607 3700 756 3765 adhibita
789 3705 880 3766 certa
902 3699 1100 3785 procedendi
1124 3703 1249 3767 ratione
1273 3722 1332 3786 pro
1361 3761 1365 3769 .

148 3827 344 3891 necessitate
369 3825 488 3910 publici
517 3825 684 3912 regiminis
706 3824 769 3912 (l)3
793 3829 825 3890 et
851 3832 1035 3910 praecepta,
1060 3827 1255 3901 sententiae,
1281 3826 1333 3892 de-

146 4021 329 4091 applicabilis
341 4021 378 4073 ud
396 4021 557 4090 scapulares
570 4023 654 4090 fines,
674 4031 699 4073 et
719 4021 873 4073 seeundum
891 4022 943 4099 hoc
961 4022 1044 4074 atium
1062 4024 1098 4075 de
1107 4023 1332 4091 particularibus

145 4127 314 4199 quibusdum
331 4137 482 4197 praecepta
495 4131 601 4181 dantur
613 4141 637 4183 ι).
659 4127 806 4192 Nimirum,
820 4125 970 4198 aliquando
985 4127 1034 4183 lea
1048 4128 1207 4182 executioni
1219 4127 1331 4182 deman·

146 4235 230 4289 datur
249 4252 299 4304 per
313 4245 499 4306 pracceptum
519 4234 605 4288 alicui
626 4234 760 4303 peculiari
780 4235 836 4289 civi
855 4235 1024 4289 lautumiis.
1040 4235 1141 4288 Suarez
1157 4235 1174 4288 l.
1193 4254 1214 4289 o.
1235 4253 1261 4288 n.
1286 4237 1329 4289 10.

240 4341 279 4408 (l)
300 4340 359 4394 Hae
378 4339 412 4394 de
432 4357 515 4394 causa
539 4339 586 4394 cit.
612 4341 678 4394 lnst.
699 4340 724 4394 S.
745 4341 774 4394 C.
796 4341 850 4394 EE.
870 4345 899 4395 et
918 4341 977 4395 RR.
998 4341 1076 4395 iubet
1096 4342 1237 4409 praemitti
1256 4358 1332 4396 sum·

145 4450 268 4502 mariam
287 4450 358 4517 facti
375 4446 561 4516 sepultionem
581 4447 738 4516 praeceptis
758 4463 774 4498 a
793 4447 894 4518 quibus
913 4446 1049 4516 appellari
1067 4451 1167 4516 potest.
