3266 5102
303 299 368 366 132
824 321 908 368 enus
932 320 954 367 1.

302 443 348 509 tit.
365 443 402 510 in
418 443 449 520 6,
467 443 520 517 ait,
545 445 579 508 in
598 464 730 530 genere,
755 465 837 530 quae
861 445 902 510 de
925 445 1258 512 excommunicatione
1274 448 1395 510 statuta
1409 445 1481 510 fue·

303 573 388 640 runt,
408 569 545 654 intelligi
561 568 666 635 edicta
685 569 785 636 fuisse
809 572 905 635 etiam
929 570 969 635 de
992 569 1212 653 suspensione
1235 575 1267 635 et
1289 569 1480 636 interdicto.

392 696 541 760 Iamvero
569 693 599 782 l)
624 715 763 760 censura
779 701 829 762 est
843 696 961 782 prauis
980 713 1104 778 poena,
1122 693 1328 760 decernenda
1350 697 1384 758 in
1407 713 1483 780 gra·

300 819 394 882 viora
418 820 554 883 crimina
577 839 728 884 seucum
751 820 853 885 subsit
869 820 963 905 culpa
983 820 1091 885 letalis
1107 818 1169 906 (l);
1186 823 1220 884 at
1243 838 1383 884 censura
1405 839 1482 882 cum

301 943 344 1008 sit
365 943 577 1009 medicinalis
601 963 666 1008 non
687 945 803 1028 privat
826 945 918 1010 bonis
941 944 998 1010 sed
1021 949 1145 1010 tantum
1168 964 1234 1010 usu
1257 943 1433 1019 bonorum;

390 1067 424 1154 2)
449 1073 619 1154 praeterea
643 1071 751 1155 privat
773 1053 838 1138 usu
862 1089 927 1135 non
951 1071 984 1134 in
1008 1076 1199 1155 perpetuum
1223 1069 1280 1134 sed
1303 1070 1337 1133 in
1352 1075 1483 1154 tempus

249 1243 257 1258 „
302 1194 602 1277 indeterminatum,
627 1195 729 1260 donec
757 1199 948 1262 censuratus
979 1197 1169 1280 resipuerit,
1195 1214 1252 1260 scu
1268 1213 1433 1278 quousque
1459 1214 1483 1256 a

302 1317 461 1402 spirituali
483 1317 596 1382 morbo
620 1320 871 1391 convaluerite
909 1319 1209 1399 excommunicatio,
1233 1319 1304 1384 aliis
1332 1318 1484 1383 censuris

302 1441 399 1526 longe
422 1443 564 1526 gravior,
582 1443 629 1508 ad
644 1447 776 1525 tempus
799 1443 881 1508 ferri
904 1441 1079 1508 nullimode
1102 1447 1223 1528 potest;
1248 1442 1423 1525 suspensio
1446 1447 1483 1506 et

301 1566 518 1632 interdictum
541 1566 714 1650 aliquando
738 1567 890 1633 feruntur
913 1569 950 1633 in
966 1574 1098 1650 tenipus
1121 1567 1397 1640 determinatum,
1422 1565 1483 1631 sed

301 1694 379 1753 tunc
402 1693 476 1754 suut
496 1707 628 1772 poenae
649 1690 792 1772 proprie
814 1690 932 1756 dictae.

390 1813 424 1898 3)
442 1813 524 1888 Quia
539 1833 684 1899 quaeque
700 1835 839 1880 censura
855 1821 904 1880 est
919 1835 1024 1901 poena
1039 1818 1172 1901 gravior
1185 1815 1242 1880 sed
1255 1812 1480 1894 medicinalis,

299 1939 431 2023 speciali
455 1938 668 2004 sollicitudine
692 1940 875 2025 applicatur
891 1941 1073 2005 criminosis
1097 1941 1239 2025 quinon
1263 1942 1484 2004 censurantur

301 2063 362 2128 nisi
393 2067 490 2127 antea
520 2068 645 2128 constet
675 2066 761 2149 ipsos
791 2065 1028 2148 conternpsisse
1059 2085 1230 2130 censuram
1261 2083 1319 2129 seu
1345 2063 1484 2127 laesisse

299 2186 406 2272 legem
429 2187 481 2252 vel
504 2193 722 2272 praeceptum,
745 2189 836 2253 nihili
860 2189 1017 2255 facientes
1041 2191 1265 2254 comminatam
1290 2205 1481 2253 censuram:

300 2314 463 2378 contemni
486 2319 593 2378 autem
617 2333 680 2377 non
705 2319 810 2399 potest
834 2315 895 2378 nisi
919 2314 1003 2398 quod
1026 2316 1247 2400 cognoscitur;
1264 2313 1350 2377 unde
1369 2332 1483 2377 acon·

300 2441 423 2522 temptu
446 2457 613 2512 censurae,
639 2439 802 2504 criminosi
831 2459 971 2504 censura
992 2439 1163 2524 puniendi,
1188 2439 1339 2504 dicuntur
1362 2443 1486 2504 contac-

300 2581 423 2630 maces.

390 2686 423 2771 4)
451 2685 619 2760 Quaerunt
647 2687 721 2758 BD„
747 2687 792 2751 uti
822 2685 936 2751 videre
966 2692 1015 2751 est
1041 2686 1125 2771 apud
1155 2686 1284 2758 Suarez.
1308 2683 1363 2750 De
1390 2702 1481 2749 cens.

300 2811 368 2893 ΠΙ,
385 2811 416 2888 8,
434 2811 466 2884 4,
484 2831 525 2874 an
550 2811 647 2896 plecti
671 2811 779 2876 valeat
798 2813 945 2878 censuris
969 2811 1012 2878 ab
1036 2812 1170 2879 homine
1193 2813 1315 2877 crimen
1340 2813 1404 2875 iam
1427 2829 1483 2894 pa·

299 2940 437 3010 tratum;
462 2941 495 3000 et
517 2935 601 3001 ratio
619 2935 783 3001 dubitandi
800 2941 857 3009 est,
884 2937 959 3020 quia
981 2935 1109 3001 videtur
1123 2957 1189 3001 non
1203 2955 1297 3020 posse
1313 2933 1377 3000 dici
1400 2953 1482 3002 con-

301 3063 423 3123 tumen
440 3057 493 3122 ille
509 3059 562 3142 qui
580 3064 793 3124 contemnere
808 3079 874 3123 non
889 3059 992 3123 valuit
1007 3077 1177 3124 censuram
1194 3075 1277 3139 quae
1291 3077 1356 3122 non
1371 3057 1484 3122 suerat

299 3181 366 3246 lata
389 3179 516 3266 (nempe
539 3201 559 3244 a
581 3181 658 3246 iure
679 3181 732 3246 vel
756 3181 796 3246 ab
821 3182 967 3263 homine)
996 3187 1141 3266 tempore
1173 3181 1292 3266 patrati
1322 3182 1481 3246 criminis.

301 3305 513 3371 Nihilominus
544 3326 624 3371 vera
654 3309 814 3374 sententia
844 3313 894 3372 est
925 3327 1006 3391 quae
1038 3307 1204 3392 distinguit
1238 3307 1324 3371 inter
1355 3307 1483 3372 crimen

301 3431 499 3497 continuum
515 3452 572 3496 seu
588 3431 712 3497 habens
730 3438 875 3498 tructione
891 3433 1115 3500 successivum
1122 3451 1136 3515 ;
1152 3437 1184 3497 et
1200 3433 1326 3496 crimen
1349 3431 1483 3495 omniuo

301 3561 512 3621 transactum
543 3576 599 3622 sen
630 3557 806 3623 nullimode
837 3558 1044 3624 continuum.
1078 3559 1158 3622 Nam
1194 3557 1318 3622 crimen
1350 3555 1485 3620 omniuo

389 3803 428 3875 (l)
449 3803 534 3856 Notat
553 3801 654 3858 Suarez
673 3803 720 3869 IV,
734 3805 759 3869 4,
775 3805 802 3869 2,
821 3820 966 3858 censuram
986 3805 1121 3858 leviorem
1139 3820 1188 3857 scu
1205 3819 1277 3873 quae
1296 3800 1427 3871 prohibet
1445 3803 1483 3856 ab

300 3927 352 3964 usu
371 3910 439 3964 iuris
459 3927 513 3964 non
533 3911 669 3980 gravioris
689 3911 822 3964 momenti
836 3927 916 3980 posse
935 3911 1023 3980 infligi
1042 3911 1128 3964 etium
1146 3912 1181 3964 ob
1200 3909 1312 3980 culpam
1330 3911 1483 3976 venialem,

300 4016 376 4070 Haec
395 4016 536 4070 conclusio
555 4032 609 4070 uon
627 4017 737 4072 videtur
755 4016 835 4083 salsa,
854 4017 902 4072 sad
920 4034 1000 4070 casus
1018 4033 1085 4072 sane
1103 4033 1158 4072 non
1182 4019 1225 4071 est
1247 4017 1405 4087 practicus,
1423 4016 1483 4070 sal·

300 4125 357 4178 tem
376 4122 464 4193 quoad
484 4121 631 4176 hodiernae
650 4121 822 4176 conditiones
841 4122 984 4176 societatis
1003 4121 1180 4188 christianae,
1198 4122 1226 4175 iu
1245 4138 1301 4193 qua
1314 4139 1452 4177 cerasus-ea
1464 4137 1483 4174 a

301 4227 413 4296 publica
431 4228 598 4282 auctoritate
618 4237 697 4281 caute
723 4227 828 4295 imponi
847 4227 949 4281 debent
967 4231 996 4282 et
1014 4228 1049 4281 ob
1069 4245 1170 4297 preces
1189 4227 1294 4297 ciilpas.
1314 4227 1407 4289 Quare
1425 4243 1483 4282 non

300 4334 442 4388 videretur
460 4334 600 4404 probanda
619 4333 718 4403 agendi
733 4333 805 4386 ratio
820 4333 948 4404 Episcopi
968 4335 1024 4404 qui,
1036 4336 1071 4388 ob
1089 4351 1143 4388 uon
1162 4351 1276 4404 gravem
1290 4334 1412 4404 culpam,
1425 4334 1483 4389 cle·

302 4440 390 4494 ricum
409 4441 590 4510 suspensione
607 4437 766 4492 mulctaret.
