3296 5108
331 308 395 373 384
850 326 932 372 rans
957 326 978 371 1.

329 449 385 516 sed
412 449 451 514 ab
478 451 541 515 alio
569 452 740 535 cognitam.
770 487 787 497 -
817 451 959 533 Denique
986 449 1026 514 ob
1052 449 1311 515 similitudinem
1338 447 1502 532 quamdam

329 578 466 642 accessit
492 577 598 648 etiam,
622 596 668 643 cor
694 577 831 660 placitis
854 577 918 640 DD.
943 576 1081 661 bigamia
1108 575 1399 656 similitudinarie,
1423 593 1505 659 quae

329 701 512 767 considerat
526 721 634 767 unum
658 702 840 786 coniugium
865 721 929 765 non
954 702 1095 768 canule
1117 698 1172 765 sed
1196 700 1374 782 spirituale
1394 700 1504 764 initum

329 824 368 890 ob
386 831 568 910 nuncupata
580 829 655 890 vota
670 826 826 890 solemnia
842 826 874 889 in
893 825 1061 910 Religione
1077 830 1132 888 aut
1148 823 1188 888 ob
1205 827 1370 908 susceptos
1385 844 1410 888 s.
1424 822 1505 886 ordi-

328 971 396 1032 nes,
421 953 567 1017 clterum
583 972 662 1016 vero
677 952 859 1037 coniugium
877 951 1009 1017 carnale
1025 955 1225 1016 attentatum
1248 969 1305 1016 seu
1326 949 1448 1014 nullum
1467 948 1506 1015 ob

328 1076 470 1142 solemne
485 1081 593 1142 votum
610 1073 765 1142 castitatis
777 1081 872 1141 antea
886 1075 1046 1140 emissum.
1060 1111 1077 1122 -
1094 1073 1186 1142 Infra
1198 1073 1377 1139 videbimus
1392 1074 1506 1158 quibus

327 1201 489 1286 limitibus,
513 1222 556 1267 ex
571 1203 642 1267 iure
658 1203 803 1288 positivo,
821 1201 1025 1267 contineatur
1041 1199 1181 1286 bigamia
1196 1198 1456 1282 interpretativa
1475 1205 1507 1265 et

328 1345 369 1390 an
384 1325 667 1392 similitudinarie
690 1327 731 1390 sit
749 1325 899 1408 propria
921 1329 977 1389 aut
996 1325 1190 1408 impropria
1205 1324 1433 1409 irregularitas
1450 1321 1505 1407 (l).

417 1449 478 1515 Sed
491 1451 524 1514 in
536 1450 777 1534 irregularitate
789 1449 1047 1531 interpretativa
1063 1453 1096 1513 et
1107 1446 1388 1520 similitudinarie
1404 1449 1506 1534 magis

328 1576 570 1662 perpenderunt
596 1577 760 1650 Doctores,
785 1577 908 1662 ipsique
934 1595 1076 1642 canones
1103 1575 1270 1656 defectum
1297 1580 1353 1640 aut
1375 1576 1506 1642 niman

327 1701 589 1768 incontinentiae
612 1722 707 1787 quam
730 1702 899 1786 desectum
921 1701 1138 1775 armamenti,
1162 1721 1233 1787 arg.
1250 1722 1325 1785 cap.
1342 1702 1365 1765 4
1381 1701 1413 1765 b.
1430 1708 1452 1767 t.

418 1826 544 1891 Exinde
560 1829 635 1910 quia
649 1827 907 1908 interpretativa
922 1825 1062 1911 bigamia
1084 1825 1254 1910 aliquando
1278 1845 1343 1891 non
1367 1825 1507 1890 habetur

328 1952 395 2016 sine
419 1952 535 2018 delicto
559 1957 591 2017 et
613 1950 894 2018 similitudinarie
910 1950 1030 2035 absque
1043 1951 1159 2016 delicto
1176 1970 1218 2016 ne
1234 1951 1416 2035 concipitur
1439 1953 1506 2034 qui-

417 2217 457 2287 (l)
475 2217 505 2271 ln
518 2218 658 2272 sententia
672 2217 725 2271 PP.
740 2217 884 2273 Ecclesiae
903 2218 1048 2273 orientalis
1067 2222 1096 2272 et
1115 2217 1267 2272 Hieronimi
1288 2221 1366 2286 patet
1384 2233 1506 2286 quanam

329 2325 435 2380 ratione
455 2325 500 2378 isti
520 2325 710 2394 opinarentur,
730 2341 778 2394 per
803 2327 971 2395 baptismum
994 2326 1097 2380 auferri
1116 2325 1357 2379 notae-mculam
1378 2323 1506 2378 inolitam

328 2448 376 2500 per
394 2432 531 2486 secundas
544 2433 655 2502 nuptias
668 2433 753 2487 initas
766 2439 830 2488 ante
846 2433 1030 2502 baptismum5
1049 2433 1153 2487 etenim
1167 2431 1249 2486 bomo
1261 2434 1412 2486 moraliter
1425 2448 1508 2486 rena-

327 2541 421 2594 scitur.
436 2569 449 2582 ·
463 2540 521 2594 Hoc
534 2541 624 2610 magis
637 2545 698 2595 erat
717 2546 933 2596 consentaneum
953 2541 1096 2606 doctrinae
1110 2540 1251 2595 Ecclesiae
1269 2540 1416 2594 orientalis
1433 2557 1507 2611 quae

328 2650 368 2704 uti
382 2666 549 2718 magnopere
563 2650 750 2720 reprobandas
766 2666 852 2720 usque
871 2650 1066 2704 condemnavit
1077 2651 1214 2705 secundas
1231 2653 1261 2704 et
1274 2652 1370 2703 tertias
1382 2649 1506 2717 nuptias,

327 2754 405 2824 quasi
426 2757 522 2809 enatus
547 2771 581 2809 ex
607 2755 703 2809 lomite
727 2756 842 2823 peccati.
863 2755 902 2808 ct.
923 2775 945 2809 c.
966 2773 987 2808 c.
1009 2757 1031 2820 l,
1051 2773 1126 2809 caus.
1147 2755 1197 2818 28,
1216 2772 1240 2825 q.
1260 2755 1295 2820 3,·
1316 2754 1344 2820 9,
1364 2771 1440 2808 caus.
1460 2755 1508 2818 31,

327 2880 351 2932 q.
372 2864 394 2916 l.
414 2861 517 2916 Minori
537 2863 732 2932 reprobatione
757 2862 890 2917 secundas
915 2863 1026 2930 nuptias
1052 2866 1197 2932 prosecuta
1219 2866 1261 2916 est
1281 2861 1386 2915 [iceles.
1407 2861 1505 2928 latina,

327 2983 413 3038 quare
431 2967 570 3022 delectum
589 2969 729 3038 bigamiae
749 2969 863 3038 reperiit
883 2969 911 3022 in
930 2971 1042 3041 defectu
1060 2969 1268 3039 significationis
1281 2969 1506 3022 sacramentalis.

328 3073 406 3128 Hanc
424 3075 560 3129 rationem
580 3075 722 3145 explicant
740 3077 825 3131 etiam
846 3076 901 3130 Leo
920 3077 1041 3146 Magnus
1061 3077 1145 3148 Epist.
1160 3078 1196 3130 12
1210 3077 1247 3130 ad
1262 3076 1357 3146 Episc.
1372 3077 1465 3146 Afric.
1479 3079 1508 3129 et

328 3181 478 3251 Gregorius
492 3183 612 3252 Magnus
626 3185 712 3254 Epist.
728 3185 779 3250 54,
794 3186 840 3238 lib.
855 3184 893 3248 ll,
907 3189 935 3239 et
949 3189 1045 3254 postea
1058 3184 1229 3254 amplissime
1245 3183 1351 3238 evolvit
1370 3189 1399 3238 el
1419 3182 1508 3252 appli-

328 3289 374 3340 cat
393 3286 568 3342 Innocentius
587 3288 623 3342 lll
643 3289 671 3343 in
691 3309 712 3344 c.
733 3309 755 3344 c.
775 3289 804 3355 4,
823 3299 850 3344 et
869 3291 899 3356 5,
917 3291 944 3345 lt.
964 3301 980 3343 t.
1003 3291 1038 3344 X.
1056 3289 1087 3360 (l.
1107 3290 1161 3360 35).
1187 3290 1238 3344 llic
1260 3293 1388 3361 defectus
1407 3307 1506 3344 sacra-

327 3399 414 3448 menti
430 3395 564 3464 distingui
583 3395 665 3449 debet
684 3396 718 3448 ab
737 3393 794 3449 alio
812 3413 867 3466 quo
892 3396 1021 3450 laborant
1042 3395 1142 3452 Clinici
1160 3402 1189 3451 el
1207 3397 1354 3467 Neopbyti.
1375 3395 1460 3451 Unde
1479 3397 1506 3449 in

328 3500 453 3555 Ecclesia
466 3501 555 3555 latina
573 3505 694 3572 suspicio
707 3505 922 3558 incontinentiae
934 3505 962 3557 in
976 3521 1042 3558 vere
1054 3505 1174 3574 bigamis
1188 3504 1307 3558 babetur
1320 3505 1360 3558 uti
1375 3506 1449 3559 ratio
1466 3522 1508 3559 se·

328 3608 461 3662 cundaria
479 3613 508 3664 ct
526 3611 695 3676 accessoria3
714 3616 743 3665 et
761 3609 834 3664 hanc
857 3612 950 3680 tangit
968 3611 995 3664 S.
1014 3611 1177 3665 Ambrosius
1196 3613 1225 3664 in
1244 3609 1350 3668 con..4.
1373 3613 1438 3668 dist.
1455 3613 1506 3681 26,

329 3717 420 3772 aiens:
440 3719 611 3778 «Quomodo
637 3729 725 3790 potest
742 3720 868 3774 bortator
893 3737 953 3775 esse
977 3719 1128 3774 riduidatis
1147 3720 1195 3790 qui
1217 3719 1276 3788 ipse
1297 3720 1427 3790 cantapia
1446 3725 1506 3792 frc-

328 3827 488 3900 guentceit?
500 3845 525 3881 a.
545 3827 775 3898 [inpedimentum
799 3829 939 3899 bigamiae
963 3829 1067 3884 aDivo
1092 3829 1180 3883 Paulo
1198 3829 1362 3900 evulgatum
1382 3832 1507 3900 pertinet

329 3935 362 3989 ad
381 3935 424 3988 ius
444 3938 597 3990 humanum
619 3936 767 4006 positivum
786 3953 841 3990 non
861 3951 940 3991 secus
958 3953 990 3990 ac
1009 3936 1187 3991 extensiones
1205 3935 1278 4005 logis
1296 3935 1330 3988 ad
1349 3951 1431 3989 casus
1450 3952 1506 3989 non

329 4043 455 4112 propriae
475 4041 622 4111 bigamiae,
639 4044 809 4098 constitutae
827 4060 877 4113 per
895 4043 1045 4098 Pontifices
1063 4047 1096 4096 ut
1113 4045 1293 4112 praeceptum
1312 4042 1506 4111 Apostolicum

328 4150 418 4219 magis
435 4149 493 4204 late
512 4149 628 4218 vigeret.
649 4150 700 4206 Sed
719 4151 773 4205 fuit
791 4151 889 4204 Glossa
906 4152 940 4205 ad
960 4161 1042 4222 caput
1054 4151 1083 4216 2,
1095 4153 1121 4204 b.
1135 4161 1153 4204 t.
1166 4167 1238 4220 quas
1254 4149 1347 4204 studia
1359 4149 1507 4205 scholasti·

328 4273 422 4312 corum
435 4259 597 4328 obsequuta‚
612 4257 721 4312 induxit
733 4258 874 4329 triplicem
886 4257 1092 4312 distinctionem
1106 4257 1262 4326 bigamiae3
1275 4255 1330 4310 imo
1342 4254 1505 4311 scholastici

328 4370 357 4420 et
370 4365 535 4434 pragmatici
550 4382 635 4436 usqne
648 4366 681 4420 ad
695 4376 800 4436 septem
812 4371 993 4419 numerarunt
1005 4364 1145 4433 bigamiae
1158 4363 1273 4433 species.
1287 4362 1327 4416 ct.
1339 4362 1505 4428 Formosini‚

335 4471 427 4527 Tract.
446 4474 481 4528 dc
500 4475 544 4544 effi
565 4483 591 4528 et
610 4472 706 4526 sacris.
720 4469 758 4524 II.
785 4470 836 4524 Tit.
849 4473 894 4538 el,
912 4472 950 4525 ad
969 4472 1082 4526 Rubrio.
1102 4488 1126 4541 q.
1140 4470 1182 4535 2,:
1204 4467 1337 4539 Philipps.
1353 4469 1372 4522 l.
1386 4486 1409 4522 c.
1423 4472 1441 4534 ἕ
1457 4469 1505 4521 51.
