3290 5100
556 329 600 375 ns
624 329 777 377 usmarus
802 330 844 376 ar
868 329 987 376 roaurs
1295 311 1356 376 491

183 452 332 518 ventibus
354 453 608 518 acatholicorum
628 455 789 535 intersint,
806 458 861 519 aut
884 453 910 518 si
933 455 1004 537 quis
1028 453 1125 518 funus
1147 453 1242 520 amici
1266 455 1361 520 comi-

182 582 279 651 tetur,
304 576 473 644 dummodo
496 578 529 643 id
551 576 607 645 fiat
629 579 749 664 absque
773 579 839 644 ulla
862 579 973 646 action
999 581 1245 666 participatione
1269 582 1302 646 111
1326 583 1363 647 li·

183 704 294 790 turgia
307 704 496 770 acatholicis
511 705 644 790 propria
663 712 696 771 et
711 706 855 770 solemni.
875 705 950 771 ideo
968 705 1066 771 Clam.
1084 707 1133 770 XI
1152 706 1362 773 missionariis

184 833 353 898 catholicis
383 835 529 918 permisit
551 834 721 899 celebrare
751 833 882 898 Missam
907 835 940 898 in
963 835 1090 918 templis
1120 836 1361 904 haereticorum

184 976 241 1022 seu
271 957 549 1023 schismaticorum
574 959 607 1022 in
631 957 819 1042 Aethiopia:
847 957 895 1022 ad
924 955 1062 1038 facilius
1088 962 1362 1042 promovendam

184 1097 304 1145 comam
327 1080 591 1147 conversionem.
609 1115 627 1130 -
645 1080 692 1147 cf.
718 1082 765 1145 De
781 1080 925 1166 Angelis,
952 1081 1002 1146 De
1021 1081 1207 1166 haerena-is,
1227 1103 1263 1166 p.
1283 1084 1362 1164 197,

185 1209 218 1268 01
239 1204 395 1278 Aichner,
421 1223 476 1287 op.
502 1206 555 1272 cit.
575 1225 612 1288 p.
636 1205 714 1270 160.

274 1329 395 1394 42611
419 1335 534 1395 00111111
557 1330 635 1395 illud
659 1330 743 1415 quod
767 1331 931 1397 ordinario
956 1337 1005 1397 est
1024 1333 1226 1417 permissum,
1252 1333 1361 1406 veluti,

184 1455 380 1521 curiositatis
392 1474 499 1536 causa,
511 1455 653 1522 invisere
668 1457 788 1544 templa
802 1457 1040 1522 haereticorum
1057 1457 1184 1542 quando
1201 1479 1265 1524 non
1281 1460 1363 1525 cele·

185 1577 321 1642 brantur
332 1598 437 1658 sacra,
450 1578 567 1644 alicubi
582 1582 633 1644 est
648 1579 844 1664 prohibitum
860 1579 901 1645 ob
917 1581 1073 1666 speciales
1090 1582 1242 1654 rationes,
1255 1582 1360 1667 prouti

185 1702 305 1768 iactum
329 1707 378 1769 est
400 1702 475 1767 heic
498 1703 620 1767 Romae
647 1721 707 1787 per
732 1703 983 1769 Instructionem
1008 1703 1259 1770 Eminentissimi
1284 1705 1361 1770 Oar-

184 1824 300 1890 dinalis
318 1826 443 1891 1100111
467 1824 591 1891 directa
615 1825 772 1896 Perochis
796 1826 851 1891 die
872 1826 916 1890 12
940 1827 1143 1908 1111111878,
1168 1828 1298 1910 inqua,
1323 1826 1362 1892 de

185 1949 334 2014 mandato
363 1946 484 2015 Summi
514 1947 698 2022 Pontificis,
733 1949 938 2022 decernitur,
969 1969 1034 2014 non
1065 1950 1167 2018 solum
1190 1950 1224 2014 in
1247 1950 1363 2016 divinis

185 2072 306 2138 nullam
328 2092 401 2137 cum
425 2071 614 2136 acatholicis
638 2072 960 2138 communicationem
975 2073 1165 2157 permissam
1190 2093 1277 2149 esse;
1301 2093 1361 2139 uec

184 2217 298 2263 eorum
321 2197 435 2270 sectis,
460 2215 662 2280 quacumque
690 2195 729 2260 de
759 2215 875 2277 causa,
907 2215 1023 2260 nomen
1056 2196 1135 2262 dare
1164 2197 1282 2271 licere,
1306 2197 1362 2264 sed

186 2341 291 2406 neque
313 2341 406 2386 mera
428 2323 615 2386 curiositate
641 2322 761 2407 templa
792 2323 1034 2388 haereticorum
1059 2323 1186 2409 ingredi
1210 2323 1258 2388 ias
1282 2344 1362 2396 esse,

158 2419 332 2532 ¹tompore
357 2446 579 2520 collationum,
604 2452 661 2512 aut
689 2467 800 2512 earum
825 2449 1031 2514 invitationes
1052 2451 1140 2534 typis
1166 2449 1362 2533 imprimere,

185 2575 240 2634 aut
253 2569 374 2655 templa
396 2575 585 2636 construere
600 2573 656 2634 aut
671 2565 827 2645 reflcere;
844 2569 974 2635 ethaeo
991 2571 1098 2634 ornnia
1114 2569 1281 2656 prohiberi
1301 2570 1364 2640 sao

184 2695 535 2762 cacommnnicattone
557 2695 698 2779 speciali
712 2696 815 2762 modo
832 2694 949 2778 Papae
971 2701 1158 2762 reseruata.
1177 2732 1195 2744 -
1212 2696 1259 2762 Ol.
1277 2695 1364 2762 Acta

186 2822 220 2888 S.
238 2821 345 2896 Sedis,
374 2819 443 2888 Vol.
468 2822 514 2896 11,
538 2841 572 2904 p.
596 2820 671 2887 168.

275 2945 350 3010 427.
375 2945 567 3038 Specialiter
590 2945 623 3009 in
647 2946 718 3009 11110
741 2944 861 3028 aliquid
884 2951 1014 3012 cautum
1038 2949 1087 3010 est
1110 2945 1201 3010 circa
1222 2943 1363 3030 disputa-

185 3071 304 3135 tionem
328 3091 400 3136 cum
424 3070 608 3135 haereticis.
634 3070 705 3134 Nan
728 3071 761 3133 iu
786 3089 858 3154 cap.
875 3069 910 3142 2,
936 3069 967 3133 11.
993 3077 1013 3134 1.
1038 3069 1103 3152 §L
1129 3070 1161 3134 X
1177 3067 1232 3154 (V,
1249 3069 1282 3154 7)
1298 3075 1364 3134 sta·

184 3195 302 3260 tuitur:
329 3195 560 3276 ‹Inhibemus
585 3213 711 3278 quoque
734 3215 776 3260 ne
798 3195 946 3278 cuiquam
970 3195 1073 3260 laicae
1092 3215 1252 3282 personae
1267 3197 1366 3264 liceat

184 3318 311 3402 publice
327 3320 381 3384 rel
396 3320 547 3405 privatim
563 3316 680 3384 deiide
697 3319 857 3384 catholica
872 3317 1046 3405 disputare.
1063 3320 1125 3395 Qui
1147 3340 1226 3385 vero
1251 3324 1366 3385 contra

184 3445 301 3512 fecerit
317 3444 659 3511 excommunicationis
682 3445 798 3529 laqueo
823 3444 1044 3511 innodetur).
1069 3446 1108 3510 111
1131 3464 1206 3528 cap.
1222 3445 1276 3520 12,
1294 3444 1324 3508 11.
1341 3449 1363 3509 1.

183 3570 274 3636 laicis
286 3569 452 3635 inhibetur
464 3569 656 3654 praedicare
668 3568 854 3635 haereticis.
865 3570 1018 3634 ·Verum
1030 3589 1090 3655 pro
1104 3569 1183 3634 locis
1196 3569 1249 3634 ubi
1258 3569 1365 3635 catho-

184 3694 238 3759 lici
254 3714 326 3759 cum
341 3693 532 3760 acatholicis
550 3694 664 3759 vivunt
686 3693 848 3778 permixti,
867 3692 1064 3758 consuetudo
1080 3693 1243 3778 paulisper
1264 3693 1364 3758 arnol·

184 3816 255 3882 livit
278 3816 363 3881 hanc
378 3815 637 3900 prohibitionem,
656 3834 727 3880 cum
746 3815 889 3898 privata
905 3815 1076 3901 disputatio
1098 3835 1171 3894 cum
1191 3814 1365 3882 haereticis

184 3940 302 4026 passim
318 3959 495 4005 occurrere
510 3938 610 4024 possit
626 3941 660 4003 et
675 3938 701 4002 si
713 3939 765 4003 vir
781 3937 903 4021 doctus,
916 3939 1016 4004 veluti
1033 3938 1141 4005 laicus
1157 3940 1292 4004 scientia
1304 3941 1365 4005 lte·

183 4064 312 4151 ligionis
335 4064 593 4138 commendatus,
617 4064 705 4129 hanc
728 4063 977 4149 disputationem
1001 4067 1185 4144 recusaret,
1213 4063 1364 4129 scandalo

183 4193 218 4253 et
239 4188 383 4256 dicteriis
406 4208 471 4253 non
495 4188 595 4254 semel
612 4186 1014 4273 occasionem'praeberet.
1033 4186 1213 4273 Disputatio
1224 4187 1365 4271 publica

183 4332 264 4377 vero
293 4314 364 4378 sine
393 4314 490 4378 venia
518 4312 721 4379 auctoritatis
753 4313 1003 4386 ecclesiasticae,
1028 4311 1069 4378 ob
1096 4315 1187 4378 actus
1218 4312 1364 4378 solemni·

184 4439 294 4521 1110111,
318 4437 407 4516 111100ι
424 4457 566 4522 unquam
590 4435 806 4522 permittenda
829 4441 887 4504 est.
