3296 5108
309 355 376 419 374
839 372 923 420 ruas
947 373 969 418 1.

313 497 601 564 ‹Omnntaednnt
624 494 731 565 SSmo
751 517 819 580 pro
844 495 1096 580 dispensatione
1126 501 1158 560 et
1188 493 1421 561 tooititotione
1442 494 1490 558 od

307 643 350 688 ss.
377 623 515 688 ordines
531 643 637 708 usqne
652 623 699 688 od
713 623 985 709 presbyteratum
1000 621 1164 688 inclnsioe
1179 623 1283 688 etiam
1300 622 1346 686 od
1363 621 1491 686 Missae

309 748 567 815 celebrationem
589 749 626 813 in
653 749 804 816 oratorio
830 755 944 814 tomen
963 749 1100 832 privato
1124 753 1257 814 tontum
1280 753 1311 814 et
1334 747 1371 812 in
1386 747 1491 811 attari

305 871 469 954 panem
491 869 635 937 arbitrio
659 865 916 954 Arcnmnmpi
931 891 1010 936 enm
1025 870 1166 938 consilio
1189 869 1489 936 coeremonionem

308 995 466 1081 nmqistri
481 993 707 1079 approbando
725 996 818 1080 qnod
833 997 1010 1062 connectat
1029 995 1211 1079 peasittitoti
1234 995 1386 1062 eiusdem
1403 993 1489 1098 θνᾳ-

309 1119 391 1184 toris
403 1126 433 1185 et
445 1140 523 1186 anm
533 1120 742 1186 indumentis
757 1121 868 1186 eidem
883 1121 980 1204 aptis.
996 1141 1062 1206 per
1079 1121 1187 1187 Breve
1204 1119 1444 1204 famellationm
1456 1140 1489 1182 ι.

311 1243 391 1308 Item
415 1245 447 1308 in
471 1244 502 1311 S.
524 1245 672 1329 Agathae
696 1245 875 1310 Gothorum
898 1245 954 1310 die
976 1246 1018 1309 14
1035 1244 1188 1312 Decemb.
1211 1243 1309 1310 1844.

397 1369 472 1434 286.
498 1372 555 1438 Isti
572 1371 674 1436 etalii
691 1370 871 1436 huiusmodi
888 1369 992 1435 morbi
1008 1377 1063 1435 aut
1086 1370 1233 1436 defectus
1252 1375 1355 1436 totum
1371 1389 1491 1454 corpus

308 1495 353 1560 ita
368 1492 512 1560 afficiunt
535 1500 571 1561 ut
593 1495 754 1560 hominem
773 1494 909 1560 reddant
924 1493 1103 1560 deformem
1119 1502 1176 1561 aut
1191 1499 1413 1581 aegrotantem
1432 1501 1491 1559 aut

308 1617 388 1683 alias
403 1619 546 1704 ineptum
562 1641 587 1684 s.
605 1621 792 1684 ministerio.
812 1655 829 1666 -
847 1619 975 1684 Exinde
990 1619 1194 1704 repelluntur
1208 1639 1229 1684 a
1243 1641 1269 1685 s.
1286 1619 1491 1684 ordinatione

309 1744 363 1826 qui
385 1743 505 1829 syphili
529 1741 638 1830 (vulgo
668 1744 780 1810 morbo
809 1744 945 1830 pollice)
970 1745 1129 1827 laborant,
1152 1747 1206 1830 qui
1237 1745 1345 1810 nimiis
1376 1745 1492 1830 eapitis

309 1867 471 1934 doloribus
495 1875 696 1954 torquentur,
721 1869 850 1954 leprosi.
875 1869 1039 1944 abstemii;
1063 1891 1133 1956 arg.
1159 1891 1185 1936 o.
1204 1891 1232 1936 c.
1249 1869 1284 1944 3,
1301 1870 1334 1952 4,
1360 1869 1409 1935 De
1428 1871 1492 1935 cte·

308 1995 369 2060 iic.
394 2000 521 2080 oeprot.
546 1995 580 2059 X
601 1993 674 2080 (ΙΙΙ,
701 1992 734 2078 6)
758 2000 790 2059 et
814 1993 866 2066 13.
891 1995 944 2074 14,
967 2014 1059 2062 cons.
1086 1997 1118 2076 7,
1143 2002 1271 2081 quaest.
1296 1996 1323 2059 1.

397 2120 473 2185 287.
512 2121 689 2186 Praeterea
723 2121 851 2206 singula
881 2121 1026 2188 membra
1055 2121 1164 2205 aliqua
1197 2120 1402 2189 deformitate
1432 2127 1492 2184 aut

309 2241 471 2307 debilitate
495 2243 665 2327 aliquando
694 2243 844 2308 laborant
867 2242 952 2308 unde
979 2246 1049 2327 quis
1076 2263 1135 2308 nec
1159 2245 1224 2310 rite
1247 2262 1308 2308 nec
1332 2243 1491 2308 decenter

308 2384 370 2430 nec
392 2383 510 2431 secnre
531 2365 566 2428 in
589 2363 702 2429 ordine
727 2365 912 2430 ministrare
936 2365 1033 2429 valet.

400 2491 522 2556 Oentns
545 2489 598 2554 vel
621 2487 711 2555 ocnti
734 2489 779 2553 ita
802 2494 935 2574 possunt
957 2507 1029 2554 esse
1051 2489 1103 2552 vel
1126 2485 1234 2556 affecti
1251 2487 1437 2555 infirmitate
1455 2495 1491 2555 ut

309 2621 420 2680 careat
434 2615 538 2679 virtus
553 2615 656 2678 visiva
670 2619 726 2680 aut
741 2615 952 2678 vehementer
968 2616 1010 2679 sit
1024 2615 1139 2696 tenuis,
1160 2615 1212 2678 vel
1228 2613 1309 2679 adeo
1325 2613 1490 2679 deformes

308 2746 344 2807 ut
367 2743 465 2806 risum
488 2746 543 2805 aut
562 2745 777 2826 contemptum
794 2745 953 2813 moveant,
973 2741 1070 2806 veluti
1087 2743 1119 2805 in
1135 2739 1294 2806 smobone
1313 2743 1366 2826 qui
1383 2743 1489 2805 aciem

308 2863 475 2927 oculorum
491 2862 523 2926 in
540 2861 670 2926 diversa
692 2863 856 2926 convertit
869 2866 902 2926 at
917 2861 1130 2946 inaequaliter
1145 2861 1229 2927 dum
1246 2881 1316 2926 rem
1334 2863 1488 2926 intuetur.

310 3019 327 3032 -
353 2983 464 3060 Quoad
488 2984 547 3048 hos
570 2982 714 3049 defectus
742 2985 881 3049 maxime
909 2982 1152 3070 distinguendus
1184 2989 1232 3048 est
1258 2991 1440 3067 promotas
1469 3003 1489 3048 a

303 3108 548 3193 promovende.

398 3235 526 3299 Etenim
552 3235 605 3318 qui
633 3233 735 3298 oculis
765 3236 891 3320 penitus
921 3239 1033 3319 captus
1057 3239 1115 3314 est,
1139 3235 1298 3317 equidem,
1324 3235 1391 3319 ipso
1416 3236 1488 3300 iure

308 3359 447 3425 naturali
472 3363 521 3424 est
543 3356 693 3423 inhabilis
717 3361 893 3426 ministerio
909 3360 1023 3426 altaris
1046 3377 1150 3442 neque
1170 3359 1398 3444 dispensationi
1416 3379 1489 3424 asse

307 3489 414 3569 potest
435 3484 525 3549 locus
549 3483 664 3548 nedum
688 3485 721 3549 in
740 3485 917 3567 promotis,
935 3485 1041 3569 prouti
1061 3486 1236 3570 exponitur
1258 3485 1292 3549 in
1311 3484 1396 3568 sotio
1413 3485 1489 3551 Car·

308 3629 474 3675 caesonen.
493 3643 511 3658 ·
528 3609 800 3693 Dispensationis
822 3610 865 3677 ob
888 3611 1144 3699 irrequtoritote
1166 3609 1248 3696 apud
1273 3609 1304 3676 S.
1328 3611 1362 3675 G.
1380 3611 1415 3676 C.
1432 3611 1488 3676 die

307 3735 356 3800 27
372 3733 450 3801 Feb.
474 3735 578 3818 1869;
601 3736 676 3800 dum
701 3755 719 3799 e
743 3740 857 3800 contra
881 3738 913 3800 in
938 3736 1127 3802 Florentina
1150 3736 1206 3801 die
1221 3733 1272 3801 23
1287 3736 1376 3821 Anp.
1395 3734 1488 3800 1727

307 3859 500 3945 dispensatio
524 3878 678 3925 concessa
700 3859 762 3925 fuit
780 3859 939 3925 sacerdoti
957 3861 1010 3944 qui
1027 3861 1190 3925 caecutire
1211 3860 1328 3944 coepit,
1346 3859 1434 3923 facta
1456 3861 1487 3924 ei

307 3985 403 4049 venia
425 3989 460 4049 ut
484 3984 627 4050 eamdem
651 3985 782 4050 Missam
809 3987 843 4048 B.
869 3985 913 4049 M.
937 3985 979 4050 V.
1008 4005 1136 4070 semper
1167 3983 1320 4049 celebret.
1347 3985 1430 4049 Item
1453 3985 1486 4048 in

307 4112 522 4179 Venetiarum
545 4113 599 4178 die
622 4113 673 4180 22
696 4111 774 4178 Feb.
799 4112 893 4178 1851.

396 4236 505 4311 Quare
524 4237 777 4320 promovendos
800 4235 883 4320 quod
906 4237 1021 4301 attinet
1043 4240 1117 4300 sunt
1142 4234 1364 4321 irreqnlores,
1388 4253 1486 4297 sensu

308 4361 396 4440 iuris,
412 4367 479 4425 tum
496 4360 716 4426 caecutientes
731 4359 770 4423 ob
790 4359 985 4425 debilitatem
1006 4357 1168 4426 facultatis
1183 4355 1314 4428 vis'ivae,
1336 4363 1404 4422 tum
1428 4356 1484 4421 de-

306 4483 435 4568 formes
456 4483 496 4549 ob
520 4487 678 4571 insignem
702 4483 861 4550 defectum
885 4483 1086 4549 uniusoculi
1109 4487 1165 4548 aut
1187 4481 1364 4566 utriusque.
