3202 5104
223 246 226 254 ¹
259 268 327 334 284
780 293 862 340 runs
888 293 908 338 1.

260 413 310 476 lta
340 412 380 478 de
411 415 537 479 ratione
568 416 729 482 humanae
760 424 897 484 naturae
928 423 977 482 est
1006 418 1266 498 rationabilitas,
1290 419 1436 501 quamvis

194 554 198 563 ’
258 537 451 603 naturaliter
474 559 549 604 usus
572 541 706 605 rationis
723 540 755 602 in
771 539 957 613 infantibus,
975 545 1007 604 et
1031 541 1063 604 iu
1084 539 1201 606 adultis
1217 558 1342 623 quoque
1359 559 1435 602 con-

257 663 339 747 tigit,
356 667 467 750 utputa
483 685 542 750 per
556 667 739 748 amentiam,
755 666 932 752 prohiberi.
951 666 999 732 cf.
1015 666 1145 736 Suarez,
1162 665 1220 730 lo.
1238 666 1264 728 l.
1278 665 1330 728 12.

347 786 431 851 Sane
454 786 633 852 huiusmodi
665 787 818 872 torpeas
842 787 992 869 defectae
1019 794 1086 853 tum
1115 789 1329 852 communiter
1352 785 1438 872 apud

258 909 422 984 Doctores,
440 917 506 976 tum
531 911 615 998 apud
631 913 663 979 S.
681 914 714 978 G.
733 915 766 979 G.
784 916 853 979 sive
868 918 985 1000 agatur
1000 913 1039 979 de
1058 913 1295 999 dispensatione
1315 913 1438 996 imper-

256 1036 365 1100 tienda
379 1057 439 1122 pro
454 1036 621 1102 ordinibus
637 1007 857 1124 suscipiendis
875 1040 942 1104 sive
966 1057 1025 1124 pro
1048 1033 1309 1102 administrandis
1324 1055 1438 1100 susce-

256 1164 318 1246 ptis
340 1181 469 1249 semper
492 1169 697 1249 nuucupatur
719 1164 970 1251 imepalarilas.
991 1200 1008 1212 -
1028 1165 1129 1230 Recte
1149 1181 1229 1227 vero
1251 1162 1438 1248 appellatur

255 1287 494 1374 irrepataritaa
509 1289 654 1356 delectus
670 1291 722 1373 qui
740 1291 798 1355 etsi
815 1309 879 1354 non
895 1310 990 1355 omne
1010 1288 1181 1374 prohibeat
1199 1286 1321 1353 ordinis
1336 1307 1436 1352 exer-

255 1414 364 1479 citium
377 1415 409 1478 in
422 1415 485 1478 iam
496 1421 654 1498 promoto
667 1415 765 1480 veluti
779 1434 845 1498 per
858 1415 1024 1486 accideris.
1039 1421 1146 1480 tamen
1160 1415 1286 1498 penitus
1298 1433 1362 1477 nou
1377 1414 1436 1478 tol·

254 1539 333 1603 litur
348 1541 408 1604 nisi
426 1539 663 1626 dispensatione
678 1547 835 1623 quatenus
852 1545 900 1605 est
915 1539 1175 1625 impedimentum
1196 1540 1275 1604 iuris
1294 1539 1435 1624 positivi.

347 1665 418 1731 192.
445 1653 574 1732 Revera
597 1685 662 1731 non
685 1666 788 1730 solum
811 1665 1010 1732 individuae
1039 1665 1096 1730 sed
1127 1665 1223 1729 etiam
1243 1669 1435 1746 perpetuae

254 1796 329 1855 sunt
352 1793 610 1877 irregularitates
633 1796 743 1876 utpote
767 1810 848 1875 quae
883 1810 945 1856 uec
967 1792 1122 1876 temporis
1144 1790 1236 1875 lapsu
1266 1809 1329 1855 nec
1356 1809 1434 1875 pue-

253 1917 391 1981 nitentia
413 1916 584 1982 abolentur
607 1915 663 1982 sed
686 1915 884 1982 solummodo
908 1937 966 2001 per
989 1915 1257 2002 dispensationem
1282 1914 1435 1979 auferun-

252 2045 316 2106 tur.
344 2041 485 2107 Proinde
508 2043 564 2106 illa
586 2043 695 2106 omnia
725 2041 952 2127 impedimenta
979 2040 1020 2105 ad
1051 2040 1182 2105 ordines
1212 2018 1434 2124 suscipiendos

253 2172 308 2232 aut
339 2165 539 2232 exercendos
569 2188 651 2252 quae
681 2167 712 2230 vi
745 2187 804 2232 sua
838 2170 982 2238 cessant,
1007 2165 1106 2230 veluti
1129 2165 1275 2230 desectus
1297 2165 1431 2238 aetatis,

252 2293 416 2364 scientiae,
441 2298 497 2356 aut
520 2311 644 2357 morum
669 2291 856 2371 honestatis,
881 2311 944 2354 non
969 2296 1044 2355 suut
1065 2289 1234 2374 propriae
1269 2289 1432 2374 irregula-

252 2417 364 2482 ritates
387 2415 443 2482 sed
466 2416 687 2500 impropriae.
713 2417 792 2516 itam
817 2415 1077 2500 irregularitates
1093 2433 1218 2499 quoque
1235 2416 1431 2500 provenien-

252 2550 300 2608 tes
323 2563 368 2608 ea
393 2543 512 2610 delicto
534 2562 555 2607 a
579 2544 649 2607 iure
673 2543 809 2628 positivo
832 2543 1024 2607 constitutae
1054 2545 1129 2606 sunt
1159 2546 1192 2606 et
1226 2541 1433 2626 applicantur

248 2667 364 2751 primo
380 2673 412 2732 et
422 2667 662 2750 principaliter
684 2687 749 2732 uon
765 2686 828 2752 qua
851 2686 983 2753 poenae.
1008 2664 1064 2732 sed
1081 2667 1180 2751 quasi
1200 2666 1432 2732 inhabilitates

251 2812 333 2876 quae
355 2797 472 2860 natura
495 2813 553 2858 sua
573 2799 760 2876 perpetuae
776 2799 861 2858 suut.

341 2917 413 2984 193.
441 2919 653 2985 Nihilominus
676 2920 750 3002 quia
773 2919 964 3004 irregularis
987 2939 1052 2983 non
1076 2923 1126 2983 est
1150 2937 1269 2982 revera
1289 2919 1431 3002 incapax

249 3061 365 3106 sacrae
387 3041 616 3115 ordinationis,
641 3041 771 3107 ordines
805 3041 916 3106 illicite
947 3040 1002 3105 sed
1026 3039 1132 3104 valide
1167 3045 1366 3104 exercentur
1389 3038 1431 3104 ab

249 3165 424 3251 irregulari
447 3169 479 3230 et
503 3165 716 3231 conseruntur
739 3165 924 3250 irregulari.

339 3290 421 3366 Quid
456 3291 534 3356 iuris
568 3289 608 3354 de
641 3287 826 3356 beneficiisl
850 3289 1045 3370 videretur,
1074 3288 1191 3354 horum
1222 3288 1430 3353 collationem

250 3414 369 3480 nullam
392 3432 480 3488 esse;
512 3433 608 3496 quum
632 3411 789 3478 beneficia
812 3412 929 3477 dentur
952 3417 1087 3498 propter
1111 3411 1252 3478 officium
1279 3431 1430 3486 sacrum,

248 3558 363 3625 nempe
386 3539 533 3604 ordinum
557 3541 761 3619 exercitium,
779 3537 862 3622 quod
878 3557 1039 3603 exercere
1055 3559 1127 3604 cum
1145 3559 1209 3604 non
1226 3539 1333 3604 valeat
1348 3539 1431 3602 irre

247 3665 379 3750 galeris,
404 3665 458 3730 hic
480 3665 521 3730 ad
545 3662 702 3730 beneficia
725 3670 877 3729 censetur
900 3664 1064 3737 inhabilis,
1090 3665 1181 3730 iuxta
1208 3665 1354 3750 regulam
1379 3663 1432 3729 39

247 3792 334 3858 iaris
355 3793 393 3857 in
416 3791 454 3856 6:
483 3813 500 3854 a
525 3793 602 3857 Cum
627 3792 702 3876 quid
730 3791 929 3878 prohibetur,
961 3791 1175 3878 prohibentur
1206 3795 1314 3858 omnia
1344 3811 1430 3877 quae

189 3941 197 3958 ‘
247 3922 425 4002 sequuntur
460 3938 502 3982 ex
537 3918 591 3982 illo
609 3939 639 3982 a.
669 3921 706 3984 ln
741 3919 849 4003 specie
872 3937 951 3982 vero
986 3917 1048 3982 hoo
1084 3917 1264 3983 decernere
1297 3917 1430 3983 videtur

248 4043 344 4107 Cone.
369 4041 456 4115 Trid
480 4061 558 4108 sess.
574 4043 625 4116 14,
650 4061 677 4108 c.
693 4041 724 4115 7,
749 4041 803 4107 De
816 4043 881 4125 ref.
906 4048 938 4106 et
960 4044 1100 4107 maxime
1122 4043 1154 4106 in
1169 4061 1247 4108 sess.
1261 4042 1322 4116 22,
1348 4063 1375 4108 c.
1393 4041 1428 4124 l,

246 4167 297 4231 De
311 4165 376 4248 res.
404 4165 455 4231 ubi
471 4166 638 4230 statuitur:
666 4186 684 4227 ‹
700 4163 772 4230 Nec
786 4165 864 4230 aliis
879 4165 1105 4248 inposterum
1119 4167 1180 4251 fiat
1190 4165 1343 4248 provisio
1358 4165 1430 4230 nisi

244 4290 287 4357 iis
321 4291 382 4376 qai
410 4291 481 4356 iam
511 4295 655 4356 aetatem
685 4296 717 4355 et
745 4295 897 4356 caeteras
928 4289 1116 4357 habilitates
1147 4291 1278 4377 iatepre
1302 4290 1428 4357 babere

248 4419 515 4505 olipaoscaatar;
538 4417 638 4483 aliter
661 4435 778 4482 mmm
801 4415 844 4481 sit
861 4414 1015 4500 provisio
1032 4436 1062 4480 a.
