3302 5100
309 289 375 354 592
761 307 967 354 aLLEGaTUM
991 307 1025 354 v.

307 437 336 486 et
348 431 501 496 iuncturos,
514 430 625 486 sublata
644 431 692 496 eis,
706 435 736 484 et
753 445 849 485 eorum
862 429 980 484 cuilibet
993 430 1092 500 quavis
1104 428 1189 486 aliter
1202 429 1341 485 iudicandi
1355 437 1385 487 et
1396 432 1487 488 inter·

307 535 434 604 pretendi
452 533 590 589 facultate
608 538 638 589 et
662 534 840 600 delictoribus,
859 533 979 588 iudicari
997 550 1031 588 ac
1055 534 1164 589 definiri
1189 535 1305 599 debere;
1324 539 1354 592 et
1371 536 1485 590 irritum

305 645 391 714 atque
407 642 492 698 inane
511 658 571 697 esse
590 657 623 696 sc
640 643 700 696 fore
719 639 854 712 quidquid
875 657 960 710 super
978 639 1022 696 his
1041 658 1058 695 a
1076 658 1215 713 quoquam
1234 644 1332 713 quevis
1358 643 1485 698 auctori-

305 756 374 818 tate,
392 753 477 808 etiam
497 754 644 820 praetextu
663 749 813 804 cuiuslibet
833 749 986 819 privilegii,
999 753 1049 804 aul
1062 750 1271 806 consuetudinis
1289 751 1419 805 inductae
1439 749 1507 826 vel·

305 857 484 922 inducendae,
502 873 586 928 quam
605 858 720 910 abusum
740 872 799 910 esse
819 855 1003 923 declaramus,
1022 857 1143 912 scienter
1162 856 1207 912 vel
1228 857 1391 928 ignoranter
1417 872 1485 910 con·

305 967 405 1038 tigerit
421 967 565 1022 attentari.

377 1086 394 1124 ‹
407 1071 469 1126 Non
487 1070 664 1126 obstantibus
676 1070 843 1140 praemissis,
857 1071 977 1143 aliisque
990 1070 1163 1143 quibuslibet
1175 1071 1406 1138 ordinationibus,
1416 1089 1484 1127 con-

305 1177 507 1242 stitutionibus,
526 1175 692 1246 privilegiis,
711 1177 796 1230 etiam
815 1176 931 1245 speciali
951 1179 980 1230 et
998 1175 1141 1230 individue
1159 1178 1302 1232 mentione
1315 1178 1417 1248 dignis,
1432 1197 1484 1233 nec

304 1300 360 1338 non
382 1283 627 1338 consuetudinibus
652 1283 804 1354 quibusvis,
824 1283 909 1336 etiam
935 1281 1211 1348 immemorabilibus,
1231 1284 1387 1356 ceterisque
1412 1301 1484 1339 con·

304 1390 400 1443 trariis
418 1390 647 1460 quibuscumque.

376 1495 482 1550 «Nulli
501 1513 569 1566 ergo
588 1497 701 1550 omnino
719 1495 863 1551 bominum
884 1496 968 1551 liceat
987 1494 1059 1550 hanc
1078 1498 1210 1566 peginam
1229 1497 1349 1554 Nostrae
1369 1497 1484 1554 Consti·

305 1605 428 1671 tutiouis,
446 1604 637 1670 ordinationis,
662 1603 850 1672 limitationis,
870 1605 1081 1673 suppressionia,
1100 1603 1301 1674 derogationis,
1326 1604 1485 1661 voluntatis

302 1711 467 1780 infringere,
485 1711 530 1766 vel
549 1711 574 1765 ei
594 1727 663 1764 ausu
683 1711 833 1765 temerario
852 1712 1001 1766 contraire.
1021 1710 1131 1783 Siquis
1152 1721 1248 1767 autem
1268 1712 1322 1768 hoc
1341 1719 1484 1770 attentare

304 1817 528 1887 praesumpserit,
540 1817 762 1887 indignationem
776 1816 982 1885 Omnipoteutis
996 1817 1045 1871 Dei
1060 1823 1089 1872 et
1103 1817 1252 1871 Bestorum
1267 1817 1344 1872 Petri
1358 1822 1388 1872 et
1400 1818 1483 1872 Pauli

304 1921 501 1992 Apostolorum
520 1921 588 1987 eius,
608 1938 637 1975 se
656 1921 766 1974 noverit
786 1921 970 1976 incursurum.

373 2027 505 2082 «Datum
525 2027 630 2082 Romae
649 2026 719 2096 apud
739 2025 765 2079 S.
786 2027 901 2082 Petrum
920 2043 994 2082 anno
1013 2028 1217 2084 lucarnatiouis
1236 2029 1398 2087 Dominicea
1417 2030 1485 2084 Mil·

304 2132 400 2190 lesimo
418 2134 656 2203 Octingentesimo
675 2129 855 2202 Sexagesimo
880 2132 969 2198 Nono,
989 2135 1095 2196 Ques-to
1119 2133 1182 2188 ldus
1206 2135 1337 2200 octobris,
1358 2136 1483 2190 Pontifi-

303 2247 382 2296 catus
400 2242 487 2295 nostri
507 2255 580 2296 anno
599 2239 734 2310 vigesimo
753 2244 893 2310 quarto».
