3202 5104
396 283 398 286 ·
461 288 504 334 nn
528 287 681 335 nnnrcrrs
706 289 748 334 ur
771 287 889 334 ronnrs
1195 269 1261 336 233

103 409 137 472 ad
153 429 321 494 congruam
338 410 447 474 clerici
465 412 700 495 procurandam
717 415 989 490 sustentationem,
1008 410 1165 477 accedere
1180 413 1261 477 solet

102 532 295 618 beneficium,
309 535 391 618 quod
404 535 563 620 prohinde
576 536 694 600 dicitur
706 536 776 600 dari
788 543 929 620 propter
941 535 1097 620 officium.
1112 534 1259 603 Officium

101 653 331 740 comprehendit
355 655 512 742 duplicem
544 662 734 744 potestatem
758 659 888 724 ordinis
912 663 941 724 et
965 657 1214 724 iurisdictionis.
1242 692 1258 704 -

102 781 303 863 Beneficium.
328 787 427 867 prout
450 783 656 869 distinguitur
680 783 719 848 ab
742 783 868 848 adnexo
892 780 1006 854 officio,
1036 785 1186 866 importat
1209 783 1261 846 ius

100 906 204 970 aleardi
243 905 385 987 fruendi
425 908 521 974 bouis
553 909 853 992 patrimonialibus
895 909 1051 994 beneficio
1094 908 1258 1000 aduecta,

101 1032 194 1112 itaque
217 1033 459 1117 comprehendit
484 1035 645 1100 lructuum
669 1035 909 1119 perceptionem
935 1041 966 1098 et
989 1033 1144 1098 bonorum
1165 1033 1260 1097 admi·

100 1159 319 1222 nistrationem.
338 1159 427 1232 Quae
443 1161 568 1245 singula
585 1162 656 1224 iura
680 1161 858 1225 ministerio
881 1159 1025 1224 clericali
1049 1160 1262 1244 competentia

101 1288 183 1347 caute
197 1283 429 1348 consideranda
444 1295 529 1366 sunt,
546 1286 620 1370 quia
635 1287 800 1371 suspensio
816 1286 886 1350 fere
910 1305 1037 1370 semper
1060 1287 1141 1350 solet
1165 1285 1260 1350 indici

100 1407 240 1487 partialis,
265 1407 383 1472 cadens
406 1408 530 1474 seilicet
554 1409 585 1472 in
609 1407 736 1492 aliquod
761 1410 900 1495 speciale
924 1411 1088 1479 insenius
1112 1415 1259 1473 naturam

100 1533 125 1590 et
146 1529 364 1593 extensionem
399 1535 600 1615 perspectam
636 1531 757 1596 habere
785 1499 911 1616 oportet
935 1532 967 1594 in
991 1529 1186 1595 dimetienda
1208 1551 1260 1594 su·

99 1655 264 1736 spensionis
289 1657 329 1718 vi.

177 1781 249 1845 157.
275 1783 424 1847 lamvero
454 1803 525 1847 cum
558 1783 687 1848 diversa
709 1785 781 1848 iura
804 1782 1077 1868 comprehendant
1099 1788 1166 1847 tum
1189 1783 1260 1866 offi-

98 1903 177 1968 cium
198 1913 264 1970 tum
291 1906 497 1992 beneficium,
522 1909 686 1992 suspensio
708 1906 748 1972 ab
772 1905 876 1971 officio
899 1926 963 1971 non
988 1926 1094 1972 secum
1119 1906 1220 1970 trahit
1241 1923 1261 1967 a

98 2025 239 2093 beneficio
264 2033 506 2115 suspensionem
531 2037 563 2096 et
586 2033 657 2096 vice
682 2050 776 2096 verse
793 2029 848 2116 (l).

175 2149 350 2236 Suspensio
384 2171 462 2216 vero
498 2154 636 2239 simplex
659 2151 702 2218 ab
726 2151 843 2236 officio.
871 2154 913 2215 ita
937 2151 1066 2225 indicta,
1093 2157 1261 2234 utramque

97 2275 247 2361 intercipit
271 2282 460 2362 potestatem
485 2279 727 2345 iurisdictionis
750 2283 782 2342 et
799 2277 938 2356 ordinis,
956 2283 988 2342 et
1003 2296 1175 2362 suspensus
1191 2277 1261 2340 sim-

97 2400 211 2482 pliciter
227 2423 246 2466 a
263 2403 422 2489 beneficio
439 2405 629 2490 intelligitur
645 2403 812 2488 impeditus
836 2424 856 2466 a
875 2402 1031 2467 fructibus
1048 2401 1261 2488 percipiendis

97 2533 123 2586 et
145 2525 231 2591 bonis
254 2528 531 2595 administrandis:
557 2549 729 2614 suspensus
749 2549 827 2593 vero
843 2530 1039 2612 simpliciter,
1060 2527 1180 2611 absque
1196 2527 1261 2590 ulla

96 2651 246 2716 mentione
271 2651 373 2735 officii
395 2657 428 2715 et
451 2651 610 2736 beneficii,
636 2652 826 2736 intelligitur
850 2651 888 2715 ab
914 2659 1048 2734 utroque
1078 2671 1259 2735 suspensus.

97 2772 180 2840 lteiff.
201 2778 242 2850 V,
270 2777 315 2840 a'r.
341 2775 399 2856 39,
423 2797 457 2840 u.
479 2777 545 2839 171.
573 2777 664 2842 Haec
688 2778 777 2841 clara
801 2783 833 2842 et
855 2782 968 2861 aperta
994 2781 1077 2846 suut,
1102 2779 1135 2838 at
1158 2777 1259 2839 consi-

95 2899 273 2976 derandum,
298 2906 478 2987 praeterea,
504 2921 642 2984 quanam
668 2902 807 2966 formula
823 2908 855 2965 et
870 2900 995 2966 modulo
1019 2899 1171 2984 partiales
1194 2921 1258 2964 sus·

95 3030 253 3108 pensiones
279 3029 492 3112 imponantur.

178 3155 247 3220 158.
263 3153 397 3228 Quando
411 3154 480 3218 uult
491 3154 640 3238 suspendi
653 3159 777 3219 tantum
791 3161 929 3239 potestas
942 3153 1072 3221 ordinis,
1087 3151 1260 3235 temperatio

94 3277 278 3345 decernitur·
296 3279 339 3345 ab
363 3280 483 3347 ordine
506 3299 561 3344 seu
582 3299 608 3347 ‚e
632 3279 764 3345 divium.
790 3280 968 3364 Suspensus
994 3277 1040 3342 ult
1060 3276 1182 3343 ardiae
1204 3295 1261 3340 seu

94 3405 264 3480 udioiuis,
291 3405 419 3471 ordines
443 3425 503 3469 nec
527 3405 679 3470 conferre
695 3425 757 3470 nec
773 3424 930 3470 exercere
954 3410 1072 3490 potost;
1100 3423 1170 3489 arg.
1187 3424 1215 3468 c.
1232 3423 1259 3467 c.

95 3532 111 3591 l
133 3538 163 3595 et
187 3533 238 3598 17.
263 3533 314 3599 Dc
338 3539 435 3618 temp.
460 3536 571 3602 ordin.
597 3535 629 3598 X
653 3533 772 3618 (l-llt.
796 3533 878 3608 Quia
900 3535 934 3597 in
950 3533 1066 3597 odiosis
1081 3551 1260 3618 versamur,

178 3655 207 3740 l)
225 3659 289 3722 DD.
303 3661 515 3724 communiter
530 3660 713 3742 opinantur,
727 3677 914 3742 suspensum
927 3657 967 3723 ab
979 3656 1091 3721 ordine
1108 3657 1261 3720 conferre

174 3887 213 3958 (l)
234 3855 380 3942 Nonnulla
394 3890 553 3959 fragmenta
571 3905 641 3958 quae
661 3887 788 3941 videntur
816 3887 931 3942 suadere
960 3905 1041 3941 urnam
1064 3887 1182 3942 alteram
1198 3903 1262 3940 con·

94 3990 185 4060 tinere,
204 3995 292 4049 voluti
319 4005 400 4066 eaput
422 3997 467 4062 10,
487 3997 527 4050 De
543 4014 627 4066 purp.
649 4013 707 4049 cun.
734 3996 759 4048 X
786 3993 882 4064 (vel)
905 4001 933 4048 et
958 3995 974 4046 8
1002 3997 1111 4049 Decet.
1135 4005 1160 4049 et
1186 3996 1260 4064 quot.

93 4105 177 4170 praef.
205 4101 229 4154 Χ
258 4101 339 4169 (1-14)
365 4101 547 4172 intelligenda
572 4108 636 4155 sunt
664 4102 697 4156 de
725 4102 905 4169 suspensione
928 4103 1098 4156 aberiefieio
1125 4101 1260 4179 [crepidae

93 4211 252 4260 ramesiae:
271 4208 312 4260 ita
330 4207 455 4275 Fagnan.
479 4207 550 4260 Com.
566 4211 594 4258 iu
608 4224 667 4276 cap.
683 4206 850 4263 Quaesitum.
870 4225 896 4258 n.
911 4207 959 4258 30.
975 4208 1015 4259 Dc
1030 4207 1142 4260 colludit.
1157 4206 1261 4267 cieric.‚·

95 4310 155 4376 quia
168 4311 358 4367 insordesceus
376 4313 405 4366 in
418 4330 535 4396 cerrsura
554 4316 675 4382 suspiro
690 4313 785 4382 officio,
802 4313 885 4366 etiam
900 4313 1034 4366 irrrctibus
1049 4312 1196 4382 privandus
1209 4317 1260 4379 est,

94 4420 314 4475 accommodum
334 4426 457 4492 reportet
476 4439 510 4476 ex
529 4437 579 4474 sua
597 4419 714 4474 malitia.
