3202 5104
312 277 377 344 238
831 299 914 346 rins
938 299 959 344 1.

311 426 419 509 guitur
432 424 471 488 ab
487 425 600 489 altera.
615 423 776 490 Videlicet
788 445 847 510 per
860 425 1099 510 suspensionem
1114 425 1156 492 ab
1173 423 1293 492 ordine
1304 431 1402 508 pont.
1416 428 1492 508 quis

310 547 513 633 suspenditur
529 547 569 612 ab
585 549 622 611 iis
643 567 724 631 quae
740 552 862 612 tantum
885 548 1017 632 propria
1040 555 1114 612 sunt
1139 548 1259 614 ordinis
1284 549 1491 633 episcopalis,

308 693 372 736 uon
396 673 619 746 sece1·dotalis;
644 691 702 756 per
726 675 965 756 suspensionem
989 693 1013 738 a
1039 673 1290 758 pontificalibus
1314 675 1385 756 quis
1409 694 1492 757 pro-

309 797 438 862 hibetur
461 798 500 862 ab
524 799 561 862 iis
584 803 706 863 lantum
731 799 933 882 exigentibus
957 805 1145 884 apparatum
1178 796 1347 884 insignium
1381 799 1491 882 ponti-

309 922 445 988 ficalium
469 922 525 1008 (l).

397 1048 457 1122 Qui
471 1049 568 1113 violat
584 1050 823 1134 suspensionem
836 1049 878 1115 ab
892 1051 1012 1142 ordine
1024 1048 1212 1135 pontificali
1228 1047 1264 1114 fit
1279 1050 1490 1134 irregularis

307 1175 423 1258 quippe
446 1173 591 1240 ordinem
616 1180 766 1248 exercet;
791 1177 938 1257 quivero
963 1175 1062 1239 violat
1085 1175 1326 1259 suspensionem
1350 1173 1394 1238 ob
1420 1194 1492 1238 usu

304 1300 552 1384 pontificalium
575 1302 625 1365 nel
650 1299 942 1384 apositificelibus
960 1319 1023 1364 non
1048 1297 1316 1385 fltir1·egu1aris;
1340 1300 1372 1364 id
1396 1303 1489 1365 enim

308 1425 395 1488 nullo
427 1426 496 1489 iure
526 1425 684 1488 statuitur.
710 1425 755 1490 ef.
783 1425 922 1509 Sayrus,
952 1425 971 1488 Ι
978 1425 1011 1504 V,
1036 1425 1059 1488 4
1067 1474 1078 1506 ,
1108 1423 1149 1489 111
1157 1445 1170 1506 ;
1198 1431 1230 1491 et
1265 1424 1488 1492 n’snnibale.

309 1552 335 1631 l,
360 1549 434 1616 381.

399 1676 471 1741 161.
502 1676 666 1742 Hactenus
697 1675 736 1740 ds
767 1677 975 1761 suspensione
1006 1675 1045 1740 ab
1078 1674 1184 1742 cilicie
1215 1696 1272 1744 seu
1304 1679 1490 1742 ministerio

307 1802 459 1866 clericali.
476 1801 569 1866 modo
593 1802 632 1866 de
656 1804 864 1888 suspensione
881 1822 900 1866 a
918 1799 1074 1867 beneficio
1091 1801 1258 1866 dicendum
1285 1805 1341 1866 est.
1362 1837 1379 1849 -
1398 1803 1489 1866 Inte

308 1925 367 1990 rim
391 1923 579 1989 advertatur
603 1925 645 1990 ab
661 1925 769 2010 officio
794 1930 827 1992 et
850 1925 1006 2010 beneficio
1031 1923 1181 2009 suspendi
1205 1945 1298 2010 posse
1322 1927 1419 1990 etiem
1439 1927 1489 1990 od

307 2052 495 2132 cautelam
518 2056 551 2116 et
573 2053 654 2116 haec
674 2057 731 2122 est,
749 2053 793 2116 ait
817 2050 1025 2124 D’Annibale,
1052 2051 1078 2132 I,
1104 2049 1195 2116 385:
1222 2071 1239 2113 s
1262 2051 1487 2132 providentia

307 2179 477 2262 quaedam
498 2179 680 2260 pastoralis
712 2197 799 2262 quae
829 2178 990 2243 clericum
1014 2177 1056 2244 de
1079 2177 1234 2264 praetori
1258 2177 1401 2243 mimine
1424 2199 1487 2260 pc·

305 2301 467 2364 stolatum
490 2301 541 2364 oet
564 2306 755 2382 samesium
778 2301 885 2366 samis
908 2301 1079 2366 interdicit
1101 2301 1147 2365 cd
1170 2301 1337 2366 scandalo
1368 2319 1483 2366 reaso-

306 2425 511 2496 vendemiae
533 2429 570 2488 ut
593 2425 699 2494 uiuat,
717 2425 762 2488 od
779 2427 954 2490 cautelam.
976 2423 1101 2490 Haec...
1126 2427 1280 2512 irrepari
1303 2431 1411 2500 potest
1433 2429 1482 2490 cel

305 2550 345 2616 ob
367 2552 476 2616 sotum
499 2550 652 2616 criminis
674 2551 909 2631 suspicionem,
926 2551 955 2616 si
979 2551 1061 2616 laceo
1083 2551 1236 2636 praviter
1259 2551 1480 2622 emistisnatio·

394 2727 433 2795 (l)
453 2725 618 2792 Lehmkuhl,
632 2726 675 2794 (ll,
689 2725 752 2793 904)
767 2727 806 2780 ita
820 2731 1023 2781 commentetur
1042 2725 1091 2780 has
1110 2729 1317 2797 suspensiones:
1336 2740 1353 2782 s<
1368 2728 1483 2797 Episco-

307 2853 356 2905 pus
374 2853 390 2888 a
408 2837 614 2905 pontificatibus
633 2851 781 2904 suspensus
800 2851 854 2888 non
874 2836 991 2888 incurrit
1017 2835 1253 2904 irregularitatem
1274 2838 1297 2889 si
1318 2837 1344 2888 in
1362 2838 1481 2906 pomifl-

305 2943 411 2996 cotidus
430 2941 560 2996 celebrat.
575 2941 724 2996 Celebrate
743 2942 815 2995 enim
830 2958 885 2996 non
905 2947 947 2995 est
966 2942 1130 3012 episcopalis
1143 2942 1248 2996 ordinis
1268 2942 1420 3012 proprium,
1434 2944 1482 2997 sed

306 3049 518 3121 presbyteralis;
539 3050 564 3103 id
578 3053 671 3104 autem
685 3053 714 3102 in
730 3051 937 3119 pontificalibus
951 3051 1042 3104 facere
1055 3067 1140 3119 greve
1153 3049 1264 3120 quidem
1279 3050 1320 3103 illi
1335 3056 1482 3120 peccet-um

305 3159 395 3220 estat
414 3172 468 3208 non
487 3160 577 3209 mutat
596 3159 676 3208 actos
694 3157 873 3208 substantiam
886 3170 957 3225 quae
976 3155 1010 3207 sd
1029 3155 1188 3208 inferiorem
1203 3156 1332 3210 ordinem
1350 3157 1403 3208 sibi
1426 3174 1482 3210 non

306 3262 481 3314 interdictum
501 3265 616 3330 spectat.
632 3292 646 3300 -
661 3261 811 3330 Episcopus
831 3279 846 3314 a
865 3263 1070 3334 pontificalibus
1090 3277 1238 3330 suspensus
1257 3262 1303 3332 qui
1324 3278 1419 3314 saeros
1440 3279 1483 3314 or·

305 3367 382 3421 dines
401 3369 515 3434 confert,
535 3368 579 3421 vel
598 3369 752 3432 confirmat,
772 3385 850 3422 sacra
869 3369 931 3422 olea
950 3371 1103 3432 consecrat,
1116 3368 1175 3422 sive
1194 3367 1305 3434 altaria,
1321 3367 1437 3438 templa,
1451 3371 1481 3422 fit

305 3474 474 3543 irregularis.
490 3474 564 3527 Haec
583 3475 655 3528 enim
676 3477 770 3527 omnia
788 3481 836 3527 aut
855 3492 888 3528 ex
899 3473 1002 3527 Christi
1022 3474 1206 3530 institutione
1216 3477 1264 3528 aut
1283 3490 1317 3529 es
1337 3473 1482 3528 Ecclesiae

304 3583 366 3651 lege
385 3583 419 3636 ad
437 3583 560 3637 ordinem
578 3584 766 3653 pontificalem
785 3585 941 3652 pertinent3
959 3584 1025 3636 ordo
1045 3599 1110 3636 vero
1138 3582 1304 3652 episcopalis
1326 3598 1390 3636 vere
1412 3583 1479 3636 ordo

302 3707 383 3743 socer
402 3700 441 3743 est
460 3707 476 3742 a
496 3692 688 3762 presbyteratu
709 3691 794 3759 gradu
815 3691 962 3744 distinctus
980 3705 1004 3746 a.
1020 3691 1060 3744 Ex
1080 3693 1212 3744 contextu
1236 3695 1312 3759 patet
1336 3688 1406 3760 quod
1428 3707 1476 3742 su-

303 3796 412 3865 spensio
431 3815 448 3850 a
464 3799 669 3867 pontificalibus
694 3799 891 3868 aequiparatur
916 3800 951 3852 ab
972 3800 1092 3852 Aisetore
1119 3799 1292 3868 suspensioni
1318 3800 1352 3852 ab
1378 3799 1476 3852 ordine

301 3906 471 3974 pontificat&
490 3904 561 3973 quod
577 3909 698 3972 praestat
717 3906 801 3958 etiam
822 3905 847 3956 S.
862 3904 1021 3974 Alpheosus
1043 3905 1102 3969 vll,
1116 3905 1178 3958 314.
1193 3935 1208 3945 ·
1223 3904 1276 3960 Sed
1297 3921 1390 3958 savem
1406 3903 1475 3956 haer

303 3991 430 4081 loqueddi
451 4011 523 4065 ratio
542 4012 764 4081 aequivocationi
785 4013 899 4080 praebet
917 4012 1011 4076 locus,¹
1022 4013 1094 4083 qnia,
1114 4015 1143 4064 ei
1160 4015 1320 4076 verborum,
1334 4013 1474 4080 suspensio

304 4135 320 4168 a
345 4118 548 4185 pontificalibus
574 4116 733 4186 aequivalet
760 4118 932 4185 suspensioni
957 4121 991 4172 ob
1016 4136 1069 4172 usu
1091 4119 1312 4188 pontificalium:
1338 4119 1378 4170 ait
1400 4119 1473 4171 euim

306 4223 619 4292 n·nn11ibale,(l,381):
639 4225 744 4282 «Quid
762 4235 825 4277 sunt
842 4225 1015 4294 pontificalia
1034 4227 1088 4278 nisi
1106 4226 1229 4294 insiynia
1244 4225 1438 4295 pontificalis?
1451 4239 1492 4276 s..

305 4325 437 4394 Equidem
458 4327 479 4378 si
500 4327 686 4396 suspensionis
705 4328 845 4381 decretum
865 4329 903 4380 ita
925 4329 1106 4398 concipiatur,
1126 4329 1186 4382 iure
1205 4329 1306 4383 merito
1325 4329 1473 4398 Episcopus

304 4433 473 4502 intelligitur
491 4451 550 4488 esse
570 4451 718 4504 suspensus
736 4437 771 4489 od
790 4452 842 4489 usu
857 4437 1070 4506 pontificalium.
