3306 5102
316 281 383 346 360
843 301 927 348 snas
953 301 972 348 1.

314 421 472 490 Ordinem
496 443 576 490 vero
600 423 864 493 subdiaconatus
887 431 919 491 et
945 425 1147 492 diaconatus
1170 425 1300 509 operari
1323 425 1493 490 manumis-

313 552 435 616 sionem
451 550 578 634 quando
594 549 740 616 domiuus
757 551 922 621 indemnis.
940 551 1046 634 aliquo
1062 554 1166 636 pacto.
1180 547 1251 614 fieri
1267 555 1384 636 posset,
1398 570 1494 614 secus

266 690 270 699 “
312 675 550 760 procedendum
575 695 645 742 esse
668 677 715 742 ad
738 675 1030 762 depradatioucrn.

401 802 542 868 Praeter
558 800 718 866 delectum
734 801 896 868 libertatis
913 802 946 864 in
962 802 1066 866 servis
1083 805 1328 885 promerentem
1352 820 1395 864 ex
1418 821 1493 864 con-

312 927 452 992 dictione
487 926 693 992 subiectionis
727 927 872 1002 servilis,
905 927 1123 992 consideravit
1152 926 1301 992 Ecclesia
1330 924 1493 990 deiectum

312 1051 420 1116 amni
450 1052 503 1135 qui
534 1051 662 1116 derivat
693 1071 736 1117 ex
766 1050 981 1116 abiectissimus
1012 1050 1196 1116 conditione
1224 1069 1493 1133 servorumque

311 1175 432 1239 factum
456 1180 506 1239 est
528 1179 564 1239 ut
586 1176 673 1240 servi
697 1175 860 1240 constituti
884 1176 916 1239 in
937 1173 1106 1240 Ecclesiae
1121 1174 1272 1240 dominio
1297 1193 1360 1237 non
1385 1175 1493 1238 minus

275 1383 281 1396 .
312 1301 552 1385 repellerentur
575 1300 615 1366 ab
638 1301 752 1381 altari3
775 1319 845 1386 erg.
871 1319 945 1368 can.
970 1300 1002 1374 l,
1028 1299 1103 1366 dist.
1127 1299 1185 1366 54.

400 1410 509 1492 Genus
533 1427 698 1491 servitutis
723 1425 762 1490 ad
786 1430 898 1491 nostra
921 1445 1004 1511 pene
1028 1431 1174 1512 tempora
1197 1427 1229 1490 in
1252 1424 1395 1491 nordicis
1411 1426 1492 1490 civi-

309 1550 426 1616 tatibus
449 1551 698 1635 frequentatum,
723 1551 784 1618 fuit
806 1552 945 1616 servitus
969 1551 1096 1614 illorum
1121 1552 1174 1634 qui
1198 1550 1274 1615 dicti
1304 1559 1379 1616 sunt
1402 1551 1491 1615 servi

295 1643 519 1757 'campetez'
542 1695 598 1739 seu
622 1677 707 1739 servi
731 1673 857 1760 plebae,
881 1677 992 1759 utpote
1015 1671 1133 1738 addicti
1153 1673 1301 1738 culturae
1324 1671 1491 1738 cuiusdam

309 1803 391 1886 agri,
417 1806 449 1866 et
477 1800 516 1865 de
546 1801 596 1866 his
627 1799 757 1866 disserit
788 1799 984 1864 Benedictus
1008 1799 1090 1866 XlV
1123 1799 1173 1864 De
1195 1818 1268 1884 syn.
1295 1799 1355 1878 lX,
1379 1800 1429 1872 11,
1453 1799 1491 1871 5.

312 1928 500 1994 Huiusmodi
520 1929 660 1994 servitus
677 1947 741 1991 non
757 1932 806 1994 est
821 1928 984 1993 contraria
1003 1928 1065 1992 iuri
1087 1926 1227 1992 naturali
1243 1931 1275 1991 el
1290 1927 1490 2012 evangelico,

310 2056 426 2140 quippe
449 2054 604 2118 fundatur
626 2055 658 2116 in
684 2053 914 2124 conventione,¹
932 2051 989 2117 sed
1011 2071 1090 2116 sene
1123 2049 1226 2116 eidem
1258 2051 1320 2116 iuri
1352 2070 1418 2114 non
1441 2055 1491 2116 esi

309 2176 479 2241 admodum
504 2181 732 2256 consentanee,
749 2194 845 2259 quum
870 2174 934 2239 tale
958 2174 1066 2259 iugum
1082 2193 1125 2238 ex
1148 2173 1362 2238 conventione
1377 2174 1491 2258 patris

310 2303 446 2369 familias
477 2303 660 2388 imponatur
683 2303 715 2365 in
741 2307 929 2387 perpetuum
958 2302 990 2364 in
1022 2304 1119 2366 totam
1151 2299 1315 2371 familiam,
1340 2298 1490 2384 adempta

309 2425 463 2493 facultate
487 2424 650 2491 resiliendi
675 2424 714 2490 ob
739 2429 860 2489 mutata
883 2423 1044 2488 adiuncta.
1070 2425 1122 2489 Ex
1145 2425 1305 2508 communi
1329 2423 1490 2489 sententia

309 2559 341 2618 et
365 2555 460 2640 praxi
483 2554 517 2617 hi
541 2572 666 2637 quoque
689 2551 774 2616 servi
797 2571 862 2615 non
885 2556 960 2615 sunt
982 2548 1150 2613 ordinandi
1174 2549 1283 2614 insciis
1300 2547 1437 2612 dominis
1458 2553 1489 2611 et

309 2681 386 2764 quin
414 2681 546 2744 istorum
579 2679 696 2744 inrium
728 2677 811 2741 ratio
842 2675 1009 2741 habeatur.
1035 2675 1082 2740 uf.
1110 2675 1257 2760 Pirhing.
1283 2674 1314 2738 lt.
1340 2679 1360 2738 t.
1385 2694 1419 2738 n.
1444 2673 1488 2754 8,·

264 2789 267 2800 ⁴
310 2808 341 2867 et
364 2803 453 2869 Santi
477 2802 549 2869 eod.
574 2803 621 2867 tit.
1200 2889 1204 2898 Ι

397 2928 472 2994 272.
499 2929 651 2993 Eiusdem
667 2927 721 2992 lib.
740 2928 764 2999 Ι,
783 2926 999 2992 Decretalium
1022 2925 1133 2990 titulus
1157 2923 1355 3007 subsequens
1378 2921 1485 2986 statuit

311 3051 396 3118 «De
419 3051 573 3138 oblipatia
603 3051 651 3116 ud
680 3049 862 3116 ratiocinia
885 3047 1088 3114 ordinandis
1110 3048 1162 3113 oel
1185 3065 1256 3112 non
1279 3065 1310 3109 s.
1336 3046 1380 3109 At
1406 3046 1485 3109 haec

308 3177 479 3263 prohibitio
504 3197 568 3241 non
592 3182 641 3241 est
664 3177 796 3262 propria
819 3174 1044 3258 irregularitas
1068 3171 1124 3238 sed
1149 3173 1334 3238 continetur
1357 3171 1416 3236 sub
1435 3189 1485 3254 ge-

308 3303 412 3366 nerali
428 3299 600 3366 interdicte
617 3300 703 3364 tituli
718 3299 778 3372 50,
796 3296 850 3364 nt.
869 3298 909 3362 ΙΙ
910 3298 935 3370 Ι,
956 3297 990 3360 X
1013 3295 1100 3395 cNe
1124 3295 1237 3361 clerici
1259 3295 1312 3360 cel
1328 3294 1485 3361 monam

307 3424 541 3496 soecularibus
556 3423 699 3509 nepotiis
714 3442 750 3488 se
766 3422 1023 3486 immisceant».
1042 3420 1152 3494 Quare
1168 3420 1192 3484 si
1211 3439 1306 3503 quem
1330 3420 1363 3483 in
1385 3420 1484 3483 sacris

307 3551 472 3616 ordinibus
497 3551 704 3614 constitutum
728 3547 894 3633 continget
917 3546 1071 3612 eiusmodi
1095 3547 1231 3631 negotiis
1254 3545 1416 3631 implicari
1431 3550 1483 3608 aut

306 3681 504 3766 implicatum
522 3677 672 3763 reperiri,
688 3673 863 3740 nullimode
877 3676 936 3738 iste
949 3674 1139 3760 prohibetur
1150 3673 1190 3738 ab
1203 3672 1371 3738 ordinibus
1383 3693 1483 3739 susce

307 3807 369 3890 ptis
393 3803 595 3870 exercendis.
622 3801 668 3866 Cf.
694 3798 894 3864 D'Annibale
919 3799 958 3880 (Ι.
985 3799 1051 3864 412
1069 3798 1154 3883 tem).
1178 3799 1392 3864 Nihilominus
1409 3800 1482 3884 Epi·

306 3895 423 4012 scopus
439 3927 493 4010 qui
516 3924 645 3990 ordines
669 3921 805 3987 contulit
827 3927 921 3986 caute
937 3923 1108 4007 invigilare
1124 3921 1228 4003 debet,
1246 3941 1286 3986 ne
1307 3923 1374 3987 nlla
1396 3924 1483 3987 frans

306 4054 381 4118 inde
403 4051 460 4117 fiat
483 4049 696 4117 creditoribus
712 4071 791 4134 quos
807 4050 974 4115 indemnes
990 4049 1102 4114 facere
1122 4049 1189 4133 ipse
1206 4047 1386 4134 Episcopus
1401 4047 1482 4132 adigi

307 4184 415 4263 posset
438 4178 463 4244 si
488 4176 627 4242 clericus
651 4175 690 4240 ad
715 4175 843 4240 ordines
875 4179 1040 4260 promotus
1071 4176 1175 4259 impar
1205 4179 1254 4238 est
1276 4175 1347 4238 aeri
1378 4175 1481 4238 alieno

306 4301 459 4366 solvendo
476 4308 508 4366 et
525 4301 701 4385 Episcopus
717 4300 813 4385 culpa
828 4320 893 4364 non
909 4305 1013 4366 vacat.
1026 4299 1206 4364 Praeterea
1222 4299 1349 4382 quando
1362 4319 1404 4363 ex
1417 4317 1480 4363 sen·

305 4429 406 4490 tentia
423 4425 534 4491 iudicis
550 4425 674 4491 fraudis
690 4427 940 4490 convinceretur
957 4407 1105 4497 clericus,
1123 4421 1218 4488 lieret
1233 4424 1425 4509 irregularis
1439 4442 1481 4488 ea
