3202 5104
278 316 345 382 276
803 335 886 382 rans
910 335 933 380 1.

277 463 353 534 nita,
370 460 519 526 distincta
533 459 595 525 fuit
616 458 657 524 ah
680 459 752 524 aliis
774 459 827 525 vel
851 458 1105 525 inhabilitatibus
1128 459 1180 524 vel
1203 458 1356 524 remediis
1380 478 1461 542 poe-

278 584 417 660 nalibus;
441 583 521 650 adeo
542 587 577 649 ut
603 583 790 649 Boniiacius
806 583 889 648 VIII
913 585 946 647 in
970 603 1044 666 cap.
1062 583 1104 648 18
1126 583 1176 648 De
1190 589 1270 648 sent.
1288 601 1459 648 encamm.

276 710 313 776 in
329 711 362 776 6.
378 710 503 777 recolat
518 709 673 796 generale
695 710 901 795 priucipium,
919 729 979 795 ope
996 709 1267 796 iurisprudeutiae
1282 713 1360 774 tunc
1376 728 1453 773 com

277 837 417 902 maniter
439 836 613 902 admissum
639 870 656 884 -
681 835 973 922 irrepntatitaiem
996 855 1067 903 non
1093 835 1227 902 incurri
1255 833 1322 900 nisi
1348 833 1460 917 faerit

277 979 442 1045 repressa
464 961 502 1028 in
524 961 601 1028 iare
624 995 649 1025 ·.

366 1087 530 1161 Quocirca
558 1107 621 1152 non
645 1088 877 1172 qualecumque
901 1085 1161 1171 impedimentum
1184 1085 1224 1150 ad
1247 1084 1377 1150 ordines
1401 1105 1460 1150 su-

276 1211 457 1297 scipiendos
484 1232 601 1278 nomen
633 1217 778 1280 meretur
809 1213 1070 1298 irregularitatis
1095 1211 1150 1277 sed
1179 1210 1257 1276 illud
1288 1210 1461 1277 dumtaxat

277 1338 390 1402 aiure
421 1339 627 1405 coustitutum
659 1339 722 1404 hac
751 1339 930 1405 intentione
960 1343 997 1402 ut
1027 1343 1192 1404 removeat
1221 1336 1261 1401 ab
1290 1335 1460 1403 ordinibus

276 1459 486 1547 suscipiendis
510 1466 551 1534 et,
576 1481 635 1547 per
665 1481 920 1546 consequence
947 1460 1166 1526 ministrandis
1197 1459 1361 1526 ordinibus
1393 1461 1458 1526 iam

276 1587 441 1672 susceptis.
468 1586 558 1654 Unde
588 1587 814 1673 irregularitas
842 1583 1026 1652 definienda
1050 1593 1098 1652 est
1121 1605 1193 1651 cum
1218 1583 1380 1656 Suaresio.
1411 1585 1460 1651 De

276 1727 364 1774 cens.
380 1705 442 1781 40,
466 1708 494 1789 1,
518 1707 606 1793 2(1)
625 1707 947 1792 <impedimentum
971 1707 1173 1774 canonicum
1198 1727 1242 1772 em
1267 1725 1302 1772 se
1329 1707 1459 1772 directe

276 1853 318 1900 ac
335 1833 507 1916 primario
524 1833 712 1918 impediens
728 1834 958 1916 acceptionem
974 1833 1136 1900 ordinum
1152 1833 1458 1901 eccanasticanm

276 1963 307 2024 et
321 1962 564 2042 consequenter
578 1957 681 2023 etiam
696 1975 817 2024 eornm
828 1976 931 2024 asam
943 1977 974 2021 r.
990 1992 1007 2005 ·
1023 1957 1085 2021 Ill).
1100 1955 1267 2023 admodum
1281 1957 1411 2024 variant
1423 1959 1457 2022 in

276 2082 434 2149 tradenda
458 2081 712 2168 irregularitatis
735 2079 937 2158 defiuitione;
954 2081 1009 2148 sed
1035 2083 1094 2148 ista
1110 2081 1247 2164 videtur,
1264 2082 1367 2166 quoad
1384 2082 1460 2149 aaa

275 2205 450 2273 stantialia
466 2206 636 2278 elementa,
654 2206 795 2271 omqum
809 2204 1073 2292 probabilissima.
1091 2240 1136 2254 -
1152 2205 1364 2271 Nihilominus
1380 2211 1458 2292 puto

276 2329 420 2397 eamdem
433 2348 526 2416 posse
539 2329 673 2396 ulterius
686 2327 798 2416 perlici
815 2332 841 2395 si
858 2329 995 2396 addatur
1011 2330 1094 2395 istud
1106 2329 1368 2416 impedimentum
1383 2349 1457 2396 esse

271 2460 478 2540 perpetuam
502 2459 536 2520 ut
559 2454 773 2542 distinguatur
799 2455 839 2520 ab
862 2454 1096 2541 impedimeutIs
1119 2474 1182 2519 nou
1198 2455 1375 2538 perpetuis
1399 2455 1457 2521 sed

276 2584 448 2657 canonicis,
465 2582 564 2650 veluti
583 2580 810 2668 impedimento
834 2581 962 2648 aetatis.
988 2581 1107 2646 Suarez
1131 2581 1335 2646 omissIouem
1360 2581 1457 2646 huius

276 2705 421 2790 requisiti
436 2705 537 2772 fusius
553 2703 696 2770 tetendit
711 2705 732 2771 t.
749 2704 803 2770 cit.
818 2724 852 2770 n.
871 2703 926 2777 78,
940 2703 996 2768 sed
1013 2704 1081 2769 eins
1097 2703 1240 2768 rationes
1259 2720 1325 2767 uon
1342 2702 1457 2767 vIden·

362 2970 402 3042 (l)
421 2969 461 3024 (ll.
480 2969 611 3040 (lesperri
630 2999 646 3010 ·
666 2969 707 3024 De
728 2971 815 3024 Sacra
837 2969 904 3024 Ord.
924 2985 949 3022 n.
974 2969 1023 3023 157
1041 2969 1082 3023 ite
1105 2968 1203 3025 definit
1227 2969 1310 3039 irreg.
1329 2969 1457 3041 ‹Impe-

273 3081 428 3136 dimentnm
443 3087 581 3150 perpetuo
599 3079 749 3147 prohibens
772 3078 951 3132 collationem
969 3105 983 3118 ·
1002 3078 1206 3148 susceptionem
1234 3079 1369 3147 caiusque
1388 3095 1458 3149 pra-

273 3189 327 3242 dus
346 3185 489 3240 clericatis
507 3193 533 3239 et
551 3193 752 3254 consequenter
770 3186 902 3238 ordinum
921 3186 1088 3237 exercitium
1110 3192 1137 3238 et
1156 3183 1218 3238 ideo
1232 3187 1315 3239 etiam
1328 3187 1459 3255 beneficii

274 3296 454 3350 collationem
471 3323 485 3335 ·
503 3293 728 3363 acceptationem
749 3294 812 3346 inre
831 3308 891 3346 can.
911 3292 1089 3346 constitutam
1109 3309 1145 3347 en
1163 3292 1258 3362 aliquo
1276 3295 1389 3364 defectu
1408 3295 1458 3348 cel

273 3404 376 3458 delicto
393 3411 510 3473 propter
528 3401 716 3455 reverentiam
733 3399 823 3454 diuini
839 3399 989 3453 ministerii
1008 3416 1032 3452 r.
1053 3398 1129 3461 Quae
1151 3399 1277 3454 definitio
1295 3399 1330 3454 cl.
1351 3401 1458 3455 Aucto-

273 3511 312 3569 ris
329 3508 410 3564 nobis
428 3507 538 3562 videtur
556 3505 759 3576 aliquantisper
778 3504 873 3575 egredi
896 3507 967 3560 fines
995 3505 1118 3559 notionis
1137 3505 1371 3575 irregularitatis,
1389 3506 1456 3561 dum

273 3616 373 3674 recolit
391 3615 455 3671 inde
473 3614 613 3685 prohiberi
632 3614 830 3671 beneficiorum
850 3612 1038 3668 collationem.
1057 3613 1129 3667 Nam
1148 3617 1177 3669 et
1195 3613 1269 3670 aliae
1291 3629 1399 3684 paenae
1427 3621 1458 3671 et

273 3725 330 3780 elia
347 3723 546 3794 impedimenta
564 3720 713 3792 prohibent
739 3721 938 3776 beneficiorum
967 3719 1149 3788 collationem
1176 3719 1232 3775 imo
1260 3721 1458 3792 irregularitas

273 3849 327 3887 non
341 3835 418 3886 vetat
436 3831 555 3886 conferri
574 3829 739 3885 beneficium
752 3829 825 3899 quod
843 3828 982 3883 adnexum
1000 3845 1054 3884 non
1075 3828 1178 3884 habeat
1196 3829 1362 3884 exercitium
1382 3829 1458 3885 ordi-

273 3939 324 3994 nis.
335 3969 350 3980 ·
362 3937 442 3995 Unde
455 3939 488 3993 ad
502 3937 719 4007 irregularitatis
732 3941 861 3992 naturam
874 3953 946 4010 quae
963 3937 1082 4006 exprimi
1095 3937 1178 3994 debet
1191 3953 1240 4008 per
1252 3937 1457 4006 definitionem,

272 4063 328 4101 non
346 4046 469 4116 pertinet
486 4045 566 4117 quasi
585 4045 727 4116 proprium
746 4049 775 4100 et
793 4045 953 4114 specificam
973 4045 1138 4116 requisitum
1153 4043 1305 4115 prohibitio
1324 4045 1457 4100 collatio-

272 4155 316 4209 nis
333 4153 540 4210 beueflciorum.
560 4153 619 4208 Hoc
638 4154 737 4223 probat
756 4151 857 4207 Suarez
877 4153 895 4206 i.
911 4155 954 4206 cit.
974 4161 1039 4208 sect.
1054 4152 1150 4219 11‚19.
1169 4151 1357 4207 Nihilominus
1377 4157 1458 4223 patet

271 4275 409 4331 quaenam
427 4258 512 4314 fuerit
530 4256 565 4312 cl.
586 4257 716 4312 Auctoris
735 4256 870 4324 iutenti0;
889 4255 998 4312 scilicet
1022 4272 1078 4311 nou
1098 4255 1212 4312 reddere
1235 4255 1458 4325 irregularitatis

272 4365 442 4420 abstractam
460 4367 489 4420 et
505 4365 727 4437 philosophicam
739 4363 930 4420 definitionem
943 4362 990 4419 sed
1004 4363 1094 4434 magis
1111 4364 1267 4434 practicam
1282 4363 1386 4434 qqupe
1405 4363 1457 4418 de·

273 4480 410 4550 sumptam
430 4477 465 4533 eb
484 4475 637 4533 effectibus.
