3296 5108
307 293 374 359 370
831 314 915 362 raas
939 315 961 358 1.
1000 377 1011 405 f

306 433 517 498 ministerium
541 453 576 497 se
606 431 773 498 intrudant
804 453 908 516 neque
937 435 970 498 in
1002 454 1041 498 eo
1072 434 1257 500 ministrent
1279 441 1311 499 et
1340 437 1373 498 in
1404 453 1489 500 casu

307 558 402 625 dubii
425 557 605 632 declarare,
630 578 671 622 an
696 558 922 644 irregularitas
945 559 1053 643 vigeat
1074 559 1126 624 vel
1150 578 1226 623 non.
1253 595 1270 608 -
1297 560 1415 624 Praxis
1437 565 1490 625 est

308 683 361 749 SS.
381 683 684 770 Congregauonum,
700 685 768 750 sive
793 689 965 769 expetatur
989 683 1142 749 eiusmodi
1166 683 1252 750 dubii
1281 685 1394 749 solutio
1418 687 1489 750 sive

307 806 501 892 dispensatio
524 808 786 893 irregularitatis,
812 813 847 872 ut
870 809 951 874 istae
973 807 1179 893 expostulent
1206 814 1313 873 votum
1340 810 1489 894 Magistri

307 933 578 998 caerimoniarum
601 934 654 1016 qui
678 934 822 1018 experiri
849 933 944 999 debet
966 939 1089 999 attente
1106 933 1252 1000 deiectus
1275 936 1488 1018 quantitatem

308 1064 340 1123 et
362 1059 558 1141 qualitatem.
583 1059 669 1124 Voto
693 1060 840 1145 Magistri
871 1061 1141 1126 coerimoniarum
1165 1065 1197 1126 et
1227 1060 1376 1146 precibus
1401 1059 1490 1127 Ora-

307 1187 387 1250 toris
413 1205 505 1250 sunm
537 1184 633 1249 addat
656 1191 763 1249 votum
788 1187 965 1270 Episcopus
996 1191 1133 1271 oportet,
1157 1186 1240 1270 quod
1269 1187 1408 1250 maxime
1438 1191 1489 1251 at-

307 1309 443 1375 tendunt
473 1309 527 1376 SS.
561 1309 622 1376 GC.
653 1312 794 1374 maxime
828 1311 957 1394 quando
992 1330 1190 1398 magnopere
1221 1310 1491 1376 commendantur

308 1452 414 1498 mores
438 1434 587 1501 Oratoris
610 1435 742 1518 eiusque
766 1435 881 1498 merita
904 1453 965 1500 nec
989 1455 1053 1498 non
1077 1434 1305 1520 comprobatur
1319 1435 1490 1500 Ecclesiae

308 1559 428 1624 utilitas
450 1564 506 1624 aut
529 1559 714 1624 necessitas.
741 1595 758 1606 -
785 1559 845 1624 Sed
870 1579 966 1643 quum
991 1559 1077 1625 tacto
1101 1562 1324 1644 experimento
1352 1564 1385 1625 et
1408 1579 1490 1624 exa-

308 1683 403 1754 mine,
424 1681 528 1748 dubia
551 1687 601 1748 est
620 1681 853 1767 irregularitas,
871 1680 1034 1768 dispensat
1049 1701 1174 1766 quoque
1190 1682 1378 1767 Episcopus,
1396 1683 1491 1747 iuxta

309 1808 466 1893 exposita.

397 1931 508 2007 Quoad
532 1932 594 1996 iarn
618 1936 795 2014 promotos
825 1930 996 1995 declarare
1019 1950 1062 1995 an
1085 1932 1119 1995 hi
1144 1931 1388 2018 irregularitate
1410 1949 1490 2014 pro-

308 2054 480 2122 hibeantur
501 2055 542 2120 ab
564 2056 672 2140 aliquo
694 2061 769 2121 actu
792 2055 914 2120 ordinis
944 2042 1165 2137 ministrando³
1190 2075 1250 2141 per
1281 2075 1316 2120 sc
1346 2056 1490 2141 pertinet

308 2178 348 2244 ad
380 2182 571 2267 Episcopum
602 2183 635 2245 in
668 2182 758 2246 cuius
788 2179 929 2246 dioecesi
954 2181 1148 2245 domicilium
1172 2180 1291 2246 habent
1313 2181 1365 2245 vel
1396 2182 1489 2264 quasi

309 2308 522 2384 domicilinm;
546 2309 609 2372 imo
632 2309 750 2392 quique
774 2308 950 2393 Episcopus
981 2307 1021 2371 de
1052 2307 1173 2372 clerico
1205 2308 1237 2371 in
1268 2327 1328 2371 sua
1349 2307 1490 2372 dioecesi

309 2434 483 2518 peregrino
507 2431 658 2497 iudicium
682 2432 772 2496 ferre
796 2431 882 2496 valet
904 2450 946 2495 an
974 2433 1004 2496 ei
1032 2433 1171 2516 permitti
1197 2433 1295 2517 possit
1317 2451 1488 2498 sacrorum

309 2561 511 2624 ministratio.
538 2597 553 2606 -
578 2557 719 2623 Praelati
746 2559 937 2644 Regulares,
963 2559 988 2622 si
1013 2577 1124 2622 eorum
1149 2557 1263 2623 subditi
1292 2559 1402 2623 clerici
1426 2560 1487 2622 mi-

309 2684 447 2750 nistrent
470 2683 556 2748 intra
580 2684 818 2754 monasterium,
836 2683 1004 2747 declarant
1026 2702 1068 2747 an
1085 2683 1358 2768 irregularitatem
1378 2686 1489 2748 incur-

311 2809 415 2872 rerint
437 2807 528 2872 cuius
558 2805 675 2872 iudicio
699 2807 874 2892 Episcopus
906 2811 995 2872 stare
1024 2826 1087 2870 non
1112 2811 1242 2872 tenetur
1264 2808 1390 2892 quando
1414 2808 1488 2872 reli·

309 2937 417 3020 giosus
440 2934 583 2999 celebrat
607 2937 639 2997 et
660 2932 863 3005 administrat
886 2937 983 2998 extra
1006 2935 1246 2998 monasterium.

402 3057 513 3132 Quoad
532 3057 786 3139 promovendos
802 3064 851 3122 est
866 3058 1043 3141 Episcopus
1055 3056 1223 3139 proprius
1238 3059 1290 3142 qui
1307 3057 1419 3123 sedulo
1435 3079 1488 3122 ex·

310 3182 417 3268 plorat
438 3200 479 3244 an
496 3179 600 3245 obstet
615 3179 840 3264 irregularitas
856 3179 1025 3263 quominus
1040 3179 1170 3244 ordines
1186 3179 1407 3244 conferantur.
1425 3180 1487 3246 Sed

309 3308 427 3372 littoris
442 3306 582 3390 acceptis
599 3305 786 3370 dimissoriis
799 3306 977 3390 Episcopus
993 3305 1145 3370 ordinans
1161 3325 1225 3369 non
1241 3310 1371 3371 tenetur
1387 3304 1488 3370 dimit-

308 3433 405 3498 tentis
428 3435 515 3497 stare
538 3428 664 3494 iudicio.
691 3432 771 3494 Item
795 3431 972 3514 Episcopus
988 3429 1142 3496 ordinans
1166 3450 1230 3495 uon
1246 3435 1377 3496 tenetur
1399 3436 1487 3496 stare

310 3555 426 3621 iudicio
442 3555 624 3641 Superioris
642 3554 822 3640 Regularis.
840 3554 889 3621 Of.
907 3555 1037 3635 Suarez‚
1055 3554 1113 3630 50,
1130 3555 1165 3628 2,
1190 3575 1223 3619 a.
1241 3553 1285 3620 13
1298 3575 1348 3640 sq.
1365 3557 1485 3622 Smalz-

309 3681 451 3769 grueber
475 3683 502 3754 Ι,
525 3680 587 3758 20,
610 3700 644 3745 a.
670 3680 712 3746 15
734 3699 783 3764 sq.

398 3807 474 3871 283.
492 3805 570 3871 Cum
587 3805 766 3869 referamus
781 3803 822 3868 ad
837 3805 886 3870 ins
902 3803 1049 3870 naturale
1061 3803 1207 3869 delectus
1223 3805 1277 3888 qui
1293 3805 1486 3872 omniumr

309 3931 482 4018 prohibent
505 3949 672 3996 sacrorum
704 3929 853 3994 ordinum
877 3931 1078 4005 exercitium,
1104 3935 1253 4015 superest
1283 3937 1318 3996 ut
1347 3951 1390 3996 ex
1413 3933 1487 3997 iure

305 4057 450 4140 positivo
474 4062 507 4121 et
530 4075 572 4120 ex
595 4055 738 4140 legitima
760 4055 874 4121 amanti
894 4057 946 4121 vel
970 4056 1126 4122 iudiciali
1145 4059 1414 4142 interpretatione
1439 4077 1486 4121 ca·

310 4202 429 4247 nonum
445 4183 646 4247 desumamus
662 4181 796 4245 criteria
811 4179 851 4245 ad
866 4181 1114 4247 mensurandam
1139 4183 1325 4265 qualitatem
1342 4188 1375 4247 et
1391 4201 1486 4267 quan·

310 4310 432 4374 titatem
454 4308 599 4372 defectus
624 4304 706 4370 unde
730 4307 835 4371 oritur
858 4307 1093 4393 irregularitas.
1113 4307 1177 4372 Nos
1192 4328 1251 4394 pro
1267 4308 1487 4374 declaratione

310 4434 457 4520 principii
481 4432 588 4515 aliqua
611 4429 783 4498 afferemus
799 4434 948 4518 exempla
964 4435 1160 4518 potissimum
1177 4456 1219 4500 ex
1235 4433 1486 4519 iurisprudentia
