<?xml version="1.0" encoding="UTF-8"?>
<!DOCTYPE html PUBLIC "-//W3C//DTD XHTML 1.0 Transitional//EN"
    "http://www.w3.org/TR/xhtml1/DTD/xhtml1-transitional.dtd">
<html xmlns="http://www.w3.org/1999/xhtml" xml:lang="en" lang="en">
 <head>
  <title>
</title>
<meta http-equiv="Content-Type" content="text/html;charset=utf-8" />
  <meta name='ocr-system' content='tesseract 3.04.00' />
  <meta name='ocr-capabilities' content='ocr_page ocr_carea ocr_par ocr_line ocrx_word'/>
</head>
<body>
  <div class='ocr_page' id='page_1' title='image "./praelectionesin02legagoog_0436.png"; bbox 0 0 3296 5108; ppageno 0'>
   <div class='ocr_carea' id='block_1_1' title="bbox 520 299 1318 368">
    <p class='ocr_par' dir='ltr' id='par_1_1' title="bbox 520 299 1318 368">
     <span class='ocr_line' id='line_1_1' title="bbox 520 299 1318 368; baseline -0.005 0"><span class='ocrx_word' id='word_1_1' title='bbox 520 321 563 368; x_wconf 85' lang='lat' dir='ltr'>us</span> <span class='ocrx_word' id='word_1_2' title='bbox 588 320 741 368; x_wconf 80' lang='lat' dir='ltr'>ouulcrrs</span> <span class='ocrx_word' id='word_1_3' title='bbox 766 320 808 366; x_wconf 83' lang='lat' dir='ltr'>ar</span> <span class='ocrx_word' id='word_1_4' title='bbox 831 320 950 367; x_wconf 78' lang='lat' dir='ltr'>Potanls</span> <span class='ocrx_word' id='word_1_5' title='bbox 1256 299 1318 364; x_wconf 81' lang='lat'>431</span> 
     </span>
    </p>
   </div>
   <div class='ocr_carea' id='block_1_2' title="bbox 141 439 1328 3510">
    <p class='ocr_par' dir='ltr' id='par_1_2' title="bbox 141 439 1323 1776">
     <span class='ocr_line' id='line_1_2' title="bbox 236 439 1322 529; baseline -0.002 -21"><span class='ocrx_word' id='word_1_6' title='bbox 236 443 312 508; x_wconf 80' lang='lat'><strong>343.</strong></span> <span class='ocrx_word' id='word_1_7' title='bbox 338 445 375 508; x_wconf 90' lang='lat' dir='ltr'>In</span> <span class='ocrx_word' id='word_1_8' title='bbox 399 444 468 529; x_wconf 87' lang='lat' dir='ltr'>ipsa</span> <span class='ocrx_word' id='word_1_9' title='bbox 491 461 572 508; x_wconf 83' lang='lat' dir='ltr'>vero</span> <span class='ocrx_word' id='word_1_10' title='bbox 596 443 829 510; x_wconf 78' lang='lat' dir='ltr'>Constitutione</span> <span class='ocrx_word' id='word_1_11' title='bbox 857 443 1012 521; x_wconf 85' lang='lat' dir='ltr'>innuitur,</span> <span class='ocrx_word' id='word_1_12' title='bbox 1038 440 1156 506; x_wconf 90' lang='lat' dir='ltr'>librum</span> <span class='ocrx_word' id='word_1_13' title='bbox 1184 439 1322 525; x_wconf 84' lang='lat' dir='ltr'>aliquem</span> 
     </span>
     <span class='ocr_line' id='line_1_3' title="bbox 142 563 1322 652; baseline -0.003 -21"><span class='ocrx_word' id='word_1_14' title='bbox 142 587 217 632; x_wconf 88' lang='lat' dir='ltr'>esse</span> <span class='ocrx_word' id='word_1_15' title='bbox 241 565 437 652; x_wconf 85' lang='lat' dir='ltr'>prohibitum</span> <span class='ocrx_word' id='word_1_16' title='bbox 462 571 527 631; x_wconf 89' lang='lat' dir='ltr'>tum</span> <span class='ocrx_word' id='word_1_17' title='bbox 550 567 623 630; x_wconf 91' lang='lat' dir='ltr'>iure</span> <span class='ocrx_word' id='word_1_18' title='bbox 648 570 784 631; x_wconf 89' lang='lat' dir='ltr'>naturae</span> <span class='ocrx_word' id='word_1_19' title='bbox 807 585 864 630; x_wconf 91' lang='lat' dir='ltr'>seu</span> <span class='ocrx_word' id='word_1_20' title='bbox 879 563 1033 630; x_wconf 81' lang='lat' dir='ltr'>naturali</span> <span class='ocrx_word' id='word_1_21' title='bbox 1055 569 1123 628; x_wconf 91' lang='lat' dir='ltr'>tum</span> <span class='ocrx_word' id='word_1_22' title='bbox 1144 564 1214 628; x_wconf 88' lang='lat' dir='ltr'>iure</span> <span class='ocrx_word' id='word_1_23' title='bbox 1232 564 1322 645; x_wconf 79' lang='lat' dir='ltr'>posi·</span> 
     </span>
     <span class='ocr_line' id='line_1_4' title="bbox 148 678 1321 773; baseline -0.002 -19"><span class='ocrx_word' id='word_1_24' title='bbox 148 689 236 773; x_wconf 81' lang='lat' dir='ltr'>tiuo;</span> <span class='ocrx_word' id='word_1_25' title='bbox 260 695 316 756; x_wconf 90' lang='lat' dir='ltr'>aut</span> <span class='ocrx_word' id='word_1_26' title='bbox 347 688 519 772; x_wconf 89' lang='lat' dir='ltr'>aliquando</span> <span class='ocrx_word' id='word_1_27' title='bbox 550 691 618 754; x_wconf 88' lang='lat' dir='ltr'>sive</span> <span class='ocrx_word' id='word_1_28' title='bbox 650 691 721 753; x_wconf 89' lang='lat' dir='ltr'>iure</span> <span class='ocrx_word' id='word_1_29' title='bbox 751 678 1076 767; x_wconf 61' lang='lat' dir='ltr'>collimitantum,</span> <span class='ocrx_word' id='word_1_30' title='bbox 1100 689 1168 753; x_wconf 87' lang='lat' dir='ltr'>sive</span> <span class='ocrx_word' id='word_1_31' title='bbox 1198 693 1321 752; x_wconf 89' lang='lat' dir='ltr'>tantum</span> 
     </span>
     <span class='ocr_line' id='line_1_5' title="bbox 145 813 1322 898; baseline -0.001 -19"><span class='ocrx_word' id='word_1_32' title='bbox 145 819 218 880; x_wconf 90' lang='lat' dir='ltr'>iure</span> <span class='ocrx_word' id='word_1_33' title='bbox 245 815 401 898; x_wconf 84' lang='lat' dir='ltr'>positivo.</span> <span class='ocrx_word' id='word_1_34' title='bbox 427 815 576 880; x_wconf 87' lang='lat' dir='ltr'>Iamvero</span> <span class='ocrx_word' id='word_1_35' title='bbox 607 813 770 878; x_wconf 89' lang='lat' dir='ltr'>diversum</span> <span class='ocrx_word' id='word_1_36' title='bbox 802 818 851 878; x_wconf 90' lang='lat' dir='ltr'>est</span> <span class='ocrx_word' id='word_1_37' title='bbox 882 813 1123 879; x_wconf 86' lang='lat' dir='ltr'>fundamentum</span> <span class='ocrx_word' id='word_1_38' title='bbox 1155 813 1322 898; x_wconf 89' lang='lat' dir='ltr'>utriusque</span> 
     </span>
     <span class='ocr_line' id='line_1_6' title="bbox 144 937 1321 1024; baseline 0 -22"><span class='ocrx_word' id='word_1_39' title='bbox 144 941 241 1014; x_wconf 91' lang='lat' dir='ltr'>iuris;</span> <span class='ocrx_word' id='word_1_40' title='bbox 266 959 340 1004; x_wconf 87' lang='lat' dir='ltr'>nam</span> <span class='ocrx_word' id='word_1_41' title='bbox 363 939 538 1024; x_wconf 79' lang='lat' dir='ltr'>prohibitio</span> <span class='ocrx_word' id='word_1_42' title='bbox 563 959 605 1003; x_wconf 79' lang='lat' dir='ltr'>ex</span> <span class='ocrx_word' id='word_1_43' title='bbox 629 939 701 1003; x_wconf 91' lang='lat' dir='ltr'>iure</span> <span class='ocrx_word' id='word_1_44' title='bbox 724 937 865 1005; x_wconf 88' lang='lat' dir='ltr'>naturali</span> <span class='ocrx_word' id='word_1_45' title='bbox 889 939 1036 1004; x_wconf 88' lang='lat' dir='ltr'>innititur</span> <span class='ocrx_word' id='word_1_46' title='bbox 1058 937 1213 1020; x_wconf 65' lang='lat' dir='ltr'>patacio</span> <span class='ocrx_word' id='word_1_47' title='bbox 1238 937 1321 1022; x_wconf 92' lang='lat' dir='ltr'>quod</span> 
     </span>
     <span class='ocr_line' id='line_1_7' title="bbox 141 1063 1321 1150; baseline -0.003 -21"><span class='ocrx_word' id='word_1_48' title='bbox 141 1067 278 1149; x_wconf 88' lang='lat' dir='ltr'>quisque</span> <span class='ocrx_word' id='word_1_49' title='bbox 294 1065 449 1150; x_wconf 84' lang='lat' dir='ltr'>persentit</span> <span class='ocrx_word' id='word_1_50' title='bbox 465 1065 497 1128; x_wconf 92' lang='lat' dir='ltr'>in</span> <span class='ocrx_word' id='word_1_51' title='bbox 511 1064 652 1150; x_wconf 84' lang='lat' dir='ltr'>legendo</span> <span class='ocrx_word' id='word_1_52' title='bbox 668 1063 769 1138; x_wconf 91' lang='lat' dir='ltr'>libro;</span> <span class='ocrx_word' id='word_1_53' title='bbox 786 1065 834 1128; x_wconf 90' lang='lat' dir='ltr'>ius</span> <span class='ocrx_word' id='word_1_54' title='bbox 846 1082 927 1130; x_wconf 84' lang='lat' dir='ltr'>uero</span> <span class='ocrx_word' id='word_1_55' title='bbox 939 1065 1109 1149; x_wconf 84' lang='lat' dir='ltr'>positivum</span> <span class='ocrx_word' id='word_1_56' title='bbox 1126 1063 1273 1127; x_wconf 90' lang='lat' dir='ltr'>innititur</span> <span class='ocrx_word' id='word_1_57' title='bbox 1288 1064 1321 1128; x_wconf 93' lang='lat' dir='ltr'>in</span> 
     </span>
     <span class='ocr_line' id='line_1_8' title="bbox 141 1188 1322 1273; baseline 0 -21"><span class='ocrx_word' id='word_1_58' title='bbox 141 1190 423 1272; x_wconf 72' lang='lat' dir='ltr'>praesumptione</span> <span class='ocrx_word' id='word_1_59' title='bbox 441 1189 597 1271; x_wconf 80' lang='lat' dir='ltr'>periculi.</span> <span class='ocrx_word' id='word_1_60' title='bbox 618 1188 708 1254; x_wconf 85' lang='lat' dir='ltr'>Unde</span> <span class='ocrx_word' id='word_1_61' title='bbox 728 1190 777 1253; x_wconf 89' lang='lat' dir='ltr'>ius</span> <span class='ocrx_word' id='word_1_62' title='bbox 800 1188 949 1252; x_wconf 89' lang='lat' dir='ltr'>naturale</span> <span class='ocrx_word' id='word_1_63' title='bbox 973 1193 1106 1254; x_wconf 85' lang='lat' dir='ltr'>eatenus</span> <span class='ocrx_word' id='word_1_64' title='bbox 1129 1193 1225 1273; x_wconf 87' lang='lat' dir='ltr'>urget</span> <span class='ocrx_word' id='word_1_65' title='bbox 1249 1207 1322 1271; x_wconf 90' lang='lat' dir='ltr'>qua·</span> 
     </span>
     <span class='ocr_line' id='line_1_9' title="bbox 144 1312 1322 1398; baseline 0 -20"><span class='ocrx_word' id='word_1_66' title='bbox 144 1319 239 1378; x_wconf 90' lang='lat' dir='ltr'>tenus</span> <span class='ocrx_word' id='word_1_67' title='bbox 262 1313 353 1378; x_wconf 88' lang='lat' dir='ltr'>adest</span> <span class='ocrx_word' id='word_1_68' title='bbox 376 1313 553 1398; x_wconf 90' lang='lat' dir='ltr'>periculum</span> <span class='ocrx_word' id='word_1_69' title='bbox 578 1315 611 1376; x_wconf 95' lang='lat' dir='ltr'>in</span> <span class='ocrx_word' id='word_1_70' title='bbox 635 1312 761 1398; x_wconf 83' lang='lat' dir='ltr'>singulo</span> <span class='ocrx_word' id='word_1_71' title='bbox 785 1313 931 1398; x_wconf 84' lang='lat' dir='ltr'>legente;</span> <span class='ocrx_word' id='word_1_72' title='bbox 957 1315 1005 1378; x_wconf 87' lang='lat' dir='ltr'>ius</span> <span class='ocrx_word' id='word_1_73' title='bbox 1028 1314 1197 1398; x_wconf 89' lang='lat' dir='ltr'>positivum</span> <span class='ocrx_word' id='word_1_74' title='bbox 1221 1333 1322 1397; x_wconf 89' lang='lat' dir='ltr'>aeque</span> 
     </span>
     <span class='ocr_line' id='line_1_10' title="bbox 144 1437 1323 1524; baseline -0.001 -20"><span class='ocrx_word' id='word_1_75' title='bbox 144 1439 266 1524; x_wconf 85' lang='lat' dir='ltr'>obligat</span> <span class='ocrx_word' id='word_1_76' title='bbox 290 1439 347 1504; x_wconf 89' lang='lat' dir='ltr'>etsi</span> <span class='ocrx_word' id='word_1_77' title='bbox 372 1437 475 1522; x_wconf 87' lang='lat' dir='ltr'>quoad</span> <span class='ocrx_word' id='word_1_78' title='bbox 499 1439 659 1524; x_wconf 83' lang='lat' dir='ltr'>singulum</span> <span class='ocrx_word' id='word_1_79' title='bbox 684 1437 810 1504; x_wconf 90' lang='lat' dir='ltr'>fidelem</span> <span class='ocrx_word' id='word_1_80' title='bbox 835 1438 1013 1523; x_wconf 89' lang='lat' dir='ltr'>periculum</span> <span class='ocrx_word' id='word_1_81' title='bbox 1038 1459 1102 1504; x_wconf 95' lang='lat' dir='ltr'>non</span> <span class='ocrx_word' id='word_1_82' title='bbox 1125 1439 1223 1514; x_wconf 88' lang='lat' dir='ltr'>adsit;</span> <span class='ocrx_word' id='word_1_83' title='bbox 1249 1441 1323 1523; x_wconf 91' lang='lat' dir='ltr'>quia</span> 
     </span>
     <span class='ocr_line' id='line_1_11' title="bbox 146 1563 1323 1649; baseline 0.003 -21"><span class='ocrx_word' id='word_1_84' title='bbox 146 1564 202 1628; x_wconf 81' lang='lat' dir='ltr'>lex</span> <span class='ocrx_word' id='word_1_85' title='bbox 231 1565 367 1649; x_wconf 82' lang='lat' dir='ltr'>positiva</span> <span class='ocrx_word' id='word_1_86' title='bbox 398 1582 461 1627; x_wconf 90' lang='lat' dir='ltr'>non</span> <span class='ocrx_word' id='word_1_87' title='bbox 494 1567 599 1628; x_wconf 87' lang='lat' dir='ltr'>cessat</span> <span class='ocrx_word' id='word_1_88' title='bbox 629 1564 774 1647; x_wconf 89' lang='lat' dir='ltr'>quamvis</span> <span class='ocrx_word' id='word_1_89' title='bbox 806 1563 875 1629; x_wconf 89' lang='lat' dir='ltr'>eius</span> <span class='ocrx_word' id='word_1_90' title='bbox 906 1565 1133 1649; x_wconf 86' lang='lat' dir='ltr'>praesumptio,</span> <span class='ocrx_word' id='word_1_91' title='bbox 1165 1584 1219 1630; x_wconf 89' lang='lat' dir='ltr'>seu</span> <span class='ocrx_word' id='word_1_92' title='bbox 1252 1563 1323 1631; x_wconf 86' lang='lat' dir='ltr'>finis</span> 
     </span>
     <span class='ocr_line' id='line_1_12' title="bbox 144 1685 1232 1776; baseline 0 -22"><span class='ocrx_word' id='word_1_93' title='bbox 144 1695 249 1755; x_wconf 79' lang='lat' dir='ltr'>cesset</span> <span class='ocrx_word' id='word_1_94' title='bbox 273 1690 387 1774; x_wconf 83' lang='lat' dir='ltr'>quood</span> <span class='ocrx_word' id='word_1_95' title='bbox 413 1689 586 1776; x_wconf 74' lang='lat' dir='ltr'>simpulum</span> <span class='ocrx_word' id='word_1_96' title='bbox 610 1687 746 1755; x_wconf 84' lang='lat' dir='ltr'>fidelem.</span> <span class='ocrx_word' id='word_1_97' title='bbox 773 1685 820 1755; x_wconf 82' lang='lat' dir='ltr'>Of.</span> <span class='ocrx_word' id='word_1_98' title='bbox 848 1688 1046 1754; x_wconf 80' lang='lat' dir='ltr'>D’Annibale</span> <span class='ocrx_word' id='word_1_99' title='bbox 1071 1690 1131 1769; x_wconf 92' lang='lat' dir='ltr'>Ill,</span> <span class='ocrx_word' id='word_1_100' title='bbox 1159 1689 1232 1754; x_wconf 89' lang='grc'><strong>143.</strong></span> 
     </span>
    </p>

    <p class='ocr_par' dir='ltr' id='par_1_3' title="bbox 145 1814 1324 2270">
     <span class='ocr_line' id='line_1_13' title="bbox 236 1814 1324 1900; baseline -0.001 -19"><span class='ocrx_word' id='word_1_101' title='bbox 236 1814 298 1881; x_wconf 90' lang='lat' dir='ltr'>Sed</span> <span class='ocrx_word' id='word_1_102' title='bbox 322 1815 517 1880; x_wconf 89' lang='lat' dir='ltr'>absolevisse</span> <span class='ocrx_word' id='word_1_103' title='bbox 541 1814 676 1880; x_wconf 90' lang='lat' dir='ltr'>dicenda</span> <span class='ocrx_word' id='word_1_104' title='bbox 699 1821 750 1881; x_wconf 89' lang='lat' dir='ltr'>est</span> <span class='ocrx_word' id='word_1_105' title='bbox 772 1814 946 1900; x_wconf 87' lang='lat' dir='ltr'>prohibitio</span> <span class='ocrx_word' id='word_1_106' title='bbox 969 1815 1005 1879; x_wconf 80' lang='lat' dir='ltr'>in</span> <span class='ocrx_word' id='word_1_107' title='bbox 1036 1815 1153 1881; x_wconf 81' lang='lat' dir='ltr'>octium</span> <span class='ocrx_word' id='word_1_108' title='bbox 1176 1815 1324 1880; x_wconf 85' lang='lat' dir='ltr'>auctoris</span> 
     </span>
     <span class='ocr_line' id='line_1_14' title="bbox 145 1937 1322 2022; baseline -0.002 -18"><span class='ocrx_word' id='word_1_109' title='bbox 145 1940 220 2022; x_wconf 82' lang='lat' dir='ltr'>quia</span> <span class='ocrx_word' id='word_1_110' title='bbox 243 1959 308 2004; x_wconf 93' lang='lat' dir='ltr'>non</span> <span class='ocrx_word' id='word_1_111' title='bbox 331 1944 612 2004; x_wconf 87' lang='lat' dir='ltr'>commemoratur.</span> <span class='ocrx_word' id='word_1_112' title='bbox 630 1937 734 2013; x_wconf 86' lang='lat' dir='ltr'>Quum</span> <span class='ocrx_word' id='word_1_113' title='bbox 751 1958 830 2004; x_wconf 86' lang='lat' dir='ltr'>vero</span> <span class='ocrx_word' id='word_1_114' title='bbox 846 1938 998 2003; x_wconf 85' lang='lat' dir='ltr'>dicuntur</span> <span class='ocrx_word' id='word_1_115' title='bbox 1020 1939 1201 2022; x_wconf 87' lang='lat' dir='ltr'>proscripta</span> <span class='ocrx_word' id='word_1_116' title='bbox 1217 1955 1322 2020; x_wconf 84' lang='lat' dir='ltr'>opero</span> 
     </span>
     <span class='ocr_line' id='line_1_15' title="bbox 146 2059 1322 2148; baseline -0.002 -21"><span class='ocrx_word' id='word_1_117' title='bbox 146 2062 265 2127; x_wconf 79' lang='lat' dir='ltr'>omnia</span> <span class='ocrx_word' id='word_1_118' title='bbox 288 2062 521 2148; x_wconf 84' lang='lat' dir='ltr'>ingelliguntur</span> <span class='ocrx_word' id='word_1_119' title='bbox 553 2063 735 2146; x_wconf 88' lang='lat' dir='ltr'>proscripta</span> <span class='ocrx_word' id='word_1_120' title='bbox 758 2080 796 2126; x_wconf 87' lang='lat' dir='ltr'>ea</span> <span class='ocrx_word' id='word_1_121' title='bbox 820 2081 901 2145; x_wconf 89' lang='lat' dir='ltr'>quae</span> <span class='ocrx_word' id='word_1_122' title='bbox 926 2063 988 2124; x_wconf 86' lang='lat' dir='ltr'>iam</span> <span class='ocrx_word' id='word_1_123' title='bbox 1013 2061 1046 2124; x_wconf 93' lang='lat' dir='ltr'>in</span> <span class='ocrx_word' id='word_1_124' title='bbox 1069 2060 1174 2126; x_wconf 86' lang='lat' dir='ltr'>lucem</span> <span class='ocrx_word' id='word_1_125' title='bbox 1198 2059 1322 2145; x_wconf 89' lang='lat' dir='ltr'>prodie-</span> 
     </span>
     <span class='ocr_line' id='line_1_16' title="bbox 147 2187 772 2270; baseline 0 -20"><span class='ocrx_word' id='word_1_126' title='bbox 147 2193 231 2251; x_wconf 89' lang='lat' dir='ltr'>runt.</span> <span class='ocrx_word' id='word_1_127' title='bbox 259 2222 276 2235; x_wconf 94' lang='lat'>-</span> <span class='ocrx_word' id='word_1_128' title='bbox 301 2188 534 2252; x_wconf 84' lang='lat' dir='ltr'>Vermeersch.</span> <span class='ocrx_word' id='word_1_129' title='bbox 560 2189 581 2253; x_wconf 82' lang='lat' dir='ltr'>l.</span> <span class='ocrx_word' id='word_1_130' title='bbox 607 2207 633 2253; x_wconf 83' lang='lat' dir='ltr'>c.</span> <span class='ocrx_word' id='word_1_131' title='bbox 655 2206 691 2270; x_wconf 85' lang='lat' dir='ltr'>p.</span> <span class='ocrx_word' id='word_1_132' title='bbox 717 2187 772 2252; x_wconf 80' lang='grc'>48.</span> 
     </span>
    </p>

    <p class='ocr_par' dir='ltr' id='par_1_4' title="bbox 143 2308 1328 3510">
     <span class='ocr_line' id='line_1_17' title="bbox 236 2308 1324 2396; baseline 0.002 -24"><span class='ocrx_word' id='word_1_133' title='bbox 236 2309 312 2374; x_wconf 83' lang='grc'><strong>344.</strong></span> <span class='ocrx_word' id='word_1_134' title='bbox 338 2312 376 2377; x_wconf 91' lang='lat' dir='ltr'>In</span> <span class='ocrx_word' id='word_1_135' title='bbox 401 2311 635 2379; x_wconf 85' lang='lat' dir='ltr'>Constitutione</span> <span class='ocrx_word' id='word_1_136' title='bbox 666 2331 820 2396; x_wconf 83' lang='lat' dir='ltr'>expresse</span> <span class='ocrx_word' id='word_1_137' title='bbox 852 2315 985 2376; x_wconf 84' lang='lat' dir='ltr'>cavetur</span> <span class='ocrx_word' id='word_1_138' title='bbox 1009 2308 1048 2374; x_wconf 92' lang='lat' dir='ltr'>de</span> <span class='ocrx_word' id='word_1_139' title='bbox 1076 2309 1180 2381; x_wconf 81' lang='lat' dir='ltr'>tibris,</span> <span class='ocrx_word' id='word_1_140' title='bbox 1206 2309 1324 2376; x_wconf 85' lang='lat' dir='ltr'>libellis</span> 
     </span>
     <span class='ocr_line' id='line_1_18' title="bbox 143 2434 1325 2521; baseline 0 -21"><span class='ocrx_word' id='word_1_141' title='bbox 143 2435 339 2517; x_wconf 65' lang='lat' dir='ltr'>paeonias,</span> <span class='ocrx_word' id='word_1_142' title='bbox 356 2435 501 2518; x_wconf 81' lang='lat' dir='ltr'>scriptis,</span> <span class='ocrx_word' id='word_1_143' title='bbox 519 2436 650 2508; x_wconf 83' lang='lat' dir='ltr'>diariis,</span> <span class='ocrx_word' id='word_1_144' title='bbox 666 2437 768 2519; x_wconf 77' lang='lat' dir='ltr'>foliis.</span> <span class='ocrx_word' id='word_1_145' title='bbox 784 2471 800 2484; x_wconf 94' lang='lat'>-</span> <span class='ocrx_word' id='word_1_146' title='bbox 815 2435 917 2502; x_wconf 85' lang='lat' dir='ltr'>Liber</span> <span class='ocrx_word' id='word_1_147' title='bbox 932 2437 1090 2521; x_wconf 82' lang='lat' dir='ltr'>accipitur</span> <span class='ocrx_word' id='word_1_148' title='bbox 1106 2434 1201 2500; x_wconf 90' lang='lat' dir='ltr'>hodie</span> <span class='ocrx_word' id='word_1_149' title='bbox 1218 2437 1325 2519; x_wconf 89' lang='lat' dir='ltr'>prouti</span> 
     </span>
     <span class='ocr_line' id='line_1_19' title="bbox 147 2555 1325 2644; baseline 0.002 -23"><span class='ocrx_word' id='word_1_150' title='bbox 147 2559 180 2622; x_wconf 90' lang='lat' dir='ltr'>in</span> <span class='ocrx_word' id='word_1_151' title='bbox 197 2559 299 2624; x_wconf 83' lang='lat' dir='ltr'>veteri</span> <span class='ocrx_word' id='word_1_152' title='bbox 314 2559 394 2623; x_wconf 92' lang='lat' dir='ltr'>iure.</span> <span class='ocrx_word' id='word_1_153' title='bbox 412 2559 462 2623; x_wconf 87' lang='lat' dir='ltr'>Ad</span> <span class='ocrx_word' id='word_1_154' title='bbox 480 2578 548 2623; x_wconf 90' lang='lat' dir='ltr'>rem</span> <span class='ocrx_word' id='word_1_155' title='bbox 565 2559 646 2624; x_wconf 89' lang='lat' dir='ltr'>haec</span> <span class='ocrx_word' id='word_1_156' title='bbox 660 2559 756 2624; x_wconf 89' lang='lat' dir='ltr'>habet</span> <span class='ocrx_word' id='word_1_157' title='bbox 773 2556 973 2624; x_wconf 83' lang='lat' dir='ltr'>D&#39;Annibale</span> <span class='ocrx_word' id='word_1_158' title='bbox 987 2555 1060 2643; x_wconf 85' lang='grc' dir='ltr'><strong>(ΙΙΙ,</strong></span> <span class='ocrx_word' id='word_1_159' title='bbox 1076 2558 1163 2644; x_wconf 81' lang='grc'>14]).</span> <span class='ocrx_word' id='word_1_160' title='bbox 1180 2581 1198 2620; x_wconf 89' lang='lat'><strong>‹</strong></span> <span class='ocrx_word' id='word_1_161' title='bbox 1212 2558 1325 2624; x_wconf 89' lang='lat' dir='ltr'>Libros</span> 
     </span>
     <span class='ocr_line' id='line_1_20' title="bbox 146 2679 1324 2766; baseline 0 -22"><span class='ocrx_word' id='word_1_162' title='bbox 146 2686 255 2746; x_wconf 88' lang='lat' dir='ltr'>autem</span> <span class='ocrx_word' id='word_1_163' title='bbox 271 2681 444 2766; x_wconf 82' lang='lat' dir='ltr'>accipimus</span> <span class='ocrx_word' id='word_1_164' title='bbox 461 2680 557 2746; x_wconf 90' lang='lat' dir='ltr'>hodie</span> <span class='ocrx_word' id='word_1_165' title='bbox 573 2683 626 2764; x_wconf 93' lang='lat' dir='ltr'>qui</span> <span class='ocrx_word' id='word_1_166' title='bbox 642 2683 728 2766; x_wconf 73' lang='lat' dir='ltr'>typis</span> <span class='ocrx_word' id='word_1_167' title='bbox 745 2679 885 2747; x_wconf 88' lang='lat' dir='ltr'>eduntur</span> <span class='ocrx_word' id='word_1_168' title='bbox 902 2686 933 2746; x_wconf 89' lang='lat' dir='ltr'>et</span> <span class='ocrx_word' id='word_1_169' title='bbox 950 2682 1056 2765; x_wconf 86' lang='lat' dir='ltr'>aliquo</span> <span class='ocrx_word' id='word_1_170' title='bbox 1072 2681 1234 2747; x_wconf 83' lang='lat' dir='ltr'>uolumine</span> <span class='ocrx_word' id='word_1_171' title='bbox 1250 2701 1324 2744; x_wconf 88' lang='lat' dir='ltr'>con·</span> 
     </span>
     <span class='ocr_line' id='line_1_21' title="bbox 147 2803 1325 2889; baseline -0.003 -19"><span class='ocrx_word' id='word_1_172' title='bbox 147 2809 243 2870; x_wconf 88' lang='lat' dir='ltr'>stant.</span> <span class='ocrx_word' id='word_1_173' title='bbox 269 2803 379 2878; x_wconf 81' lang='lat' dir='ltr'>Quare</span> <span class='ocrx_word' id='word_1_174' title='bbox 409 2805 525 2869; x_wconf 89' lang='lat' dir='ltr'>merito</span> <span class='ocrx_word' id='word_1_175' title='bbox 556 2803 684 2888; x_wconf 89' lang='lat' dir='ltr'>quidam</span> <span class='ocrx_word' id='word_1_176' title='bbox 708 2811 830 2889; x_wconf 84' lang='lat' dir='ltr'>negant</span> <span class='ocrx_word' id='word_1_177' title='bbox 860 2806 1080 2888; x_wconf 87' lang='lat' dir='ltr'>manuscripta</span> <span class='ocrx_word' id='word_1_178' title='bbox 1110 2803 1325 2889; x_wconf 84' lang='lat' dir='ltr'>prohibitione</span> 
     </span>
     <span class='ocr_line' id='line_1_22' title="bbox 146 2926 1326 3016; baseline 0 -23"><span class='ocrx_word' id='word_1_179' title='bbox 146 2929 308 2995; x_wconf 87' lang='lat' dir='ltr'>contineri</span> <span class='ocrx_word' id='word_1_180' title='bbox 325 2926 389 3016; x_wconf 86' lang='lat'>(1);</span> <span class='ocrx_word' id='word_1_181' title='bbox 406 2949 468 2994; x_wconf 90' lang='lat' dir='ltr'>neo</span> <span class='ocrx_word' id='word_1_182' title='bbox 485 2930 645 2994; x_wconf 88' lang='lat' dir='ltr'>immerito</span> <span class='ocrx_word' id='word_1_183' title='bbox 662 2931 791 3015; x_wconf 86' lang='lat' dir='ltr'>scripta,</span> <span class='ocrx_word' id='word_1_184' title='bbox 806 2931 891 3015; x_wconf 77' lang='lat' dir='ltr'>typis</span> <span class='ocrx_word' id='word_1_185' title='bbox 909 2929 1037 3014; x_wconf 90' lang='lat' dir='ltr'>quidem</span> <span class='ocrx_word' id='word_1_186' title='bbox 1049 2929 1144 3002; x_wconf 88' lang='lat' dir='ltr'>edita,</span> <span class='ocrx_word' id='word_1_187' title='bbox 1162 2929 1217 2994; x_wconf 89' lang='lat' dir='ltr'>sed</span> <span class='ocrx_word' id='word_1_188' title='bbox 1234 2929 1326 2993; x_wconf 90' lang='lat' dir='ltr'>molis</span> 
     </span>
     <span class='ocr_line' id='line_1_23' title="bbox 147 3052 1327 3140; baseline 0.001 -23"><span class='ocrx_word' id='word_1_189' title='bbox 147 3052 230 3118; x_wconf 90' lang='lat' dir='ltr'>adeo</span> <span class='ocrx_word' id='word_1_190' title='bbox 255 3056 393 3138; x_wconf 82' lang='lat' dir='ltr'>exiguae</span> <span class='ocrx_word' id='word_1_191' title='bbox 417 3059 452 3119; x_wconf 89' lang='lat' dir='ltr'>ut</span> <span class='ocrx_word' id='word_1_192' title='bbox 476 3056 577 3140; x_wconf 84' lang='lat' dir='ltr'>magis</span> <span class='ocrx_word' id='word_1_193' title='bbox 601 3074 662 3136; x_wconf 93' lang='lat' dir='ltr'>quo</span> <span class='ocrx_word' id='word_1_194' title='bbox 685 3055 748 3119; x_wconf 89' lang='lat' dir='ltr'>alio</span> <span class='ocrx_word' id='word_1_195' title='bbox 772 3055 911 3124; x_wconf 85' lang='lat' dir='ltr'>nomine,</span> <span class='ocrx_word' id='word_1_196' title='bbox 937 3055 1027 3118; x_wconf 90' lang='lat' dir='ltr'>velut</span> <span class='ocrx_word' id='word_1_197' title='bbox 1049 3053 1186 3138; x_wconf 73' lang='lat' dir='ltr'>eteyioe,</span> <span class='ocrx_word' id='word_1_198' title='bbox 1211 3053 1327 3136; x_wconf 83' lang='lat' dir='ltr'>episto-</span> 
     </span>
     <span class='ocr_line' id='line_1_24' title="bbox 147 3173 1327 3261; baseline 0 -24"><span class='ocrx_word' id='word_1_199' title='bbox 147 3175 211 3248; x_wconf 85' lang='lat' dir='ltr'>tae,</span> <span class='ocrx_word' id='word_1_200' title='bbox 236 3175 403 3240; x_wconf 81' lang='lat' dir='ltr'>orationis</span> <span class='ocrx_word' id='word_1_201' title='bbox 433 3193 528 3258; x_wconf 88' lang='lat' dir='ltr'>quarn</span> <span class='ocrx_word' id='word_1_202' title='bbox 560 3173 717 3239; x_wconf 89' lang='lat' dir='ltr'>librorum</span> <span class='ocrx_word' id='word_1_203' title='bbox 749 3175 929 3260; x_wconf 87' lang='lat' dir='ltr'>nuncupari</span> <span class='ocrx_word' id='word_1_204' title='bbox 953 3175 1058 3241; x_wconf 88' lang='lat' dir='ltr'>solent</span> <span class='ocrx_word' id='word_1_205' title='bbox 1060 3221 1113 3238; x_wconf 89' lang='grc'><strong>.....</strong></span> <span class='ocrx_word' id='word_1_206' title='bbox 1132 3173 1177 3261; x_wconf 80' lang='grc'>(2)</span> <span class='ocrx_word' id='word_1_207' title='bbox 1201 3173 1327 3238; x_wconf 89' lang='lat' dir='ltr'>Verum</span> 
     </span>
     <span class='ocr_line' id='line_1_25' title="bbox 146 3297 1326 3385; baseline 0.001 -23"><span class='ocrx_word' id='word_1_208' title='bbox 146 3297 232 3363; x_wconf 89' lang='lat' dir='ltr'>libro</span> <span class='ocrx_word' id='word_1_209' title='bbox 263 3297 434 3383; x_wconf 88' lang='lat' dir='ltr'>prohibitu,</span> <span class='ocrx_word' id='word_1_210' title='bbox 460 3319 524 3363; x_wconf 93' lang='lat' dir='ltr'>non</span> <span class='ocrx_word' id='word_1_211' title='bbox 558 3319 597 3364; x_wconf 86' lang='lat' dir='ltr'>ea</span> <span class='ocrx_word' id='word_1_212' title='bbox 628 3299 730 3364; x_wconf 88' lang='lat' dir='ltr'>solum</span> <span class='ocrx_word' id='word_1_213' title='bbox 754 3319 830 3384; x_wconf 85' lang='lat' dir='ltr'>pars</span> <span class='ocrx_word' id='word_1_214' title='bbox 854 3319 936 3383; x_wconf 89' lang='lat' dir='ltr'>quae</span> <span class='ocrx_word' id='word_1_215' title='bbox 960 3319 1090 3365; x_wconf 86' lang='lat' dir='ltr'>causam</span> <span class='ocrx_word' id='word_1_216' title='bbox 1120 3298 1326 3385; x_wconf 88' lang='lat' dir='ltr'>prohibitioni</span> 
     </span>
     <span class='ocr_line' id='line_1_26' title="bbox 147 3422 1328 3510; baseline 0.003 -22"><span class='ocrx_word' id='word_1_217' title='bbox 147 3422 244 3496; x_wconf 85' lang='lat' dir='ltr'>dedit,</span> <span class='ocrx_word' id='word_1_218' title='bbox 262 3423 318 3488; x_wconf 89' lang='lat' dir='ltr'>sed</span> <span class='ocrx_word' id='word_1_219' title='bbox 337 3427 424 3489; x_wconf 87' lang='lat' dir='ltr'>totus</span> <span class='ocrx_word' id='word_1_220' title='bbox 448 3423 533 3489; x_wconf 90' lang='lat' dir='ltr'>liber</span> <span class='ocrx_word' id='word_1_221' title='bbox 556 3423 747 3508; x_wconf 89' lang='lat' dir='ltr'>prohibetur</span> <span class='ocrx_word' id='word_1_222' title='bbox 769 3424 835 3510; x_wconf 83' lang='lat' dir='ltr'>legi</span> <span class='ocrx_word' id='word_1_223' title='bbox 858 3431 891 3490; x_wconf 92' lang='lat' dir='ltr'>et</span> <span class='ocrx_word' id='word_1_224' title='bbox 913 3431 1087 3510; x_wconf 88' lang='lat' dir='ltr'>praeterea</span> <span class='ocrx_word' id='word_1_225' title='bbox 1106 3443 1328 3509; x_wconf 88' lang='lat' dir='ltr'>quaecumque</span> 
     </span>
    </p>
   </div>
   <div class='ocr_carea' id='block_1_3' title="bbox 137 3691 1331 4295">
    <p class='ocr_par' dir='ltr' id='par_1_5' title="bbox 148 3691 1329 3872">
     <span class='ocr_line' id='line_1_27' title="bbox 238 3691 1329 3763; baseline -0.001 -16"><span class='ocrx_word' id='word_1_226' title='bbox 238 3693 277 3761; x_wconf 87' lang='lat' dir='ltr'>(l)</span> <span class='ocrx_word' id='word_1_227' title='bbox 299 3691 366 3747; x_wconf 85' lang='lat' dir='ltr'>Post</span> <span class='ocrx_word' id='word_1_228' title='bbox 378 3691 474 3746; x_wconf 81' lang='lat' dir='ltr'>Consi.</span> <span class='ocrx_word' id='word_1_229' title='bbox 493 3691 661 3762; x_wconf 79' lang='lat' dir='ltr'>officiorum,</span> <span class='ocrx_word' id='word_1_230' title='bbox 675 3693 845 3747; x_wconf 82' lang='lat' dir='ltr'>advertimus</span> <span class='ocrx_word' id='word_1_231' title='bbox 859 3691 911 3747; x_wconf 91' lang='lat' dir='ltr'>hoo</span> <span class='ocrx_word' id='word_1_232' title='bbox 929 3692 1043 3747; x_wconf 89' lang='lat' dir='ltr'>dubium</span> <span class='ocrx_word' id='word_1_233' title='bbox 1057 3692 1177 3763; x_wconf 84' lang='lat' dir='ltr'>amplius</span> <span class='ocrx_word' id='word_1_234' title='bbox 1191 3710 1245 3747; x_wconf 94' lang='lat' dir='ltr'>non</span> <span class='ocrx_word' id='word_1_235' title='bbox 1259 3709 1329 3758; x_wconf 86' lang='lat' dir='ltr'>esse,</span> 
     </span>
     <span class='ocr_line' id='line_1_28' title="bbox 148 3801 780 3872; baseline -0.003 -18"><span class='ocrx_word' id='word_1_236' title='bbox 148 3801 215 3872; x_wconf 87' lang='lat' dir='ltr'>quia</span> <span class='ocrx_word' id='word_1_237' title='bbox 234 3806 344 3870; x_wconf 85' lang='lat' dir='ltr'>praeter</span> <span class='ocrx_word' id='word_1_238' title='bbox 366 3802 451 3855; x_wconf 83' lang='lat' dir='ltr'>libros</span> <span class='ocrx_word' id='word_1_239' title='bbox 471 3803 651 3855; x_wconf 87' lang='lat' dir='ltr'>recensentur</span> <span class='ocrx_word' id='word_1_240' title='bbox 669 3802 780 3870; x_wconf 80' lang='lat' dir='ltr'>scripta.</span> 
     </span>
    </p>

    <p class='ocr_par' dir='ltr' id='par_1_6' title="bbox 137 3905 1331 4295">
     <span class='ocr_line' id='line_1_29' title="bbox 240 3905 1331 3977; baseline 0.001 -17"><span class='ocrx_word' id='word_1_241' title='bbox 240 3907 280 3976; x_wconf 77' lang='lat'>(2)</span> <span class='ocrx_word' id='word_1_242' title='bbox 299 3907 375 3968; x_wconf 79' lang='lat' dir='ltr'>Quae</span> <span class='ocrx_word' id='word_1_243' title='bbox 395 3906 476 3962; x_wconf 88' lang='lat' dir='ltr'>hodie</span> <span class='ocrx_word' id='word_1_244' title='bbox 491 3909 665 3977; x_wconf 76' lang='lat' dir='ltr'>lithoprafice</span> <span class='ocrx_word' id='word_1_245' title='bbox 684 3907 729 3962; x_wconf 84' lang='lat' dir='ltr'>val</span> <span class='ocrx_word' id='word_1_246' title='bbox 747 3908 914 3977; x_wconf 74' lang='lat' dir='ltr'>poliprafice</span> <span class='ocrx_word' id='word_1_247' title='bbox 937 3907 981 3961; x_wconf 85' lang='lat' dir='ltr'>rol</span> <span class='ocrx_word' id='word_1_248' title='bbox 1000 3905 1056 3961; x_wconf 87' lang='lat' dir='ltr'>alio</span> <span class='ocrx_word' id='word_1_249' title='bbox 1075 3907 1157 3961; x_wconf 90' lang='lat' dir='ltr'>modo</span> <span class='ocrx_word' id='word_1_250' title='bbox 1175 3907 1218 3962; x_wconf 90' lang='lat' dir='ltr'>edi</span> <span class='ocrx_word' id='word_1_251' title='bbox 1238 3906 1331 3961; x_wconf 86' lang='lat' dir='ltr'>solent</span> 
     </span>
     <span class='ocr_line' id='line_1_30' title="bbox 137 4012 1329 4084; baseline 0 -17"><span class='ocrx_word' id='word_1_252' title='bbox 137 4029 200 4084; x_wconf 68' lang='lat' dir='ltr'>vpro</span> <span class='ocrx_word' id='word_1_253' title='bbox 220 4031 271 4067; x_wconf 90' lang='lat' dir='ltr'>usu</span> <span class='ocrx_word' id='word_1_254' title='bbox 290 4013 487 4082; x_wconf 86' lang='lat' dir='ltr'>discipulorum</span> <span class='ocrx_word' id='word_1_255' title='bbox 506 4013 551 4068; x_wconf 86' lang='lat' dir='ltr'>vel</span> <span class='ocrx_word' id='word_1_256' title='bbox 571 4015 599 4066; x_wconf 91' lang='lat' dir='ltr'>in</span> <span class='ocrx_word' id='word_1_257' title='bbox 618 4013 705 4066; x_wconf 91' lang='lat' dir='ltr'>alium</span> <span class='ocrx_word' id='word_1_258' title='bbox 725 4012 878 4068; x_wconf 78' lang='lat' dir='ltr'>limitatum</span> <span class='ocrx_word' id='word_1_259' title='bbox 897 4031 985 4080; x_wconf 88' lang='lat' dir='ltr'>usum,</span> <span class='ocrx_word' id='word_1_260' title='bbox 999 4030 1055 4068; x_wconf 90' lang='lat' dir='ltr'>non</span> <span class='ocrx_word' id='word_1_261' title='bbox 1074 4013 1273 4082; x_wconf 82' lang='lat' dir='ltr'>intelliguntur</span> <span class='ocrx_word' id='word_1_262' title='bbox 1285 4013 1329 4068; x_wconf 91' lang='lat' dir='ltr'>edi</span> 
     </span>
     <span class='ocr_line' id='line_1_31' title="bbox 151 4115 1330 4188; baseline 0.002 -20"><span class='ocrx_word' id='word_1_263' title='bbox 151 4131 201 4169; x_wconf 83' lang='lat' dir='ltr'>seu</span> <span class='ocrx_word' id='word_1_264' title='bbox 221 4115 330 4185; x_wconf 82' lang='lat' dir='ltr'>vulgari</span> <span class='ocrx_word' id='word_1_265' title='bbox 352 4117 444 4185; x_wconf 90' lang='lat' dir='ltr'>prouti</span> <span class='ocrx_word' id='word_1_266' title='bbox 464 4115 625 4186; x_wconf 82' lang='lat' dir='ltr'>expostulat</span> <span class='ocrx_word' id='word_1_267' title='bbox 644 4117 724 4172; x_wconf 84' lang='lat' dir='ltr'>iiber.</span> <span class='ocrx_word' id='word_1_268' title='bbox 745 4117 825 4180; x_wconf 84' lang='lat' dir='ltr'>item,</span> <span class='ocrx_word' id='word_1_269' title='bbox 843 4119 866 4171; x_wconf 90' lang='lat' dir='ltr'>si</span> <span class='ocrx_word' id='word_1_270' title='bbox 885 4119 956 4188; x_wconf 81' lang='lat' dir='ltr'>typis</span> <span class='ocrx_word' id='word_1_271' title='bbox 979 4118 1097 4173; x_wconf 86' lang='lat' dir='ltr'>edantur</span> <span class='ocrx_word' id='word_1_272' title='bbox 1121 4118 1330 4172; x_wconf 85' lang='lat' dir='ltr'>dissertationes</span> 
     </span>
     <span class='ocr_line' id='line_1_32' title="bbox 150 4221 1330 4295; baseline 0.004 -22"><span class='ocrx_word' id='word_1_273' title='bbox 150 4221 199 4274; x_wconf 85' lang='lat' dir='ltr'>sed</span> <span class='ocrx_word' id='word_1_274' title='bbox 218 4221 410 4276; x_wconf 88' lang='lat' dir='ltr'>tantummodo</span> <span class='ocrx_word' id='word_1_275' title='bbox 429 4223 458 4275; x_wconf 93' lang='lat' dir='ltr'>in</span> <span class='ocrx_word' id='word_1_276' title='bbox 478 4239 557 4276; x_wconf 88' lang='lat' dir='ltr'>usum</span> <span class='ocrx_word' id='word_1_277' title='bbox 585 4222 725 4292; x_wconf 84' lang='lat' dir='ltr'>priuatum</span> <span class='ocrx_word' id='word_1_278' title='bbox 749 4225 955 4295; x_wconf 83' lang='lat' dir='ltr'>discipulorum</span> <span class='ocrx_word' id='word_1_279' title='bbox 975 4223 1078 4294; x_wconf 90' lang='lat' dir='ltr'>(prouti</span> <span class='ocrx_word' id='word_1_280' title='bbox 1098 4225 1127 4278; x_wconf 93' lang='lat' dir='ltr'>in</span> <span class='ocrx_word' id='word_1_281' title='bbox 1147 4224 1295 4279; x_wconf 87' lang='lat' dir='ltr'>Germania</span> <span class='ocrx_word' id='word_1_282' title='bbox 1314 4255 1330 4265; x_wconf 92' lang='lat'><em>-</em></span> 
     </span>
    </p>
   </div>
   <div class='ocr_carea' id='block_1_4' title="bbox 151 4329 1331 4508">
    <p class='ocr_par' dir='ltr' id='par_1_7' title="bbox 151 4329 1331 4508">
     <span class='ocr_line' id='line_1_33' title="bbox 151 4329 1331 4404; baseline 0.005 -22"><span class='ocrx_word' id='word_1_283' title='bbox 151 4330 206 4383; x_wconf 78' lang='lat' dir='ltr'>Ais</span> <span class='ocrx_word' id='word_1_284' title='bbox 217 4329 394 4400; x_wconf 61' lang='lat' dir='ltr'>manustram</span> <span class='ocrx_word' id='word_1_285' title='bbox 405 4331 539 4400; x_wconf 75' lang='lat' dir='ltr'>pedrdkt)</span> <span class='ocrx_word' id='word_1_286' title='bbox 554 4360 568 4371; x_wconf 97' lang='lat'>-</span> <span class='ocrx_word' id='word_1_287' title='bbox 583 4347 637 4384; x_wconf 89' lang='lat' dir='ltr'>non</span> <span class='ocrx_word' id='word_1_288' title='bbox 652 4331 830 4386; x_wconf 88' lang='lat' dir='ltr'>eontinentur</span> <span class='ocrx_word' id='word_1_289' title='bbox 843 4332 906 4404; x_wconf 83' lang='lat' dir='ltr'>lege</span> <span class='ocrx_word' id='word_1_290' title='bbox 920 4333 1057 4388; x_wconf 90' lang='lat' dir='ltr'>communi</span> <span class='ocrx_word' id='word_1_291' title='bbox 1072 4332 1268 4404; x_wconf 90' lang='lat' dir='ltr'>prohibitionis</span> <span class='ocrx_word' id='word_1_292' title='bbox 1281 4339 1331 4388; x_wconf 86' lang='lat' dir='ltr'>aut</span> 
     </span>
     <span class='ocr_line' id='line_1_34' title="bbox 152 4435 1214 4508; baseline 0.001 -18"><span class='ocrx_word' id='word_1_293' title='bbox 152 4451 296 4491; x_wconf 85' lang='lat' dir='ltr'>censurae.</span> <span class='ocrx_word' id='word_1_294' title='bbox 317 4435 508 4492; x_wconf 83' lang='lat' dir='ltr'>Vermesrsch.</span> <span class='ocrx_word' id='word_1_295' title='bbox 531 4437 549 4489; x_wconf 86' lang='lat' dir='ltr'>l.</span> <span class='ocrx_word' id='word_1_296' title='bbox 569 4455 591 4492; x_wconf 85' lang='lat' dir='ltr'>c.</span> <span class='ocrx_word' id='word_1_297' title='bbox 607 4455 636 4508; x_wconf 78' lang='lat' dir='ltr'>p.</span> <span class='ocrx_word' id='word_1_298' title='bbox 656 4439 705 4490; x_wconf 82' lang='lat'>42.</span> <span class='ocrx_word' id='word_1_299' title='bbox 1211 4439 1214 4442; x_wconf 83' lang='grc'><strong>’</strong></span> 
     </span>
    </p>
   </div>
   <div class='ocr_carea' id='block_1_5' title="bbox 0 0 1665 5108">
    <p class='ocr_par' dir='ltr' id='par_1_8' title="bbox 0 0 1665 5108">
     <span class='ocr_line' id='line_1_35' title="bbox 0 0 1665 5108; baseline 0 0"><span class='ocrx_word' id='word_1_300' title='bbox 0 0 1665 5108; x_wconf 95' lang='lat' dir='ltr'> </span> 
     </span>
    </p>
   </div>
  </div>
 </body>
</html>
