3296 5108
544 321 587 367 nn
613 319 764 367 numeris
788 321 830 366 ar
855 317 973 365 rosiris
1279 295 1342 360 411

169 441 361 520 voluntaria,
387 443 455 506 sive
479 459 521 505 ex
544 438 717 504 homicidio
741 437 867 503 occulto
890 437 1053 502 indirecte
1076 433 1268 500 ooinntorio
1290 454 1347 498 seu

170 564 301 628 consoli
316 583 373 629 seu
390 584 432 628 ex
451 563 685 648 quasi-delicto.
702 598 718 610 -
735 563 802 626 lmo
818 561 844 626 si
861 561 923 626 hoc
939 561 1038 625 tuerit
1054 559 1225 631 occultum,
1243 557 1348 642 quoad

170 689 457 761 omnesomnes,
483 690 532 752 sin
556 687 717 774 publicum
742 687 844 771 quoad
869 687 1005 753 ordines
1029 687 1188 765 minores
1213 684 1348 768 ideoque

170 812 211 876 ad
228 809 384 878 beneficia
405 813 576 897 simplieia;
593 831 663 898 arg,
682 812 752 877 a2
774 811 823 876 De
846 811 958 878 eierio.
978 815 1138 897 pnpnont
1154 809 1186 873 X
1209 805 1263 891 (V.
1283 809 1348 892 14),

171 941 205 1001 et
221 937 318 1002 Cone.
344 937 430 1002 Trid.
455 957 533 1004 sess.
550 937 602 1010 14,
620 959 647 1004 o.
666 939 698 1017 7,
715 935 768 1002 De
783 937 847 1019 ref.
865 973 879 984 -
897 936 945 1004 Oi.
971 934 1171 1002 D’Annibale
1195 931 1234 1018 (1,
1260 933 1347 1016 429).

261 1057 311 1126 Ab
329 1059 391 1124 hae
408 1060 659 1145 irregularitate,
679 1081 720 1124 ex
736 1059 907 1124 homicidio
924 1065 979 1124 ant
996 1058 1195 1124 mutilatione
1211 1055 1349 1142 publica,

172 1185 216 1248 ita
239 1203 281 1248 ex
305 1182 421 1249 abortu
444 1183 549 1249 foetus
580 1186 709 1248 animati
734 1183 786 1248 vel
818 1183 939 1248 casuali
969 1203 1026 1248 seu
1057 1181 1216 1247 indirecte
1239 1180 1349 1244 volun·

171 1310 257 1380 terii,
275 1307 438 1395 dispensat
451 1310 614 1373 Romanus
629 1307 780 1374 Pontifex
798 1311 937 1373 maxime
953 1327 1012 1392 per
1028 1327 1185 1392 organum
1203 1305 1233 1372 S.
1249 1306 1350 1390 Cong.

172 1433 315 1498 Concilii.
342 1468 359 1482 -
385 1433 447 1498 Sed
479 1453 543 1498 non
575 1433 739 1519 dispensat
769 1433 895 1518 quando
919 1435 970 1498 vel
1001 1434 1111 1518 gravis
1142 1438 1289 1516 superest
1316 1432 1350 1494 in

172 1554 332 1618 homicida
354 1553 501 1635 infamia
524 1553 607 1636 socii
630 1556 682 1620 vel
705 1575 870 1640 quousque
893 1557 1092 1621 satisfactum
1108 1574 1173 1618 non
1197 1556 1237 1618 sit
1260 1555 1350 1618 iusti-

173 1679 237 1786 tiae
260 1678 387 1763 poenali
411 1683 444 1744 et
468 1678 564 1742 civili.
591 1678 639 1744 Cf.
665 1679 831 1764 Gasparri‚
857 1680 931 1744 457.

264 1806 368 1870 Etiam
393 1805 496 1888 quoad
512 1806 719 1870 homicidium
739 1805 915 1888 pubiicum
938 1807 1073 1872 casuale
1093 1825 1148 1868 seu
1174 1803 1213 1868 ob
1237 1803 1349 1888 onesi-

173 1929 331 1996 deiiotnm
354 1929 394 1994 ad
417 1932 579 1995 tramitem
602 1947 681 1995 sess.
698 1929 740 1992 14
763 1929 827 2002 eit..
852 1949 925 2012 oop.
945 1929 967 1992 7
991 1928 1112 1993 Concil.
1129 1927 1228 2000 Trio..
1250 1927 1349 2012 Cong.
1430 1905 1434 1912 ⁴

174 2054 294 2122 Conoii.
320 2057 448 2119 mittere
472 2054 553 2120 solet
576 2056 738 2140 negotium
763 2054 1007 2140 dispensationis
1024 2055 1207 2139 Episcopis;
1232 2061 1264 2118 ei
1287 2056 1350 2119 hue

173 2178 347 2244 referenda
371 2186 419 2243 est
441 2179 561 2244 decisio
586 2181 731 2246 relatae
755 2180 942 2250 Gallemart.
967 2180 997 2244 h.
1024 2181 1043 2243 i.
1068 2200 1102 2244 n.
1127 2179 1160 2244 3.

264 2301 375 2376 Quoad
393 2302 572 2388 ltegulares
590 2301 621 2367 S.
640 2303 717 2366 Pius
734 2302 765 2366 V
782 2302 888 2368 Consi.
904 2301 1053 2368 Romani
1064 2303 1239 2388 Pontificio
1254 2301 1353 2368 iacul-

172 2433 271 2492 tatem
299 2427 503 2512 dispensandi
527 2446 546 2490 a
570 2423 693 2491 Concil.
720 2427 807 2491 Trid.
833 2427 983 2492 tributam
1009 2429 1174 2512 Episcopis
1207 2425 1351 2490 extendit

173 2554 214 2619 ad
239 2555 407 2621 Praelatos
432 2554 611 2638 Regulares
635 2573 694 2638 pro
718 2554 845 2618 illorum
870 2553 1011 2619 subditis
1033 2553 1260 2638 repninribns.
