3266 5102
318 273 383 340 128
837 293 922 342 rans
946 295 968 340 1.

313 419 453 485 virtutes
477 417 634 483 habemus
657 417 780 481 infusas
810 437 853 482 ex
876 417 966 485 lente
990 417 1189 503 baptismali;
1214 423 1247 482 et
1277 419 1500 483 excommuni-

315 549 407 609 catus
422 545 492 608 sive
507 565 567 628 per
582 549 787 607 sacramenta
802 542 870 606 sire
887 547 983 607 extra
998 549 1203 608 sacramenta
1222 545 1359 628 gratiam
1376 543 1499 609 Christi

315 667 569 736 sanctificantem
596 671 768 754 acquirere
794 669 882 734 valet
903 670 1031 753 aliaque
1054 670 1251 736 charismata
1276 669 1335 756 (l).
1365 670 1392 734 E
1419 689 1497 734 con-

314 813 374 858 cra
394 783 792 876 suspeuta'relmqums
815 794 1072 858 communionem
1095 794 1316 864 christianam,
1333 793 1499 858 interdicit

314 921 438 982 tantum
474 917 614 984 clericos
647 925 680 982 et
714 917 839 982 directe
872 917 924 981 vel
959 938 979 982 a
1018 918 1182 983 nonnullis
1214 917 1336 982 iuribus
1366 916 1419 980 vel
1454 917 1498 982 ab

314 1040 460 1106 omnibus
492 1046 593 1105 status
627 1041 809 1116 clericalis;
832 1041 1051 1108 interdictum
1082 1061 1162 1106 rero
1195 1049 1343 1107 removet
1373 1041 1497 1114 fideles,

313 1163 604 1244 indiscriminatim,
622 1165 690 1229 sire
713 1165 853 1231 clatros
875 1166 945 1229 sive
967 1165 1072 1231 laicos
1094 1185 1115 1230 a
1137 1167 1392 1251 partecipatione
1414 1185 1498 1250 quo-

313 1288 460 1353 rumdam
483 1287 640 1353 bouorum
664 1290 970 1355 ecclesiasticorum.
993 1291 1135 1355 Proinde
1166 1288 1347 1356 differentia
1370 1297 1421 1358 est
1441 1311 1497 1355 es-

313 1413 457 1478 sentialis
473 1414 558 1477 inter
570 1415 935 1479 excommunicationem
953 1420 986 1479 et
1001 1415 1081 1480 alias
1097 1435 1262 1496 censuras,
1279 1436 1352 1480 cum
1368 1435 1500 1481 excom·

313 1538 487 1602 manicatio
503 1536 669 1602 abscindat
685 1535 810 1602 fidelem
826 1559 846 1601 a
861 1541 1087 1605 communione
1098 1541 1235 1604 aliorum
1251 1544 1284 1605 et
1299 1541 1376 1604 hinc
1389 1541 1498 1625 privet

312 1663 459 1729 omnihus
482 1665 577 1729 huius
593 1665 825 1729 communionis
842 1663 965 1730 iuribus
989 1666 1097 1731 actiae
1112 1673 1145 1732 et
1157 1665 1293 1747 passive
1306 1685 1313 1740 ;
1326 1665 1496 1749 suspensio

313 1795 346 1854 et
356 1789 560 1854 interdictum
575 1810 639 1853 non
651 1790 770 1854 eiciunt
783 1788 872 1852 foras
884 1809 904 1852 a
914 1791 1138 1854 communione
1149 1789 1207 1854 sed
1221 1789 1345 1853 directe
1358 1795 1495 1854 tantum.

312 1912 485 1998 prohibent
508 1911 547 1976 ab
573 1932 631 1976 usu
655 1911 865 1995 quorumdam
887 1911 1056 1977 bonotum.
1073 1911 1257 1994 Suspensio
1281 1931 1361 1976 raro
1384 1909 1497 1996 prohi-

311 2035 366 2101 bet
388 2036 429 2101 ab
453 2057 511 2101 usu
534 2037 642 2102 arctico
666 2057 776 2101 rerum
799 2057 986 2112 sacrarum,
1011 2057 1126 2122 nempe
1144 2036 1295 2122 prohibet
1318 2055 1381 2120 qua
1395 2035 1497 2101 enini·

310 2165 407 2235 stros;
425 2159 649 2225 interdictum
663 2158 703 2223 ab
717 2179 776 2224 usu
798 2161 927 2244 passivo
951 2158 1111 2244 prohibet,
1129 2179 1185 2224 seu
1209 2179 1281 2242 qua,
1295 2158 1494 2242 participes.

401 2285 702 2367 Excpmmunicatio
733 2304 815 2367 quae
837 2285 878 2349 ab
909 2284 1066 2351 omnibus
1095 2290 1188 2349 arcet
1213 2285 1321 2350 actiae
1351 2289 1384 2348 et
1412 2303 1495 2367 pas-

311 2408 390 2481 sive,
402 2409 474 2473 aliis
497 2410 643 2472 censuris
668 2414 716 2473 est
730 2409 828 2495 longe
843 2411 990 2495 gravium
1015 2415 1048 2476 et
1064 2417 1113 2476 est
1129 2429 1404 2494 quarumcumque
1420 2429 1497 2495 poe

312 2554 426 2598 narum
450 2537 651 2620 gravissima.
668 2535 792 2600 Verum
818 2536 880 2599 iam
900 2537 1081 2619 antiquiore
1097 2535 1266 2621 disciplina
1288 2533 1497 2600 habebantur

311 2661 461 2726 minores
484 2680 540 2725 seu
560 2660 729 2742 partiales
744 2659 1110 2726 emronnnunicatioues
1126 2667 1159 2726 et
1174 2665 1269 2724 orant
1284 2658 1404 2724 diversi
1420 2680 1498 2744 gra-

312 2786 370 2851 dus
393 2787 624 2871 poenitentium
637 2785 695 2869 (2).
713 2787 790 2850 Iure
813 2805 897 2850 novo
920 2791 1114 2852 conservata
1143 2790 1192 2850 est
1217 2785 1333 2852 minor
1359 2803 1495 2850 encom-

401 3033 441 3104 (l)
461 3033 515 3088 Pro
535 3033 776 3088 excommunicato
795 3033 868 3104 (rit.)
887 3034 939 3086 sub
958 3033 1047 3102 gravi,
1066 3031 1229 3102 prohibetur
1243 3033 1375 3102 publicas
1393 3029 1494 3084 haberi

311 3154 415 3206 preces,
427 3137 477 3192 aad
494 3153 549 3192 uon
568 3142 700 3192 vetantur
714 3154 809 3210 precps
820 3153 892 3208 quae
902 3154 918 3190 a
928 3136 1003 3191 fideli
1018 3136 1148 3206 privatim
1161 3136 1317 3190 habeantur
1326 3150 1496 3204 proexcom·

311 3244 452 3298 municato
471 3249 502 3297 ut
521 3245 673 3312 resipiscat„
693 3243 762 3298 Item
782 3243 1037 3297 excommunicatus
1064 3248 1174 3298 arcetur
1192 3259 1210 3295 a
1233 3243 1425 3308 sacramentis,
1444 3241 1494 3296 sed

310 3349 334 3401 si
353 3353 431 3418 petat
449 3353 654 3402 sacramentum
673 3349 862 3417 poenitentiae
883 3353 914 3402 ut
934 3348 990 3403 Deo
1009 3351 1038 3402 et
1058 3346 1198 3400 Ecclesiae
1218 3346 1416 3400 reconcilietur
1435 3361 1493 3400 uon

310 3458 457 3526 respuitur,
472 3457 518 3511 sed
538 3459 689 3526 praemissa
707 3457 882 3513 absolutione
901 3475 918 3511 a
937 3475 1054 3512 censura
1073 3475 1121 3526 per
1140 3460 1345 3525 competentem
1364 3455 1494 3510 sacerdo-

310 3568 366 3618 tam
386 3562 577 3632 impertienda,
597 3568 693 3632 postea
711 3564 866 3618 absolvitur
885 3582 902 3618 a
922 3565 1050 3632 peccatis.

398 3667 437 3738 (2)
457 3669 580 3728 Quatuor
599 3673 679 3722 erant
699 3669 900 3738 poenitentium
918 3669 1028 3738 gradus,
1041 3673 1070 3724 et
1088 3669 1193 3738 primns
1212 3673 1274 3722 erat
1291 3667 1428 3737 flenttmn.
1443 3667 1491 3736 qui

308 3776 397 3830 induti
417 3775 559 3829 habitibus
577 3777 765 3843 poeniteutiae
778 3783 843 3832 aute
856 3779 930 3833 tores
945 3777 1086 3832 Ecclesiae
1104 3779 1293 3843 morabantur,
1307 3775 1492 3845 implorantes

280 3903 285 3920 =
308 3880 430 3936 fidelium
447 3899 542 3950 preces
560 3883 590 3936 in
610 3883 761 3937 Ecclesiam
775 3883 1000 3953 ingredientium.
1014 3884 1154 3939 Secundus
1174 3889 1236 3939 erat
1253 3885 1429 3938 audientium
1442 3881 1491 3954 qui

308 3985 528 4040 admittebantur
546 3987 575 4041 in
594 3995 673 4056 parte
692 3987 833 4042 Ecclesiae
852 3989 983 4043 interiore
1002 3989 1076 4044 dicta
1095 4001 1208 4044 avortere
1227 3995 1257 4044 et
1269 3988 1492 4042 admittebantur

310 4097 418 4145 tantum
438 4091 473 4145 ad
491 4093 642 4148 audiendas
660 4093 777 4148 omelias
795 4099 824 4148 et
843 4094 977 4149 lectiones
997 4095 1023 4149 S.
1043 4095 1143 4164 Scrip.:
1164 4095 1227 4150 inde
1248 4096 1395 4148 audientes
1413 4093 1490 4147 dicti.

310 4197 378 4252 Cum
398 4201 484 4253 tiebat
502 4202 589 4254 Missa
611 4201 877 4256 cathecumenorum
896 4219 945 4256 seu
961 4219 1045 4272 quum
1060 4201 1087 4254 hi
1102 4202 1323 4268 dimittebantur,
1337 4203 1423 4256 etiam
1442 4200 1489 4254 isti

310 4307 386 4360 exire
400 4307 577 4362 iubebantur.
590 4309 689 4364 Plures
699 4325 794 4375 alarios,
804 4310 979 4379 poenitentes
990 4310 1063 4364 inter
1073 4312 1218 4364 audientes
1227 4311 1329 4364 morari
1340 4311 1489 4372 debebant,

309 4417 406 4481 postea
425 4413 643 4468 admittebantur
662 4416 735 4469 iuter
753 4418 915 4470 substratos.
931 4415 975 4481 Hi,
989 4415 1079 4470 missis
1091 4417 1275 4481 audientibus,
1289 4416 1488 4484 posternebsn·
