3302 5100
293 281 360 346 588
751 291 958 340 etusouuou
980 291 1014 338 v.

383 420 508 491 Denique
535 433 723 490 quoscumque
751 414 822 470 alios
849 415 1064 470 Sserosunctum
1091 410 1248 466 Concilium
1275 408 1469 464 'tridentinum

293 543 440 600 suspensos
459 531 508 582 sut
526 525 691 581 interdictos
709 524 770 594 ipso
789 524 849 577 iore
868 538 930 578 esse
948 520 1083 587 decrevit,
1101 517 1159 573 Nos
1178 517 1239 590 peri
1257 516 1340 572 motio
1357 531 1473 586 sospem

293 636 366 692 sioni
385 634 430 692 vel
448 633 599 690 interdicto
618 631 729 688 eosdem
748 630 883 686 obnoxios
901 646 962 684 esso
981 628 1111 684 volumus
1129 630 1159 682 et
1177 624 1359 682 declaremus.

295 831 380 898 Heic
401 831 527 897 iterum
546 828 727 912 paulisper
756 827 907 893 sistimus
937 826 1124 891 insuentes
1153 821 1400 906 Suspnsioues
1421 822 1474 887 oet

385 937 571 1004 interdicta
595 956 617 1000 a
645 933 791 1002 Concilio
818 933 1017 1000 Tridentino
1041 930 1269 1004 balduinus
1291 930 1475 996 conontioas

384 1063 546 1112 cessuras
569 1044 725 1110 Lectores
747 1040 809 1108 sub
832 1041 939 1108 oculis
963 1039 1129 1124 babeant‚·
1149 1045 1252 1124 atque
1266 1037 1476 1105 abstinemus

384 1153 422 1217 in
447 1151 646 1234 praesentia
677 1169 700 1214 a
730 1149 851 1234 quaeis
881 1149 1168 1232 interpretatione.
1199 1153 1237 1212 ut
1265 1146 1412 1228 fecimus
1438 1144 1477 1208 in

384 1257 577 1342 referendis
607 1253 1015 1324 encommunicotionibus
1046 1255 1089 1321 ab
1118 1255 1237 1322 eodem
1273 1252 1477 1318 tridentus

385 1365 473 1432 latin

546 1613 591 1661 DE
614 1611 895 1662 suscsctsmtttttus
918 1611 983 1658 VEL
1008 1609 1226 1659 mulcantem

606 1742 628 1788 Α
651 1739 805 1788 contento
828 1740 1039 1788 TRIDENTINO
1063 1739 1171 1787 Le'tts.

397 1967 620 2008 suspssttbttttm
638 1965 696 2006 VEL
715 1965 949 2006 turnuotcuttt't'tt
968 1966 1015 2012 Qttt
1034 1965 1132 2005 vttttts
1151 1966 1236 2006 ttonts
1255 1966 1382 2006 vtouut

629 2073 758 2114 GANONES
776 2075 813 2112 DE
833 2073 925 2113 secu
943 2073 1149 2113 oubtttttrtottt.

371 2239 443 2292 Secu
461 2235 497 2291 23
515 2253 550 2292 ex
568 2252 629 2306 cup.
648 2236 666 2290 8
684 2236 718 2291 do
738 2236 799 2291 Ret.
818 2250 835 2288 e
855 2237 1047 2308 Unusquisque
1065 2249 1160 2292 autem
1172 2255 1190 2292 o
1200 2239 1320 2309 proprio
1340 2237 1481 2308 Episcopo

300 2348 455 2401 ordinetur.
477 2343 556 2402 Quod
573 2345 599 2396 si
616 2345 679 2424 quis
696 2343 731 2396 ob
749 2343 807 2398 alio
823 2345 989 2414 promoueri
1003 2355 1089 2416 petet,
1108 2346 1275 2398 nullatenus
1292 2345 1323 2397 id
1341 2345 1376 2410 ei,
1396 2347 1482 2398 etiam

301 2453 423 2505 cuiusvis
439 2449 585 2520 generatis
602 2459 651 2502 ortt
668 2449 801 2518 specialis
824 2452 959 2520 rescripti
975 2450 1023 2503 oel
1048 2451 1196 2519 priuilepii
1215 2459 1379 2520 praetextu,
1398 2455 1484 2504 ctiam

300 2561 410 2614 statutis
436 2557 606 2628 temporibus
628 2559 818 2625 permittetur,
837 2557 892 2608 nisi
920 2558 980 2608 eius
1001 2557 1128 2625 probitas
1152 2573 1186 2610 oe
1211 2570 1313 2621 mores,
1336 2556 1484 2610 ordinarii

300 2667 346 2719 sui
362 2665 526 2728 testimonio,
545 2661 783 2716 commendentur.
804 2659 836 2714 st
851 2677 932 2715 secus
955 2663 1013 2730 fiat,
1032 2663 1167 2716 ordinans
1185 2679 1203 2717 a
1222 2663 1374 2717 collatione
1396 2663 1483 2717 Ordi-

300 2789 367 2826 num
379 2787 433 2842 per
445 2787 551 2824 annum
563 2778 590 2822 et
606 2769 752 2822 ordinatus
763 2786 781 2820 o
793 2779 989 2838 susceptorum
1005 2769 1144 2823 Ordinum
1163 2773 1336 2832 executione,
1347 2773 1484 2840 quamdiu

372 2983 444 3038 Sese
463 2981 500 3036 23
517 2998 552 3037 ex
571 2999 631 3048 ceo.
647 2982 679 3035 lt
697 2980 733 3035 de
752 2981 844 3036 Rei(
859 2981 928 3036 Cum
938 2985 1077 3054 promotis
1092 3000 1148 3053 per
1165 2984 1280 3050 saltum,
1292 2985 1384 3037 sinoti
1401 2985 1486 3038 mini·

301 3092 462 3155 straverint,
481 3089 636 3160 Episcopus
654 3105 692 3144 en
711 3089 838 3158 lepitirno
856 3105 942 3142 cerua
957 3091 1045 3160 possit
1063 3093 1229 3161 dispersere
1242 3105 1267 3147 te.

374 3198 446 3252 Sese.
464 3197 482 3250 7
501 3215 524 3250 c.
545 3196 579 3252 10
591 3196 628 3252 de·
637 3195 725 3251 nec«
738 3196 805 3251 Non
818 3197 900 3251 liceat
915 3197 1051 3267 captatis
1062 3199 1130 3254 sede
1142 3210 1268 3263 coemite,
1280 3199 1360 3268 infru
1376 3217 1484 3254 annum

302 3325 320 3361 o
339 3309 385 3361 die
403 3307 563 3368 vocationis
581 3305 733 3358 mdinondi
753 3305 903 3368 licentiam,
922 3315 971 3358 aut
991 3306 1101 3360 litteras
1125 3308 1301 3361 dimissorias
1325 3324 1377 3362 seu
1401 3325 1486 3362 reee-

302 3413 416 3467 rendos.
429 3419 459 3462 ut
476 3408 567 3479 aliqui
584 3417 693 3472 uocum,
711 3418 767 3460 tam
787 3425 823 3462 ese
841 3409 912 3461 iuris
931 3410 1086 3462 communis
1098 3411 1287 3480 dispositione,
1300 3427 1385 3480 qinom
1399 3415 1485 3465 etiarn

303 3517 425 3570 cuiusvis
439 3515 588 3586 pricilepii
605 3523 654 3567 aut
673 3517 881 3568 consuetudinis
894 3517 1000 3585 cipere,
1013 3517 1110 3580 alicui,
1129 3518 1178 3586 qui
1198 3517 1334 3586 Beneficii
1346 3518 1485 3572 ecclesio-

303 3625 366 3676 stiei
383 3624 490 3691 recepti
507 3621 566 3672 siue
583 3620 740 3690 reeipiendi
758 3621 902 3674 occasione
923 3629 1047 3674 arctatus
1071 3636 1127 3674 non
1151 3621 1250 3690 fuerin
1272 3625 1436 3676 concedere.
1455 3621 1488 3674 Si

304 3745 384 3783 secus
402 3728 461 3798 fiat,
484 3727 642 3796 Capitulum
662 3729 875 3782 contr-aventem
893 3727 1082 3782 eeclesiastico
1094 3728 1221 3782 subiacet
1235 3728 1395 3790 interdicto,
1407 3735 1434 3781 et
1446 3727 1488 3779 sic

305 3839 434 3902 ordinati,
453 3835 478 3889 si
495 3839 525 3889 in
543 3836 698 3889 minoribus
710 3835 854 3888 ordinibus
868 3839 1007 3889 constituti
1018 3838 1138 3905 sueriru,
1156 3835 1240 3888 rsullo
1251 3835 1404 3906 pricileyio
1425 3835 1487 3888 ele-

303 3944 397 4008 rieuli,
412 3945 583 4014 praesertim
601 3943 630 3992 in
650 3941 852 4006 criminalibus,
869 3943 1021 4010 youdeont.
1042 3939 1078 3995 In
1097 3941 1253 3994 nlaioribus
1278 3957 1345 3994 nero
1364 3941 1399 3994 ob
1418 3955 1489 3993 eae·

304 4055 414 4109 cutione
436 4050 573 4105 Ordinum
585 4051 623 4104 ad
637 4049 841 4120 beneplacitum
852 4051 946 4120 fleturi
958 4047 1088 4103 Proeloti
1099 4051 1155 4106 sint
1168 4053 1229 4120 ipso
1242 4051 1307 4102 iure
1319 4048 1450 4117 suspensi
1461 4061 1488 4103 n.

377 4156 449 4211 Sese
468 4155 486 4209 6
504 4173 528 4209 c.
546 4155 565 4210 5
582 4155 616 4210 de
634 4154 695 4209 Rei.
716 4155 832 4209 «Nulli
850 4155 989 4226 Episcopo
1010 4155 1094 4210 lieeot
1107 4156 1230 4209 cuiusuis
1239 4153 1390 4225 priuilepii
1397 4168 1489 4223 proe-

306 4281 384 4327 teetu
405 4263 581 4338 pontificalia
606 4263 636 4314 in
659 4261 779 4315 alterius
803 4261 926 4315 dioecesi
948 4275 1095 4325 exercere,
1115 4261 1172 4312 ussi
1197 4261 1233 4314 de
1262 4257 1408 4312 ordonn-ti
1435 4255 1491 4308 loci
1556 4325 1558 4330 Ι

308 4390 444 4443 expressa
468 4373 590 4436 licentio,
615 4371 695 4425 etin
716 4383 854 4438 personas
878 4367 971 4420 eidem
1000 4365 1153 4421 Ordines-io
1174 4365 1299 4420 subiecto
1323 4373 1440 4418 tuentem
1460 4361 1493 4414 Si
