3266 5102
295 271 359 336 120
811 287 899 336 rens
926 287 946 332 1.

291 409 506 498 rfflsentuel
514 407 681 496 mitigent?
692 411 817 493 Utputa‚
828 411 876 474 ius
886 410 1102 476 Decretalium
1113 410 1165 475 vel
1180 410 1469 485 iusTridentinum,

291 535 460 621 quamdam
484 534 703 600 decernebant
717 555 852 620 poenam
875 555 976 619 usque
999 535 1039 600 ad
1064 539 1192 602 nostros
1215 535 1282 601 dies
1305 538 1470 622 vigentem

290 680 384 745 quam
401 662 561 726 relaxavit
585 661 692 728 Const.
717 661 833 744 Apost.
859 661 956 726 Sectis
980 661 1031 724 vel
1058 681 1178 726 recens
1203 662 1311 728 Const.
1339 661 1471 746 Officio-

291 806 392 869 rnrn;
410 789 436 852 si
460 786 588 870 aliquod
612 788 782 850 exoriatur
805 785 952 856 dubium,
978 785 1125 850 arbitror
1148 785 1288 871 benigne
1313 789 1472 871 interpre-

289 911 418 976 tandam
442 933 514 976 esse
537 913 748 996 posteriorem
779 911 884 996 legem
908 910 988 976 adeo
1017 916 1051 975 ut
1082 910 1219 996 deroget
1250 911 1302 974 rel
1335 911 1473 997 abroget

290 1041 434 1101 veterem
459 1037 518 1101 etsi
542 1038 751 1101 severiorem.
777 1035 884 1100 Veluti
908 1037 934 1102 si
959 1037 1122 1121 posterior
1153 1037 1209 1102 lex
1240 1041 1362 1101 statuat
1392 1057 1472 1122 poe-

288 1181 364 1225 nam
386 1160 411 1244 s.
436 1181 461 1226 s.
487 1161 680 1246 intelligitur
702 1161 859 1246 abrogata
882 1166 975 1225 vetus
993 1161 1050 1225 lex
1066 1181 1149 1244 quae
1165 1161 1204 1226 de
1220 1161 1332 1226 eodem
1349 1161 1466 1237 delicto

290 1285 449 1351 statuebat
471 1285 568 1350 aliam
591 1305 738 1370 poenam,
763 1291 798 1349 ut
821 1305 898 1349 ecce
923 1306 1058 1370 poenam
1077 1288 1097 1350 t.
1114 1306 1151 1358 s..
1168 1289 1242 1371 quia
1258 1288 1352 1352 nimis
1368 1306 1471 1372 grave

290 1413 339 1473 est
361 1409 511 1494 aliquem
539 1409 580 1476 ab
610 1411 701 1474 idem
732 1411 862 1476 crimen
888 1410 1049 1494 ptaribas
1077 1410 1207 1497 tepidas
1239 1430 1338 1476 renen
1368 1411 1470 1495 fieri,-

289 1533 698 1617 t.14ffiDeacensar.;
732 1539 764 1600 et
796 1555 870 1618 cap.
896 1534 927 1614 4,
952 1536 974 1617 g
998 1538 1016 1600 1
1039 1535 1089 1602 De
1111 1535 1257 1600 indiciis.
1283 1537 1316 1600 X
1341 1533 1396 1618 (Il.
1426 1535 1466 1620 1).

288 1659 350 1724 Sed
373 1659 534 1742 loquimur
557 1658 597 1722 de
620 1658 746 1743 legibus
769 1678 851 1743 quae
874 1658 914 1724 ab
938 1659 1050 1723 eadem
1073 1664 1233 1744 potestate
1265 1665 1469 1744 promanant,

288 1785 364 1868 quia
391 1803 484 1849 secus
515 1784 572 1848 lex
599 1785 679 1850 iuris
711 1787 890 1848 communis
921 1785 1108 1849 cumulatur
1139 1805 1211 1850 cum
1240 1785 1313 1870 lege
1344 1785 1470 1870 poenali

288 1909 367 1974 iuris
386 1909 597 1993 particularis.
617 1908 664 1974 Cf.
689 1909 893 1988 Thesaurus,
910 1907 951 1973 P.
970 1909 997 1972 l.
1015 1929 1042 1974 c.
1060 1909 1140 1973 XII.
1153 1945 1170 1958 -
1185 1909 1235 1974 Ad
1248 1909 1340 1982 haec,
1357 1911 1383 1974 si
1400 1911 1471 1994 quis

288 2035 411 2098 crimen
435 2035 577 2118 patravit
600 2035 726 2118 quando
749 2033 890 2098 nondum
913 2033 1076 2119 publicata
1092 2040 1163 2098 erat
1177 2036 1338 2120 posterior
1357 2035 1422 2110 lex;
1440 2039 1473 2099 et

287 2177 391 2242 poena
414 2158 444 2220 ei
468 2155 584 2222 debeat
606 2155 717 2242 infligi,
742 2177 826 2221 nova
849 2158 921 2242 lege
944 2158 1008 2221 iam
1033 2155 1184 2242 evulgata
1207 2158 1344 2236 mitiore,
1363 2177 1469 2243 poena

287 2282 396 2344 mitior
419 2279 611 2364 applicanda
633 2286 718 2345 esset
741 2280 796 2366 (l).
823 2281 875 2345 Ex
898 2280 1045 2356 adverso,
1068 2282 1095 2345 si
1119 2282 1265 2345 severior
1288 2281 1329 2346 sit
1353 2300 1471 2347 reeens

287 2403 352 2486 lex,
365 2404 556 2490 applicanda
571 2409 621 2470 est
636 2406 744 2471 mitior
759 2407 908 2488 antiqua;
924 2405 1004 2472 odia
1020 2406 1110 2470 enirn
1128 2405 1281 2471 coraaenit
1296 2406 1470 2492 restrinpi.

289 2529 359 2593 Non
376 2547 468 2594 secus
481 2529 507 2593 si
523 2533 664 2593 mutetur
680 2529 735 2594 lex
743 2529 1040 2612 praescriptionis,
1057 2530 1187 2594 brevius
1200 2531 1375 2614 exquirens
1392 2535 1472 2595 tem·

287 2673 347 2738 pus
369 2652 409 2716 ad
433 2652 679 2718 rescindendam
703 2655 862 2718 actionem
887 2655 1053 2738 poenalem
1077 2654 1129 2719 vel
1153 2657 1314 2720 actionem
1338 2655 1471 2722 iudicati

287 2798 345 2843 seu
359 2797 496 2863 poenam
513 2779 624 2864 ipsam,
644 2778 833 2863 delinquens
849 2785 995 2864 tempore
1011 2781 1132 2844 veteris
1155 2779 1237 2865 legis
1257 2781 1328 2844 iure
1351 2782 1471 2845 merito

287 2901 346 2967 sibi
369 2903 499 2968 invocat
521 2902 743 2989 benigniorem
760 2904 866 2990 legem
882 2907 1156 2990 praescriptionis.
1172 2941 1189 2953 -
1205 2905 1278 2970 Hoc
1294 2925 1391 2970 sensu
1411 2906 1470 2970 lex

286 3027 430 3112 poenalis
454 3029 552 3093 habet
573 3029 642 3094 aina
664 3031 915 3104 retractandam,
941 3030 1024 3116 quod
1049 3037 1097 3096 est
1119 3031 1285 3116 singulare
1314 3031 1346 3095 in
1378 3030 1472 3096 bisce

286 3152 420 3237 legibus.
446 3150 506 3236 (Ol.
533 3153 685 3226 Carrara,
709 3155 731 3236 g
756 3154 822 3220 756
845 3154 935 3238 seq).

375 3277 428 3342 78.
454 3277 568 3342 Modus
590 3299 670 3343 vero
694 3278 864 3365 lapidimus
887 3297 950 3362 quo
966 3278 1039 3342 odia
1064 3279 1314 3364 restringuntur,
1332 3277 1474 3344 habetur

286 3401 320 3464 in
343 3401 469 3464 ratione
493 3401 633 3466 faciendi
655 3403 967 3487 interpretationem.
994 3403 1074 3466 Nam
1098 3403 1124 3466 si
1149 3423 1227 3488 opus
1250 3403 1291 3476 sit
1315 3404 1473 3487 interpre-

284 3527 407 3592 tatione
415 3527 637 3601 declarativa,
654 3526 755 3591 verba
767 3527 850 3612 legis
860 3527 972 3594 stricte
984 3528 1209 3613 intelliguntur
1221 3526 1357 3611 ideoque
1369 3545 1470 3610 quan·

374 3773 415 3842 (l)
435 3773 540 3828 Exinde
559 3774 703 3844 suspensio
722 3791 794 3844 quae
814 3791 873 3844 cap.
895 3774 947 3827 alt.
970 3775 1058 3839 §alt
1079 3775 1120 3828 De
1143 3775 1234 3828 elaad.
1254 3775 1331 3844 desp.
1354 3774 1470 3828 serenda

286 3887 328 3935 est
347 3881 375 3935 iu
396 3879 546 3950 parochum
566 3882 613 3952 qui
633 3881 762 3935 interfuit
781 3884 847 3934 met.
872 3880 1052 3947 clandestine,
1072 3887 1102 3935 et
1120 3897 1225 3935 ericam.
1247 3881 1470 3936 l.e.-ctem.1.

285 3989 327 4042 De
340 3989 437 4059 privil.
452 4017 466 4028 -
480 3989 611 4042 adversus
631 3987 786 4057 Regulares
800 3988 978 4052 comminata,
992 3987 1128 4042 censenda
1146 3993 1189 4042 est
1208 3987 1320 4042 sublate
1333 4005 1351 4041 e.
1363 3987 1472 4042 Concil.

285 4093 358 4149 Trid.
380 4097 451 4150 Sess.
473 4096 523 4161 24,
547 4097 589 4149 De
608 4100 664 4164 res.
684 4105 751 4148 mat.
771 4112 830 4166 cap.
850 4096 873 4160 1,
889 4111 973 4166 quum
986 4094 1105 4163 iusserit,
1118 4095 1258 4150 Perochos
1271 4100 1300 4150 et
1314 4095 1472 4165 Regulares

286 4199 381 4254 taliter
393 4201 595 4272 delinquentes,
609 4201 822 4270 compescendos
840 4218 899 4256 esse
919 4201 1036 4255 arbitrio
1049 4202 1196 4255 Ordinerii.
1209 4202 1319 4268 Suerez,
1335 4203 1378 4257 De
1397 4218 1469 4256 cens.

286 4305 355 4371 XII,
369 4307 398 4372 4,
412 4307 456 4360 13.
469 4307 575 4362 Exinde
589 4309 618 4361 in
632 4307 796 4377 poenalibus
808 4308 934 4377 urgenda
947 4322 1002 4360 non
1015 4312 1058 4362 est
1070 4307 1183 4377 regule:
1206 4309 1283 4378 lepes
1296 4309 1472 4379 posteriores

284 4417 323 4469 ad
337 4415 453 4485 priores
470 4417 623 4470 trahendae
643 4425 707 4469 sant
725 4445 742 4454 -
760 4431 797 4470 ea
817 4416 835 4468 l.
854 4415 907 4482 26,
927 4415 968 4468 De
988 4415 1103 4485 lepidas.
