3296 5108
285 279 352 345 372
428 347 431 356 ,
802 299 884 344 raas
917 299 938 344 ι.

285 425 480 510 processisse
503 423 717 509 dubitaverat)
742 423 863 489 nullum
887 425 1023 490 ulterius
1039 443 1098 510 per
1114 423 1224 508 plures
1238 443 1340 487 annos
1359 425 1462 489 simile

284 549 457 632 deliquium
482 569 593 634 passus
616 549 734 616 fuerat.
760 550 841 616 Item
873 551 905 614 iu
938 569 1001 614 una
1032 549 1251 613 Volaterrana
1275 547 1330 614 die
1354 551 1377 614 9
1401 549 1462 614 Ia-

286 674 322 739 iii
347 674 450 740 1825.
476 673 524 741 cf.
552 671 716 742 Reiffenst.
743 677 809 759 ΙΙΙ,
833 677 894 750 20,
919 697 951 742 a.
977 677 1062 743 19-
1088 677 1238 742 Ferraris
1253 699 1283 741 v.
1303 677 1463 762 irregula-

285 798 365 862 ritas
387 817 420 862 a.
446 797 499 862 12.

375 923 479 998 Quum
503 943 581 990 vero
606 925 713 1012 agitur
736 923 775 988 de
799 925 861 988 iam
889 930 1049 1007 promoto
1074 926 1300 1009 irregularitas
1331 931 1464 1011 urgetur

284 1048 452 1114 dumtaxat
474 1049 578 1132 quoad
601 1055 692 1116 actus
716 1051 883 1114 ministerii
899 1051 953 1134 qui
969 1069 1085 1116 secure
1109 1055 1142 1116 et
1164 1050 1318 1116 decenter
1337 1051 1464 1136 expleri

284 1195 348 1240 non
373 1179 514 1259 possunt.
547 1174 652 1258 prouti
685 1173 868 1259 expostulat
900 1175 1014 1260 regula
1044 1176 1106 1238 iam
1140 1175 1295 1259 exposita.
1329 1174 1465 1249 Quando

284 1275 390 1364 autem
418 1317 460 1362 ex
491 1296 609 1362 iudicio
639 1295 835 1362 medicorum
859 1302 893 1362 et
915 1317 958 1363 ex
988 1296 1147 1364 adiunctis
1178 1303 1287 1383 pateat
1318 1298 1465 1363 morbum

284 1426 411 1510 penitus
434 1425 612 1505 evanuisse,
638 1429 714 1490 tunc
737 1423 805 1508 ipse
829 1423 1007 1510 Episcopus
1030 1429 1085 1490 aut
1113 1424 1268 1509 Superior
1291 1425 1465 1510 regularis,

284 1547 475 1632 respective,
500 1548 627 1612 veniam
658 1547 768 1612 tacere
799 1551 932 1632 possunt
962 1545 1121 1612 sacerdoti
1154 1546 1256 1612 libere
1288 1547 1465 1612 exercendi

285 1691 376 1737 suum
408 1671 630 1737 ministerium.
664 1671 792 1736 Revera
822 1673 855 1736 in
887 1691 950 1736 una
980 1672 1161 1736 Nannaten.
1198 1673 1374 1758 Episcopus
1405 1693 1467 1758 pro

284 1797 477 1884 presbytero
501 1798 554 1881 qui
579 1795 690 1862 morbo
714 1797 865 1863 comitiali
889 1817 946 1862 seu
970 1796 1092 1862 caduco
1115 1796 1155 1862 ab
1186 1797 1293 1881 aliquo
1317 1803 1466 1883 tempore

284 1922 461 2004 laborabat,
491 1922 760 2009 dispensationem
784 1925 875 2008 petiit
904 1922 985 1988 adeo
1008 1929 1044 1989 ut
1066 1925 1199 2009 praevia
1225 1923 1466 2009 dispensatione

285 2048 324 2114 ab
347 2049 590 2134 irregularitate
613 2047 671 2113 sibi
696 2047 834 2115 facultas
857 2047 1057 2115 tribueretur
1083 2069 1147 2134 qua
1176 2051 1276 2135 possit
1302 2069 1370 2132 pro
1400 2070 1467 2116 saa

280 2173 469 2258 pmaenaa
484 2173 652 2241 sacerdoti
668 2173 791 2240 missae
804 2175 1062 2242 celebrationem
1070 2175 1277 2258 permittere,
1292 2177 1468 2242 assistente

286 2306 400 2366 tamea
422 2299 490 2367 aiio
509 2297 718 2384 presbytero.
735 2308 765 2366 et
789 2300 974 2366 dammodo
997 2299 1137 2367 acerbas
1152 2319 1223 2367 aaa
1238 2299 1466 2386 mpravescat,

285 2433 317 2492 et
336 2427 529 2511 rescriptum
547 2425 664 2512 prodiit
679 2425 734 2492 die
749 2425 793 2490 21
812 2425 890 2492 tatii
914 2423 1006 2492 1832
1024 2447 1043 2488 s
1058 2425 1130 2493 Pac
1153 2425 1267 2512 pratia
1291 2425 1467 2508 dispensa-

286 2551 385 2616 tiom's
408 2555 438 2616 ct
460 2549 740 2616 rehabititatioais
763 2549 916 2624 arbitrio,
942 2549 1146 2617 conscientia
1169 2555 1200 2614 et
1223 2549 1323 2616 iacta
1349 2556 1467 2616 cotum

284 2675 454 2762 Episcopi,
478 2673 570 2758 facto
593 2673 694 2740 aerbo
719 2693 796 2742 cam
820 2672 928 2740 SSmo
948 2695 977 2738 s.

374 2803 418 2867 At
440 2801 570 2866 morbus
593 2801 732 2866 infelicis
756 2799 934 2866 sacerdotis
957 2801 1090 2886 gravior
1114 2797 1246 2865 effectus
1270 2801 1374 2865 estin
1397 2799 1468 2865 dies

285 2932 318 2992 et
348 2925 524 3012 Episcopus
554 2927 671 2992 iterum
702 2945 871 2991 recursum
907 2924 1020 2990 habuit
1050 2921 1090 2989 'ad
1118 2925 1149 2991 S.
1183 2925 1282 3010 Gong.
1316 2925 1467 2992 reterens

288 3051 491 3118 «Sacerdos
521 3051 594 3134 ipse
624 3051 723 3117 calcia
754 3049 1041 3130 commendabilia,
1069 3051 1140 3116 zeto
1172 3049 1372 3116 amiataram
1400 3051 1467 3134 (ia-

284 3195 401 3262 pram,
419 3176 634 3264 aepritadiae
649 3177 790 3264 copitar
806 3195 844 3244 eo
861 3177 954 3260 qaod
969 3176 1010 3241 sit
1027 3177 1074 3242 aci
1089 3176 1251 3242 inertiam
1270 3176 1467 3248 damnatas,

284 3279 472 3385 reuerapae
486 3301 640 3385 fidelibus
655 3301 747 3366 utitis
763 3321 833 3368 esse
844 3307 959 3384 posset
974 3302 1004 3367 si
1020 3303 1192 3368 licentiam
1209 3301 1348 3370 baberet
1362 3323 1467 3385 prae-

286 3425 425 3492 dicandi
447 3431 477 3492 et
508 3426 741 3493 catechizandi
770 3431 801 3492 et
830 3427 982 3512 fideliam
1014 3427 1242 3510 consessiones
1271 3429 1468 3511 accipiendi

285 3549 377 3636 qaod
401 3551 538 3635 quidem
562 3550 690 3635 absque
711 3551 812 3636 pravi
835 3551 1049 3618 incommodo
1073 3552 1149 3638 fieri
1166 3572 1268 3636 posse
1283 3553 1419 3620 videtur
1436 3576 1466 3618 ›.

286 3675 371 3742 Sane
396 3676 572 3760 Episcopus
604 3674 771 3760 probabat,
803 3696 845 3740 ex
875 3676 1131 3742 attestationibus
1154 3679 1253 3763 ipsius
1275 3678 1463 3750 sacerdotis,

285 3801 344 3864 hos
367 3801 534 3865 ministerii
559 3805 650 3866 actus
681 3801 810 3865 interim
844 3801 932 3865 illum
963 3821 1056 3886 posse
1086 3802 1220 3888 explere
1248 3803 1369 3888 absque
1401 3805 1468 3869 ullo

288 3925 433 4009 periculo
457 3923 544 3989 etad
561 3925 620 3989 hos
636 3925 766 4011 petebat
788 3925 962 3998 habilitari‚
979 3947 1043 3992 non
1060 3927 1100 3992 ad
1116 3929 1235 3994 Missae
1251 3929 1463 3996 Sacrificium.

287 4053 485 4137 Responsum
518 4050 636 4137 prodiit
666 4051 721 4117 die
752 4049 777 4117 3
807 4053 895 4138 Aup.
922 4051 1013 4119 1833
1039 4054 1180 4120 «larcia
1209 4057 1366 4139 exposita
1396 4077 1468 4124 aon

285 4177 441 4265 indicere
456 4197 487 4240 s.

377 4303 497 4370 Deinde
519 4301 672 4368 sacerdos
694 4323 712 4367 a
733 4303 845 4369 morbo
869 4305 1098 4372 convalescere
1113 4307 1200 4372 visus
1224 4311 1320 4373 estet
1337 4308 1468 4394 ingemi-

287 4431 370 4494 natis
393 4427 543 4515 precibus
574 4426 658 4513 apud
690 4428 719 4494 S.
746 4427 844 4515 (long.
875 4429 1009 4496 Concilii
1041 4436 1076 4496 ut
1107 4433 1137 4497 ei
1167 4432 1218 4498 tas
1248 4438 1334 4499 esset
1363 4433 1467 4498 altare
