3266 5102
534 374 577 420 ua
602 368 756 420 oeurorrs
781 371 824 418 ar
849 371 969 418 nonum
1268 291 1333 416 1193

154 497 244 563 ultra
268 497 366 560 vitam
389 498 617 582 praecipientis
640 499 710 562 sive
735 498 888 582 respiciat
911 498 1080 561 universos
1104 495 1245 561 subditos
1270 497 1338 562 sive
1352 509 1368 539 t

155 621 282 705 aliquos
306 625 362 686 aut
383 623 521 705 aliquem
535 625 669 686 tautum.
680 655 724 669 -
737 621 862 686 Verum
876 621 961 684 hauc
975 621 1123 706 Episcopi
1137 625 1338 707 potestatem,

156 744 317 810 condendi
340 752 515 830 praecepta
537 765 619 828 quae
642 747 776 832 vigeant
800 747 869 809 eius
894 745 1037 811 resoluta
1055 747 1107 810 vel
1125 765 1280 830 suspensa
1296 745 1341 809 iu-

157 871 355 936 risdictione.
381 871 601 936 contendimus
632 871 794 956 Episcopo
826 875 1010 954 competere
1042 870 1209 936 dumtaxat
1236 869 1342 954 quoad

156 999 333 1078 praecepta
356 993 504 1060 ordinata
527 1015 586 1078 pro
611 1001 751 1059 externo
775 992 915 1060 fidelium
934 995 1094 1079 regimine
1114 1015 1171 1060 seu
1187 1017 1246 1082 pro
1261 999 1342 1081 foro

156 1125 322 1200 coleram·
345 1121 474 1184 minime
498 1126 605 1185 autem
630 1119 735 1203 quoad
757 1125 933 1204 praecepta
957 1121 1104 1205 imposita
1120 1141 1179 1204 pro
1194 1122 1272 1203 soro
1289 1125 1343 1190 in-

157 1246 264 1306 terno.
292 1241 358 1304 Ista
381 1241 466 1304 enim
491 1240 665 1306 nullimode
689 1241 754 1304 vim
778 1239 901 1304 habere
918 1245 1051 1325 possunt
1072 1243 1103 1304 in
1121 1242 1199 1306 illud
1215 1248 1342 1330 tempus

156 1388 220 1450 quo
244 1366 382 1450 amplius
403 1386 468 1430 non
484 1365 581 1431 durat
597 1371 737 1450 potestas
753 1367 1000 1451 praecipientis3
1018 1366 1174 1450 siquidem
1191 1369 1230 1434 ab
1247 1370 1342 1437 huius

156 1493 301 1559 arbitrio
334 1499 366 1557 et
396 1491 603 1575 beneplacito
636 1493 691 1556 illa
722 1493 908 1558 necessario
932 1491 1080 1576 pendent.
1109 1495 1278 1560 -Etenim
1308 1499 1340 1561 in

155 1613 235 1694 soro
266 1613 400 1678 interno
432 1613 635 1698 praecipiens
666 1613 712 1679 ita
742 1633 778 1678 se
807 1611 906 1677 habet
938 1631 1017 1697 erga
1045 1613 1205 1680 subditum
1230 1617 1281 1680 cui
1306 1615 1342 1682 fit

157 1743 367 1822 praeceptum
390 1743 425 1802 ut
448 1737 511 1802 hoc
534 1739 659 1802 initium
683 1744 716 1802 et
739 1743 855 1802 statum
881 1741 987 1824 capiat
1013 1759 1033 1803 a
1055 1741 1220 1806 voluntate
1244 1761 1339 1826 prae·

157 1864 307 1948 cipiantis
330 1864 445 1948 quippe
468 1881 548 1928 saue
571 1865 625 1929 hic
646 1863 678 1928 in
703 1885 795 1928 suum
819 1884 1041 1930 successorem
1055 1885 1124 1929 eam
1139 1869 1339 1940 transmittit,

157 2005 220 2070 qua
244 1988 313 2072 ipse
336 1987 444 2070 pollet,
468 1988 693 2052 auctoritatem
710 1991 743 2052 et
757 1989 857 2055 veluti
874 2007 965 2053 suam
981 2009 1155 2075 personam
1181 1991 1339 2074 publicam

157 2113 243 2177 unde
266 2113 466 2178 sustinentur
488 2119 521 2178 et
545 2113 680 2178 iuridice
703 2113 883 2198 perdurant
906 2117 1014 2179 omnia
1031 2122 1128 2180 antea
1144 2121 1217 2180 acta
1232 2117 1266 2180 in
1282 2138 1342 2201 pu-

156 2237 277 2302 blicum
301 2238 447 2320 regimen
471 2239 645 2313 societatis;
671 2238 728 2303 sed
753 2259 818 2304 nou
844 2259 882 2304 ea
906 2245 1136 2325 pertranseunt
1155 2247 1343 2324 praecepta

158 2362 366 2444 respicientia
388 2361 507 2425 bonum
531 2364 697 2446 peculiare
721 2365 814 2428 unius
838 2365 889 2427 vel
915 2364 1051 2428 alterius
1068 2363 1194 2428 subditi.
1215 2399 1229 2411 -
1249 2362 1341 2429 Unde

158 2483 278 2549 Suarez
303 2491 335 2548 et
359 2483 556 2550 D’Annibale
580 2486 689 2550 etalii
712 2507 825 2551 omnes
848 2487 913 2550 DD.
939 2487 1141 2573 intelligendi
1170 2493 1246 2554 sunt
1269 2508 1343 2553 con-

157 2605 290 2672 firmare
314 2614 457 2674 nostram
480 2610 600 2677 thesim
624 2631 720 2696 quum
745 2616 896 2676 asserunt
920 2613 1121 2697 Episcopum.
1132 2633 1224 2698 posse
1235 2632 1342 2696 prae·

158 2737 257 2814 cepta
282 2733 392 2797 facere
416 2753 499 2816 quae
522 2734 669 2821 obligent
692 2736 788 2800 etiam
813 2755 851 2800 eo
875 2740 1013 2817 mortuo,
1037 2737 1090 2800 vel
1114 2737 1271 2800 translato
1287 2738 1342 2801 rel

158 2878 324 2942 suspenso
359 2859 437 2922 Nam
467 2858 549 2923 haec
578 2867 766 2943 praecepta
791 2881 829 2926 ea
852 2865 927 2926 sunt
951 2879 1035 2943 quae
1063 2862 1262 2945 prospiciunt
1286 2881 1344 2925 ex·

156 2972 254 3032 terno
278 2967 439 3032 societatis
464 2967 614 3051 regimini
638 2973 670 3032 et
693 2987 765 3033 eam
790 2970 968 3052 exquirunt
986 2967 1201 3034 conditionem
1218 2975 1253 3034 ut
1269 2989 1343 3034 con·

158 3088 313 3156 liniantur
335 3111 394 3175 per
415 3090 542 3175 aliquod
567 3094 825 3165 instrumentum.
851 3097 1005 3177 quocirca
1029 3095 1069 3159 de
1092 3094 1177 3160 illius
1202 3095 1341 3162 existen·

155 3215 202 3278 tia
235 3220 270 3280 et
302 3216 334 3278 vi
365 3221 511 3300 suppetat
541 3216 699 3302 probatio.
733 3220 774 3283 Et
797 3219 880 3283 haec
905 3223 954 3286 est
982 3219 1129 3284 doctrina
1154 3239 1249 3303 quam
1281 3241 1341 3287 nos

157 3337 361 3403 defendimus
385 3337 441 3425 (l).

247 3530 288 3597 (l)
308 3528 439 3586 Doctores
463 3537 602 3602 quaerunt
626 3550 662 3585 an
684 3532 754 3587 haec
773 3536 923 3602 praecepta
944 3551 1079 3602 personae
1098 3534 1275 3603 cohaereant,
1295 3539 1338 3592 uti

155 3639 258 3691 umbra
277 3639 390 3706 corpori
408 3641 437 3692 et
455 3637 520 3691 hinc
539 3655 600 3693 cam
620 3643 775 3710 sequantur
795 3641 897 3710 ubique
919 3639 1054 3709 locorum,
1074 3659 1173 3713 nempe
1192 3647 1272 3698 extra
1286 3648 1341 3698 tar·

157 3744 287 3798 ritorium
306 3745 512 3813 praecipientis.
532 3775 547 3786 -
568 3745 679 3813 Suarez,
700 3747 881 3801 communiori
901 3749 1190 3820 sententiaaffirmat.
1204 3751 1258 3822 (De
1274 3753 1343 3806 Cen·

156 3867 215 3903 sur.
246 3851 275 3903 V.
298 3849 412 3920 5-18.),·
433 3848 604 3907 D'Annibale
635 3851 760 3922 sequitur
788 3854 957 3907 senteutiam
985 3866 1143 3926 crepantem,
1171 3857 1223 3912 esti
1249 3858 1342 3912 minus

156 3969 341 4019 communem,
366 3971 437 4025 quae
461 3955 585 4010 admittit
604 3962 752 4027 praecepta
771 3956 897 4026 obligare
916 3963 1025 4013 tantum
1044 3960 1072 4013 in
1093 3963 1235 4016 territorio
1255 3979 1337 4032 prae·

157 4059 288 4128 cipientis
307 4065 336 4114 et
356 4061 437 4116 affert
455 4061 506 4116 has
525 4065 648 4118 rationes
671 4064 776 4134 (1-249)
795 4063 896 4125 «Quia
916 4067 988 4119 ratio
1007 4069 1151 4137 pancratis
1171 4067 1268 4139 (lepis)
1296 4069 1342 4124 val

154 4159 344 4233 panicularis
369 4167 531 4236 (praecepti)
558 4183 612 4220 non
637 4168 732 4222 variat
756 4169 996 4240 iurisdietionem,¹
1015 4169 1112 4227 deinde
1131 4173 1198 4243 quia
1216 4179 1340 4243 potestas

158 4265 228 4339 patae
247 4288 305 4324 non
324 4277 482 4327 continetur
510 4275 539 4327 in
565 4285 626 4343 loto,
652 4274 679 4328 id
703 4279 746 4330 est
772 4275 801 4328 in
827 4280 969 4345 potestate
991 4279 1098 4333 ferendi
1116 4279 1195 4349 leges
1212 4279 1241 4334 in
1260 4287 1340 4350 parte

159 4377 297 4433 contineri
323 4379 473 4434 absurdum
499 4381 707 4438 vitaturum
734 4383 817 4436 istam
845 4385 1013 4439 senteutiam
1034 4391 1063 4440 et
1087 4387 1188 4441 allatas
1212 4389 1335 4446 rationes

160 4484 317 4539 omnimode
342 4487 499 4555 probamus,
522 4493 551 4543 et
573 4489 743 4544 advertimus
763 4490 862 4546 exinde
881 4491 984 4546 clarius
1003 4495 1161 4549 confirmari
1185 4495 1343 4550 conclusio·
