3296 5108
320 277 386 345 436
837 297 925 346 raes
949 297 970 344 1.

409 421 484 489 354.
511 423 683 506 Postquam
707 425 740 485 in
759 422 876 505 primo
900 422 1009 506 capite
1025 423 1186 488 sententia
1205 421 1418 486 damnationis
1433 421 1501 486 lata

319 551 369 610 est
383 546 416 610 in
439 543 541 610 libros
556 547 609 628 qui
625 544 865 610 haereticorum
890 543 1039 610 referunt
1059 545 1251 610 sententiam
1267 549 1364 626 atque
1381 563 1501 628 propu-

319 675 428 754 gnant,
452 671 487 734 in
514 670 620 735 attero
649 670 755 753 capite
785 668 969 734 sollicitudo
1000 667 1171 734 Ecclesiae
1202 687 1237 732 se
1265 669 1428 733 convertit
1457 668 1501 732 ad
1629 669 1630 716 s

320 797 465 862 Sacram
490 796 705 879 Scripturam
724 797 837 880 inqua
859 801 934 862 sunt
956 796 1128 880 quaedam
1151 795 1305 881 difficilia
1328 797 1501 862 iutettectu

318 939 407 1004 quae
430 921 556 987 indocti
579 927 610 986 et
633 919 804 986 instabiles
818 921 1011 1004 depravant
1025 921 1073 986 ad
1087 939 1189 986 suam
1208 922 1363 1004 ipsorum
1382 921 1499 1004 perdi-

321 1045 453 1127 tiouem,
470 1047 516 1110 uti
532 1051 701 1110 monuerat
716 1045 779 1108 iam
795 1045 894 1110 Divus
911 1045 1039 1110 Petrus.
1057 1044 1129 1110 Hac
1152 1043 1192 1108 de
1217 1064 1314 1110 causa
1329 1047 1361 1110 in
1378 1050 1444 1109 art.
1463 1045 1502 1126 5,

319 1169 532 1254 prohibentur
555 1168 711 1236 editiones
734 1168 907 1234 Sacrorum
937 1166 1113 1234 Bibliorum
1144 1168 1184 1233 ab
1214 1167 1405 1234 acatholicis
1433 1172 1500 1252 qni-

319 1293 515 1378 buscurnque
545 1294 743 1381 publicatae;
771 1294 921 1358 nimirum
953 1293 995 1360 co
1019 1295 1338 1376 praesumptionem
1369 1295 1502 1360 erroris

320 1419 374 1501 qui
405 1417 546 1484 studiose
575 1417 658 1483 solet
688 1417 792 1502 ingeri
819 1415 859 1481 ab
888 1416 1067 1482 huiusmodi
1102 1415 1286 1482 hominibus
1320 1419 1353 1480 in
1389 1417 1503 1483 Sacris
1629 1443 1630 1466 r

321 1541 496 1626 Scripturis
520 1541 580 1607 etsi
602 1539 747 1625 fideliter
769 1544 802 1605 ct
825 1540 954 1626 intepre
981 1545 1178 1623 appareant
1198 1540 1317 1606 editae.

409 1664 472 1731 Sed
494 1663 576 1730 ratio
599 1662 748 1730 habenda
770 1669 842 1730 erat
864 1663 1028 1729 hominum
1045 1663 1279 1728 catholicorum
1294 1665 1349 1747 qui
1366 1665 1399 1728 in
1417 1663 1500 1729 haec

322 1785 426 1855 studia
448 1787 636 1853 incumbunt
659 1787 698 1850 ad
724 1785 911 1852 rcfuundcs
935 1804 1067 1851 errores
1089 1785 1364 1860 acatholicorum
1393 1806 1499 1870 quam-

319 1911 431 1978 obrem
453 1914 534 1976 istae
559 1911 714 1978 editiones
737 1912 856 1978 ceteris
878 1910 1069 1996 prohibitae,
1086 1912 1317 1996 permittuntur
1340 1911 1384 1977 iis
1404 1913 1502 1976 dum·

229 2103 232 2108 ,
321 2033 644 2120 tarcondimatus
675 2025 866 2121 tlieotopicis
897 2035 948 2100 oet
981 2033 1108 2101 biblicis
1137 2035 1221 2100 daut
1250 2051 1405 2118 operam.
1436 2034 1499 2100 Sed

319 2163 449 2244 quinam
473 2161 672 2247 intelligendi
696 2166 770 2228 sunt
792 2163 836 2229 ita
859 2181 1001 2244 operam
1031 2157 1143 2228 dare?
1166 2162 1263 2230 Certe
1288 2162 1501 2228 Professores

319 2293 353 2354 et
376 2286 497 2352 alumni
520 2287 637 2369 quiex
659 2305 795 2352 munere
818 2306 874 2352 suo
898 2285 1086 2352 incumbunt
1109 2287 1143 2350 in
1162 2285 1348 2371 disciplinas
1371 2286 1497 2351 theolo-

320 2413 409 2497 gicas
424 2415 457 2476 et
479 2410 612 2477 biblicae
635 2411 769 2475 veniunt
792 2410 854 2476 hoc
877 2428 992 2486 censu;
1009 2409 1065 2475 sed
1081 2410 1103 2474 ii
1127 2428 1253 2494 quoque
1269 2411 1324 2493 qui
1340 2429 1384 2474 ex
1399 2410 1499 2475 iudu-

319 2534 404 2600 stria
431 2551 504 2604 sua.
532 2532 707 2615 priuatim,
736 2537 859 2617 partem
887 2551 953 2596 non
984 2531 1181 2596 mediocrem
1211 2550 1289 2597 suae
1319 2531 1502 2598 activitatis

321 2655 501 2722 habitualis
528 2654 688 2721 devovent
717 2656 750 2720 in
780 2655 863 2721 haec
894 2655 998 2720 studia
1022 2691 1040 2704 -
1065 2655 1200 2739 lnquam
1226 2691 1244 2705 ·
1270 2655 1453 2723 habitualis
1477 2691 1497 2706 -

320 2799 395 2845 nam
429 2783 456 2846 si
487 2782 556 2864 quis
586 2780 692 2846 obiter
721 2780 861 2863 aliquam
896 2782 1117 2863 quaestionem
1152 2782 1320 2868 explicare
1352 2781 1502 2847 intendat

320 2906 440 2971 Sacrae
457 2905 644 2990 Scripturae
668 2908 703 2970 ut
725 2909 802 2988 puta
825 2924 884 2989 pro
908 2905 1108 2971 enucleanda
1124 2906 1208 2972 thesi
1228 2905 1416 2972 academica
1433 2926 1498 2970 non

319 3035 512 3096 accensetur
542 3031 580 3096 iis
611 3030 664 3113 qui
695 3047 837 3112 operam
867 3029 960 3096 daut.
993 3029 1149 3115 Equidem
1182 3030 1212 3098 S.
1242 3029 1342 3116 cong.
1376 3029 1503 3097 Indicis

321 3156 531 3240 interrogata.
558 3174 576 3216 ‹
602 3155 715 3220 Utrum
738 3153 820 3218 hacc
843 3153 945 3220 verba
967 3155 1096 3220 articuli
1121 3155 1152 3218 V
1176 3155 1236 3240 qui
1262 3153 1384 3222 studiis
1408 3155 1497 3222 theo·

320 3279 437 3365 topicis
460 3285 521 3344 aut
544 3277 671 3346 atticis
693 3279 778 3344 daut
800 3297 942 3361 operam
972 3278 1182 3366 intelligenda
1211 3284 1338 3344 tantum
1369 3280 1436 3346 sint
1459 3278 1503 3344 de

321 3402 423 3469 doctis
453 3405 543 3485 viris,
568 3405 607 3469 iis
637 3403 779 3468 scientiis
809 3403 933 3478 deditis,
958 3408 1014 3469 aut
1045 3404 1176 3470 extendi
1200 3405 1331 3472 valeant
1361 3404 1403 3468 ad
1427 3407 1499 3469 uni-

319 3547 432 3593 versos
456 3529 486 3594 S.
513 3527 707 3614 Theologiae
731 3533 865 3614 tyrones
882 3549 900 3590 s
919 3527 968 3612 (l)
984 3528 1150 3613 respondit
1166 3529 1220 3594 die
1235 3525 1287 3593 23
1301 3528 1388 3594 maii
1405 3527 1501 3594 1898

323 3648 522 3736 «nicandre
544 3649 591 3715 ad
617 3651 852 3733 1⁰²”partem;
875 3649 1079 3734 affirmative
1101 3649 1149 3717 ad
1171 3651 1237 3716 ΒΜ
1261 3672 1291 3714 ›.
1317 3650 1501 3714 Praeterea

319 3774 448 3839 videtur
478 3776 524 3839 uti
557 3794 650 3860 posse
674 3774 736 3840 hac
766 3775 977 3859 permissione
1006 3773 1155 3840 alumnus
1186 3775 1300 3858 quiin
1332 3774 1383 3838 his
1408 3773 1500 3840 disci

319 3900 415 3984 plinis
440 3901 695 3983 experimentum
719 3898 1038 3964 eatraordiaarium
1061 3898 1172 3965 lacere
1195 3897 1311 3966 debeat
1333 3899 1419 3983 apud
1444 3900 1500 3965 ali-

396 4075 449 4163 ¹(l)
468 4091 585 4147 Genicot
609 4094 627 4148 l.
652 4111 675 4146 c.
700 4094 728 4146 in
755 4091 899 4148 referende
925 4091 978 4146 hec
1002 4093 1182 4162 responsione
1207 4093 1225 4145 t.
1252 4111 1274 4147 c.
1299 4091 1387 4147 habet
1412 4095 1499 4148 rerba

320 4225 333 4239 ·
358 4198 525 4268 llzeolopiae
544 4201 682 4254 studiosos
701 4229 715 4239 -
735 4215 790 4253 non
810 4229 824 4240 -
848 4200 1018 4270 Theotopiae
1037 4209 1150 4267 tyrones
1164 4227 1178 4240 ·
1198 4199 1239 4253 uti
1259 4197 1364 4269 legitur
1384 4199 1414 4254 in
1428 4203 1497 4254 Acta

322 4306 348 4358 S.
371 4307 458 4372 Sedis,
479 4307 577 4374 XXX,
592 4325 622 4378 p.
646 4305 955 4374 749;atvoeabu1um
976 4316 1088 4375 tproum
1112 4322 1142 4361 se
1160 4306 1247 4361 refert
1270 4305 1305 4360 ad
1325 4307 1500 4376 tyrocinium

319 4409 516 4466 scholasticum
536 4417 565 4467 et
583 4419 625 4468 est
643 4414 735 4468 minus
754 4413 849 4468 latum.
