3306 5102
819 299 823 308 '
841 289 923 335 PARS
948 289 969 334 1.

452 517 474 598 ἕ
493 518 521 581 1.
546 518 596 584 Dc
614 517 869 604 irregularitate
892 518 1135 584 estimatione
1159 517 1370 600 baptismatis

522 643 660 729 musque
681 645 873 728 receptione
895 665 918 712 a
940 645 1096 712 ministro
1120 645 1299 712 haeretico.

322 836 538 899 summarium.
563 869 599 881 -
623 838 683 893 213.
704 839 788 894 Ratio
806 840 940 894 historica
958 845 988 895 et
1006 840 1086 910 origo
1111 839 1193 894 huius
1217 837 1444 908 irregularitatis,
1462 867 1500 879 -

410 946 471 1000 alt.
498 947 575 1000 Hanc
600 947 746 1002 incurrunt
770 948 957 1018 rebaptizans,
978 949 1166 1018 rebaptizatus
1184 953 1213 1003 et
1231 947 1393 1002 ministrans
1417 947 1498 1000 reba-

411 1054 534 1123 ptizanti.
559 1083 596 1098 -
620 1053 681 1110 215.
703 1055 873 1126 Baptismum
893 1057 976 1110 debet
995 1073 1055 1111 esse
1070 1059 1225 1128 publicum.
1249 1085 1286 1098 -
1309 1056 1371 1109 216.
1392 1055 1431 1109 De
1449 1056 1499 1108 ba·

410 1163 511 1231 ptismo
529 1165 664 1219 reiterato
675 1164 720 1218 vel
734 1165 838 1235 absque
851 1162 915 1218 dolo
928 1164 972 1219 vel
985 1166 1036 1220 sub
1050 1166 1217 1220 conditione.
1239 1193 1271 1206 -
1290 1165 1351 1219 217.
1372 1165 1416 1218 An
1429 1163 1499 1218 haec

411 1269 604 1340 irregularitas
626 1269 773 1340 prohibeat
797 1273 882 1327 etiam
904 1277 1094 1344 susceptorum
1119 1273 1246 1326 ordinum
1269 1271 1445 1327 exercitium.
1463 1300 1498 1311 —

410 1376 470 1430 218.
491 1375 530 1430 De
554 1377 693 1446 baptismo
718 1382 830 1446 recepto
849 1394 866 1431 a
884 1377 1013 1432 ministro
1037 1378 1187 1432 haeretico.
1206 1405 1240 1418 -
1261 1376 1321 1431 119.
1341 1377 1391 1430 Est
1414 1375 1498 1445 irreg.

409 1502 444 1540 ex
462 1484 573 1540 delicto.

409 1663 485 1730 213.
511 1661 635 1728 Titulus
652 1664 701 1729 De
722 1664 947 1730 sacramentis
965 1684 1036 1732 noa
1059 1663 1234 1746 iterandis²
1258 1664 1309 1738 16,
1335 1663 1391 1729 tib.
1410 1663 1438 1744 1,
1454 1663 1489 1725 X
1489 1713 1496 1735 ‚

220 1773 223 1780 ’
323 1786 471 1872 prohibet
503 1790 534 1851 iu
567 1807 688 1872 genere
720 1808 760 1853 ue
793 1793 997 1854 sacramenta
1019 1789 1243 1854 characterem
1269 1789 1496 1873 imprimentia

321 1933 436 2000 nempe
448 1913 648 2000 baptismum,
663 1913 873 1998 confirmetis),
883 1915 1040 1980 ordinatio
1054 1917 1262 1981 reiterentur.
1273 1917 1316 1981 At
1326 1916 1359 1978 iu
1373 1914 1455 1978 libro
1465 1915 1498 1978 V

320 2041 352 2104 in
370 2059 432 2123 quo
456 2059 610 2125 expresse
633 2041 740 2126 agitur
762 2039 802 2106 de
826 2041 937 2125 poenis
959 2041 1070 2107 titulus
1092 2061 1205 2108 aenas
1227 2039 1430 2106 inscribitur:
1448 2039 1498 2104 De

320 2165 484 2247 apostatis
507 2170 540 2230 et
560 2165 798 2231 reiterantibat
821 2165 989 2249 baptisma
1013 2167 1106 2230 etia
1129 2185 1202 2248 cap.
1220 2165 1254 2236 2,
1280 2165 1311 2228 b.
1335 2170 1356 2229 t.
1381 2163 1496 2229 decer-

322 2291 408 2354 nitur
425 2289 650 2373 irregularitas
666 2287 834 2354 dumtaxat
857 2292 889 2354 in
906 2289 1063 2374 baptisma
1079 2291 1289 2364 reiterantes;
1313 2307 1416 2372 quare
1432 2307 1496 2352 nou

320 2416 491 2480 incurrunt
504 2415 697 2480 reiterantes
713 2413 989 2480 confirmationem
1005 2420 1061 2480 aut
1076 2415 1319 2490 ordinationem,
1334 2415 1409 2498 quia
1426 2415 1495 2478 nul-

320 2539 376 2604 libi
392 2541 424 2603 in
441 2541 512 2604 iure
534 2541 696 2624 reperitur
720 2559 918 2624 expressum.
935 2539 1104 2612 Schmalz.,
1131 2539 1163 2604 lt.
1181 2545 1202 2604 t.
1219 2560 1252 2603 n.
1270 2537 1320 2604 39
1326 2557 1340 2622 ;
1364 2539 1496 2603 Suarez.

321 2663 431 2740 XLII,
449 2663 482 2737 3,
500 2665 532 2728 6.

409 2787 557 2853 Ecclesia
579 2788 822 2872 irregularitate
837 2787 1005 2854 mulctavit
1019 2787 1208 2873 baptismum
1225 2807 1289 2853 non
1306 2787 1370 2851 alia
1385 2805 1495 2851 sacra-

321 2918 428 2977 menta
452 2915 654 2995 reiterantes,
671 2914 710 2978 ad
734 2913 999 2998 compescendam
1024 2915 1184 2978 haeresim
1208 2915 1243 2978 in
1267 2913 1381 2978 Airica
1404 2931 1494 2998 gras·

319 3043 452 3110 sautem,
477 3055 568 3120 quae,
596 3039 671 3100 ante
698 3035 944 3110 damnationem,
970 3041 1099 3100 sanctos
1122 3055 1248 3120 quoque
1271 3037 1360 3100 viros
1384 3033 1497 3099 habuit

319 3169 482 3248 patronos,
507 3169 688 3227 asserentes
711 3161 806 3227 fidem
829 3163 861 3226 in
885 3162 1066 3247 baptizante
1089 3162 1222 3245 requiri,
1247 3160 1327 3226 adeo
1344 3167 1380 3226 ut
1394 3160 1494 3246 bapti-

318 3291 408 3352 zatus
435 3285 474 3350 ab
502 3284 666 3349 haeretico
697 3305 776 3349 vere
800 3285 976 3369 baptizatus
1003 3284 1066 3349 dici
1089 3303 1154 3349 uon
1178 3289 1293 3369 posset.
1321 3319 1338 3331 -
1365 3283 1496 3348 Revera

319 3431 460 3477 canones
476 3411 533 3492 65,
557 3409 632 3476 (1131.
649 3409 712 3493 5ος
735 3409 771 3488 3,
790 3410 865 3476 dist.
885 3411 945 3494 985
967 3411 1011 3475 10
1025 3415 1057 3476 et
1080 3411 1133 3483 21,
1157 3429 1249 3476 caue.
1274 3414 1301 3491 1,
1325 3409 1496 3495 quaesta

318 3535 592 3621 irregularitatem
609 3533 789 3599 decernunt
803 3537 834 3598 in
852 3534 1065 3620 rebaptizatos
1080 3533 1120 3598 ab
1136 3533 1324 3609 haereticis;
1340 3533 1397 3598 sed
1413 3533 1496 3597 haec

319 3663 462 3747 poenalis
485 3658 667 3745 prohibitio,
686 3661 764 3725 -ita
779 3660 823 3726 ab
839 3661 995 3728 omnibus
1013 3663 1181 3728 intellecto
1204 3667 1253 3728 eet
1274 3667 1306 3727 et
1321 3661 1496 3728 communi

317 3804 383 3849 usu
405 3790 550 3867 recepta,
568 3783 692 3849 -docet
715 3783 844 3856 Suarea
861 3784 911 3849 De
935 3783 1088 3850 Sacram.
1107 3785 1284 3868 Baptismi,
1310 3803 1341 3869 q.
1366 3785 1494 3866 XXXI,

319 3913 383 3972 art.
401 3907 433 3982 4,
457 3927 490 3974 a.
508 3909 559 3990 18,
584 3913 620 3974 ut
642 3927 754 3974 omnes
776 3912 889 3994 tangat
908 3909 1101 3974 reiterantes
1117 3909 1318 3994 baptismum.
1336 3911 1378 3974 Et
1400 3929 1496 3976 nenio

319 4051 397 4095 sane
420 4031 517 4096 audet
539 4031 572 4094 in
598 4031 726 4097 dubium
743 4051 863 4098 vocare
878 4031 1058 4096 huiusmodi
1075 4032 1351 4117 irregularitatem
1376 4032 1421 4097 ita
1445 4054 1495 4119 ge·

319 4155 475 4219 neraliter
498 4153 693 4222 intellectam
716 4161 749 4222 et
771 4177 830 4222 usu
853 4159 1026 4241 receptam.

407 4279 483 4346 214.
510 4281 561 4345 Ex
584 4279 637 4346 cit.
662 4300 736 4364 cap.
760 4281 794 4354 2,
821 4281 867 4344 tit.
891 4279 945 4346 Dc
967 4286 1074 4363 apost.
1100 4281 1255 4347 Doctores
1278 4283 1495 4348 communiter

318 4402 534 4470 determinant
556 4407 620 4469 vim
645 4412 677 4470 et
700 4405 899 4471 conditiones
929 4407 1024 4472 huius
1051 4407 1310 4492 irregularitatis.
1344 4407 1496 4472 Iamvero
