3290 5100
557 321 601 367 nn
628 321 782 369 nsnrcrrs
806 320 990 368 erroneis
1296 302 1363 368 467

183 442 437 530 d'inrprimerie).
462 444 618 510 Idunum
642 445 728 510 enim
751 445 975 530 expostulatur
995 449 1031 510 ut
1054 409 1133 530 opus
1156 444 1299 511 nondum
1323 445 1364 512 sit

184 573 374 658 impressum
399 578 431 638 et
454 571 586 638 editioni
615 576 776 657 paratum,
800 571 857 638 sed
884 572 991 637 adhuc
1022 573 1143 658 corrigi
1170 573 1288 639 veieet.
1314 573 1361 640 Oi.

185 694 372 761 Pennecchi
396 696 416 760 l.
441 715 468 762 c.

274 820 363 885 Libri
388 821 441 904 qui
465 819 605 887 eduntur
619 819 740 904 absque
758 821 892 904 praevie
907 839 1047 886 censura
1061 823 1113 886 cui
1128 825 1203 887 sunt
1218 820 1362 894 subiecti,

186 965 250 1010 non
274 943 393 1010 exinde
416 949 491 1010 sunt
514 943 676 1029 prohibiti,
701 945 773 1026 nisi,
791 963 945 1029 expresse
968 944 1002 1008 in
1025 943 1098 1030 lege
1121 943 1184 1010 hoc
1207 945 1362 1026 edicatur,

185 1069 254 1134 scii.
270 1068 370 1134 libros
386 1071 430 1135 ite
445 1068 557 1149 editos,
570 1067 689 1151 absque
706 1087 847 1134 censure
862 1073 895 1132 et
910 1068 1006 1132 venie
1021 1066 1147 1142 edendi,
1164 1087 1236 1134 esse
1251 1068 1363 1153 prohi-

185 1193 278 1274 bitos,
306 1195 414 1277 prouti
441 1193 579 1258 edictum
604 1201 654 1257 est
678 1193 711 1257 in
735 1211 766 1258 a.
785 1211 816 1258 a.
844 1189 889 1258 13
911 1197 942 1258 et
964 1191 1026 1258 20.
1050 1192 1176 1259 Verum
1206 1193 1259 1258 isti
1289 1190 1363 1256 libri

185 1317 339 1404 prohibiti
363 1338 433 1384 esse
449 1323 581 1402 possunt
604 1337 647 1384 ex
670 1317 733 1382 elio
750 1317 856 1403 capite
879 1337 937 1382 seu
961 1337 1004 1382 ex
1025 1315 1174 1383 subiecta
1196 1316 1364 1400 muteriu3

185 1441 297 1524 quoles
321 1447 395 1506 sunt
418 1443 471 1525 qui
494 1440 678 1507 indicantur
700 1441 734 1504 in
758 1459 789 1505 a.
814 1458 845 1505 a.
871 1441 898 1521 1,
922 1440 957 1521 2,
983 1440 1014 1515 9,
1040 1442 1085 1516 11,
1109 1439 1151 1505 14
1168 1446 1225 1506 eto.
1252 1442 1289 1504 In
1313 1441 1364 1506 his

169 1569 271 1632 'enim
295 1587 359 1632 non
384 1568 574 1634 aestimetur
605 1567 755 1650 defectus
778 1585 943 1633 censurae
965 1567 1021 1632 sed
1045 1565 1165 1636 eitiunt
1187 1565 1362 1632 materiae.

186 1693 229 1759 Et
250 1693 334 1758 haec
358 1693 472 1777 regule
495 1690 605 1757 sedulo
629 1691 755 1758 adverti
780 1690 884 1758 debet.

298 2015 321 2096 ἓ
347 2015 375 2079 1.
400 2012 454 2078 De
472 2012 640 2096 praelatis
662 2011 827 2079 librorum
849 2029 1015 2079 censurae
1034 2009 1252 2096 praepositis.

468 2206 519 2248 Huc
533 2204 646 2248 referetur
659 2211 737 2261 ceput.
753 2206 772 2260 Ι,
790 2205 826 2248 tit.
841 2205 874 2257 11,
889 2206 922 2247 ite
937 2205 1081 2261 inscriptum.

186 2401 403 2459 summarium.
421 2431 458 2444 -
476 2402 539 2456 391.
568 2403 736 2457 Referuntur
759 2413 813 2456 art.
833 2403 936 2456 30-31.
958 2431 990 2444 -
1010 2401 1071 2456 392.
1099 2403 1311 2458 commentatio.
1329 2431 1365 2444 -

276 2507 337 2561 393.
358 2508 528 2582 Referuntur
546 2517 598 2561 ort.
617 2508 724 2560 32-33.
740 2536 778 2549 —
795 2505 857 2560 394.
878 2506 1091 2562 Commentatio.
1107 2535 1140 2548 —
1153 2506 1213 2562 395.
1234 2507 1366 2562 Refertur

276 2625 328 2669 art.
339 2614 503 2668 :td-396.
523 2615 736 2669 commentatio.
747 2643 780 2656 -·-
791 2611 853 2668 397.
876 2613 1009 2669 Refertur
1027 2625 1080 2669 art.
1091 2615 1144 2667 35.
1159 2642 1192 2655 -
1206 2614 1267 2668 398.
1287 2613 1366 2668 Com·

277 2721 420 2776 mentatio.
431 2749 465 2760 -
476 2720 539 2774 399.
558 2721 689 2774 Refertur
701 2729 754 2774 art.
767 2720 817 2774 36.
829 2748 862 2761 -
878 2721 939 2775 400.
961 2720 1173 2775 Commentatio.
1185 2749 1218 2761 —
1230 2721 1289 2775 401.
1311 2721 1366 2777 Re-

276 2831 365 2883 fertur
383 2839 435 2884 art.
454 2830 507 2882 37.
519 2857 556 2870 -
568 2830 628 2882 402.
648 2829 862 2883 Commentatio.
1235 2811 1237 2817 '

277 3063 352 3128 391.
378 3063 462 3129 Aer.
479 3063 541 3128 30:
560 3062 704 3128 «Penes
727 3081 811 3150 qnos
827 3067 976 3146 potestus
992 3063 1034 3129 sit
1049 3083 1229 3130 sacrorum
1245 3063 1366 3132 Biblio-

187 3207 268 3254 rum
292 3187 454 3253 editiones
476 3192 507 3252 et
529 3186 700 3253 versiones
731 3186 927 3270 adprobare
956 3189 1008 3254 oel
1036 3189 1235 3272 permittere
1257 3189 1367 3256 euciis

188 3311 293 3396 liquet
315 3330 403 3395 quoe
426 3330 535 3393 snpra
558 3307 636 3396 (ort.
663 3311 686 3374 7
683 3309 700 3397 )
722 3315 850 3376 statuta
872 3317 951 3378 sunt
966 3333 998 3378 s.

279 3437 362 3501 Aur.
388 3435 448 3500 31:
477 3435 632 3502 «Libros
650 3435 693 3501 ab
709 3435 903 3518 Apostotiou
927 3433 1013 3502 Sede
1032 3436 1246 3520 proscriptos
1267 3455 1366 3504 neme

189 3560 316 3625 undeet
343 3560 468 3624 iterumn
490 3561 528 3624 in
552 3562 660 3625 lucen
690 3560 814 3643 edere;
844 3561 937 3646 qnod
959 3560 989 3627 si
1011 3581 1057 3627 eeu
1086 3562 1187 3647 previ
1209 3567 1242 3628 et
1266 3561 1368 3628 ratio·

188 3681 296 3747 nobili
319 3699 424 3749 consa
447 3683 634 3770 sinpntaris
656 3683 774 3769 aliqua
797 3683 949 3768 eneeptio
967 3685 1031 3753 boc
1045 3693 1083 3753 in
1098 3707 1138 3754 re
1156 3686 1367 3753 admittendo

188 3805 354 3880 videntur,
379 3806 416 3870 id
438 3825 620 3891 nunqnam
642 3809 697 3892 piet
719 3808 787 3873 nisi
810 3808 944 3876 obtenta
966 3810 1065 3891 prins
1086 3812 1120 3876 S.
1139 3811 1267 3877 Indicis
1286 3808 1368 3877 Con-

189 3927 398 4015 preputionis
429 3928 576 4004 licentia,
608 3930 817 4016 seroctisqne
848 3931 1098 3999 conditionibus
1128 3932 1171 3999 ab
1202 3951 1243 3999 ea
1262 3951 1367 4016 prae-

188 4049 324 4135 scriptis
341 4073 370 4116 r.

278 4177 354 4242 392.
387 4177 425 4241 In
455 4177 592 4242 articulo
622 4179 644 4242 7
676 4178 867 4265 explicando
899 4179 1038 4246 vidimus
1068 4179 1244 4266 Episcopus
1274 4200 1367 4266 posse

189 4301 370 4388 adprobare
386 4303 556 4369 editionem
571 4305 602 4372 S.
616 4305 804 4391 Scripturae
816 4305 1011 4371 si'accedent
1028 4306 1265 4382 adnotationes;
1277 4305 1368 4372 hisce

189 4447 269 4494 vero
292 4425 512 4496 deficientibus
535 4430 631 4495 venia
654 4429 769 4496 edendi
793 4431 976 4515 expetenda
998 4437 1048 4498 est
1070 4453 1090 4497 a
1113 4432 1144 4498 S.
1170 4432 1368 4518 Apostolice.
