3290 5100
534 323 578 368 nn
602 322 753 370 cauieris
777 323 820 368 ss
844 324 964 370 ronms
1271 304 1336 370 527

161 449 361 523 incurrerit,
387 447 599 514 discutienda
622 453 669 514 est
691 468 758 532 per
782 449 1039 532 Confessarinm
1069 449 1335 534 uniuscuiusque

161 573 373 641 conscientia.

295 699 328 786 3)
354 702 390 765 ln
415 700 535 786 primis,
560 702 646 766 inter
669 700 848 784 complices
879 721 936 766 sen
959 707 1195 786 cooperatores
1223 702 1336 768 distin·

160 811 307 912 gnendae
330 831 404 891 sunt
427 825 538 890 variae
561 826 695 910 species.
723 827 843 912 Nempe
863 826 979 909 primo
1003 847 1116 892 eorum
1139 830 1192 910 qui
1221 847 1334 913 coope-

161 957 276 1016 rantur
306 955 385 1016 actu
410 951 665 1034 nmrpanlibus,
697 951 755 1016 hos
785 953 838 1017 vel
872 953 1008 1036 pecunia
1036 951 1087 1017 vel
1114 952 1254 1019 consiliis
1283 955 1335 1019 vel
1432 1019 1433 1024 ,

161 1077 272 1142 lavore
303 1076 536 1158 adiuvantibus,
561 1082 594 1141 et
618 1077 765 1144 secando
798 1097 909 1142 eorum
941 1078 994 1161 qui
1026 1082 1241 1163 conparantur
1271 1078 1334 1145 hac

159 1203 212 1266 vel
241 1201 305 1266 alia
333 1203 459 1266 ratione
485 1207 520 1266 ut
546 1222 601 1266 res
629 1201 701 1266 iam
731 1208 900 1286 usurpata
933 1201 1116 1267 detineatur
1146 1201 1288 1287 pacifice.
1315 1239 1332 1252 -

161 1327 338 1392 Praeterea
355 1327 440 1394 inter
454 1345 510 1392 eos
526 1329 578 1410 qui
595 1327 811 1392 detinentibus
827 1347 919 1412 opem
936 1326 1093 1414 praebent
1108 1332 1142 1392 nt
1157 1327 1332 1402 detineant,

159 1451 324 1517 excellunt
346 1453 379 1516 bi
404 1453 457 1535 qui
480 1471 595 1516 munus
619 1450 780 1536 publicum
797 1451 951 1525 obtinent,
969 1456 1001 1518 et
1023 1453 1106 1517 baec
1129 1453 1237 1518 misnia
1259 1457 1335 1518 sunt

118 1641 125 1654 ,
158 1576 210 1642 vel
233 1577 398 1644 militaria
421 1577 474 1642 vel
493 1577 634 1660 politica
657 1578 709 1642 vel
733 1577 856 1644 cicilia.

291 1699 329 1785 4)
352 1703 499 1766 lamvero
523 1721 582 1786 per
605 1703 864 1787 cooperationem
893 1704 952 1768 etsi
975 1703 1145 1786 efficacem
1168 1705 1201 1767 in
1225 1722 1333 1768 mune-

159 1826 246 1892 ribus
276 1827 481 1893 militaribus
511 1829 581 1913 quis
609 1847 674 1891 non
698 1829 845 1894 incurret
875 1847 1044 1894 censuram
1068 1830 1096 1894 si
1119 1835 1166 1894 est
1198 1830 1332 1915 physice

158 1957 297 2026 coactns,
322 1958 357 2018 ut
380 1954 471 2022 miles
494 1955 546 2038 qui
572 1955 689 2018 invitus
713 1953 908 2024 inscribitur,
926 1955 978 2019 vol
994 1955 1021 2019 si
1044 1955 1115 2038 quis
1138 1961 1332 2040 cooperetur

158 2076 322 2144 Gubernin
346 2078 487 2142 invasori
512 2096 575 2142 non
599 2078 631 2141 in
652 2078 791 2160 politica
815 2079 1062 2143 conservatione
1085 2078 1252 2163 regiminis
1275 2077 1331 2144 sed

157 2207 281 2268 tantum
304 2204 338 2267 in
365 2201 456 2268 civili
486 2203 718 2287 tranquillitate
749 2201 881 2268 tunnda
904 2208 937 2268 et
958 2203 1042 2269 bono
1071 2204 1191 2270 civium
1213 2224 1330 2290 procu·

157 2327 269 2400 raudo,
286 2329 402 2412 quippe
418 2327 500 2392 haec
517 2328 701 2392 necessaria
717 2332 791 2392 sunt
807 2328 839 2392 in
858 2346 1059 2411 quacumque
1075 2329 1220 2394 civitate:
1244 2329 1330 2394 coni.

156 2449 355 2517 D'Annibale
378 2453 399 2518 l.
425 2471 451 2518 c.
475 2473 509 2518 n.
535 2453 609 2517 101.

290 2577 323 2664 5)
347 2580 429 2654 Quia
452 2580 485 2644 in
508 2579 644 2645 articulo
676 2578 918 2665 distinguuntur
949 2579 1172 2663 delinquentes
1200 2580 1328 2663 prinm-

150 2707 259 2789 pales,
275 2710 308 2769 et
324 2705 514 2784 accessoiii,
533 2724 610 2771 sane
626 2704 822 2791 principales
838 2709 913 2770 snnt
928 2706 987 2790 ipsi
1002 2706 1066 2770 viri
1084 2705 1253 2791 Principes
1274 2706 1328 2789 qni

153 2830 319 2915 potiuntur
335 2849 459 2898 summa
475 2851 584 2895 rerum
601 2831 634 2893 in
650 2830 790 2903 civitate,
805 2832 949 2914 quamvis
962 2850 1005 2895 ex
1017 2829 1242 2896 constitutione
1256 2830 1329 2895 Rei·

154 2953 301 3038 publicae
324 2972 483 3018 exercere
507 2955 565 3038 ipsi
589 2971 654 3018 non
678 2954 801 3038 possint
816 2953 999 3018 functiones
1015 2953 1133 3039 publici
1150 2955 1328 3039 regiminis,

154 3081 214 3146 nisi
238 3079 426 3166 praehabito
450 3081 584 3145 consilio
607 3085 664 3144 aut
689 3099 823 3145 assensu
838 3078 890 3143 vel
907 3099 1038 3144 suorum
1054 3079 1327 3144 Administrorum

152 3207 206 3271 vel
230 3205 405 3273 Oratornm
429 3206 545 3291 populi.
565 3242 581 3255 -
600 3205 762 3280 Quocirca
776 3207 863 3270 inter
886 3204 945 3269 hos
969 3205 1058 3268 viros
1078 3205 1249 3289 Principes
1272 3206 1326 3289 qui

152 3331 241 3405 inra,
272 3331 538 3398 iurisdictionem
560 3331 715 3403 retinent,
740 3349 805 3395 non
828 3328 1148 3416 comprehenduntur.
1171 3331 1222 3396 isti
1248 3330 1328 3396 Ora·

153 3465 241 3524 tores
257 3458 373 3543 populi,
389 3458 487 3543 vulgo
506 3458 663 3542 Deputati,
680 3457 854 3524 Senatores
870 3457 922 3541 qui
939 3457 1043 3542 potius
1068 3459 1154 3522 inter
1175 3456 1346 3539 fautores.

152 3589 185 3651 et
200 3583 373 3650 adiutores
388 3583 556 3648 accenseri
572 3587 713 3668 possunt.
729 3582 880 3648 Ceterum
897 3582 930 3646 hi
947 3583 1143 3648 constituunt
1159 3583 1327 3667 quemdam

154 3707 315 3773 Ordinem
327 3725 540 3792 personarum
556 3712 589 3772 et
604 3725 762 3772 censurae
777 3711 891 3773 tenent
904 3706 1066 3793 sinqnlos,
1081 3725 1145 3772 non
1158 3727 1326 3790 perseam

150 3833 307 3913 morales,
325 3832 385 3896 nisi
408 3849 563 3916 expresse
579 3831 729 3896 ferantur
753 3832 785 3896 in
809 3831 869 3896 bns
892 3849 1057 3917 personas,
1074 3836 1107 3895 et
1121 3837 1199 3896 tuno
1225 3833 1326 3918 magis

149 3979 272 4046 poenae
296 3979 389 4044 quam
414 3977 572 4026 censurae
595 3960 815 4024 aestimantur.
842 3960 890 4026 uf.
916 3978 946 4022 u.
965 3959 1008 4024 98
1025 3977 1092 4043 seq.
1112 3959 1326 4025 Nihilominus

147 4083 174 4147 si
198 4082 249 4146 isti
273 4081 381 4146 iurent
404 4080 551 4146 activam
574 4078 797 4154 obedientiam,
822 4099 865 4145 ex
889 4099 975 4165 resp.
1000 4079 1030 4146 S.
1049 4079 1326 4145 Poenitentiariae

145 4207 190 4273 10
202 4207 279 4273 Dec.
295 4207 385 4272 1860
396 4207 444 4274 od
455 4207 507 4280 10,
525 4212 557 4273 et
570 4206 611 4272 14
627 4206 790 4272 habentur
806 4208 896 4291 quasi
912 4213 1118 4290 usurpantes
1134 4212 1167 4274 et
1185 4207 1264 4274 hinc
1282 4209 1325 4274 uti

140 4333 355 4417 principales
374 4333 607 4418 delinquentes.
632 4332 741 4408 Quare
758 4353 800 4398 ex
817 4333 878 4400 hoc
897 4333 1006 4417 capite
1023 4334 1231 4400 incurrerent
1249 4353 1324 4399 cen·

146 4476 256 4524 suram
270 4459 318 4524 nti
333 4459 462 4545 singuli,
477 4477 543 4524 nou
566 4477 630 4543 qna
653 4457 744 4525 Ordo
766 4478 980 4545 personarum
1003 4460 1075 4526 iure
1098 4459 1226 4546 publico
1250 4465 1327 4526 oon·
