3202 5104
698 635 879 705 TITULUS
904 637 979 705 VII.

586 818 634 882 De
659 836 777 884 sonnis
801 835 948 884 enorme
973 836 1092 884 ntcrts.

484 961 535 1001 lluc
550 957 592 1002 rel.
608 959 642 1002 tit.
658 959 693 1014 37,
709 971 733 1012 x,
749 959 788 1002 lib.
804 971 833 1014 νς
847 960 883 1003 tit.
898 959 912 1002 9
926 959 949 1001 in
962 960 989 1013 ῦς
1003 959 1040 1002 tit.
1054 957 1067 1002 8
1081 958 1104 1002 in
1118 957 1189 1001 Clam.

252 1155 469 1212 summarium.
489 1187 522 1197 -
545 1158 602 1211 170.
622 1155 781 1210 Traduntur
803 1173 952 1226 poenarum
979 1157 1088 1226 proprie
1113 1156 1249 1210 dictarum
1275 1161 1375 1209 natura
1399 1165 1429 1210 et

338 1265 452 1334 species.
472 1293 508 1305 -
529 1264 585 1318 171.
609 1263 647 1317 Do
668 1263 845 1317 inhabilitate
866 1281 917 1318 non
939 1264 1060 1318 naturali
1087 1265 1147 1318 iure
1165 1263 1211 1317 sed
1231 1264 1344 1317 inducta
1367 1263 1429 1316 inre

265 1415 272 1429 .
341 1371 459 1440 positivo
479 1372 506 1423 in
527 1387 652 1439 poenam.
672 1399 705 1410 —
729 1371 785 1423 172.
807 1370 845 1424 De
867 1371 1021 1439 privatione
1040 1371 1131 1436 officii,
1150 1370 1278 1426 beneficii
1297 1369 1430 1424 ecclesis-

339 1478 410 1532 stici.
431 1509 464 1520 -
487 1477 545 1532 173.
567 1478 605 1532 De
630 1481 784 1532 remotione
809 1467 1021 1532 oeconomica'a
1040 1478 1175 1533 beneficio
1195 1477 1363 1548 parochiali,
1383 1479 1428 1532 vel

335 1595 475 1655 perpetua
494 1601 542 1654 per
556 1585 665 1638 modum
685 1586 898 1656 permutationis
917 1601 965 1639 seu
985 1585 1177 1638 translationis
1196 1584 1229 1637 ad
1249 1584 1324 1638 aliud
1345 1585 1429 1638 bene·

339 1692 448 1758 licium3
466 1694 511 1748 vel
530 1703 718 1764 temporanea.
740 1694 814 1748 llaec
835 1692 993 1763 appellatur
1012 1695 1096 1748 etiam
1116 1695 1241 1748 inhibitio
1260 1711 1308 1748 sen
1326 1697 1428 1748 decre·

339 1812 396 1855 turn
417 1802 605 1855 inhibitorium
625 1805 655 1854 nt
674 1801 862 1870 distinguatur
881 1817 898 1854 a
917 1817 1035 1855 censura
1053 1803 1250 1872 suspensionis.
1263 1829 1300 1841 -
1316 1801 1373 1855 171.
1390 1801 1428 1854 De

341 1907 495 1976 privatione
514 1907 653 1960 fructuum
667 1906 871 1962 beneficialinm
884 1935 921 1948 -
937 1907 994 1960 175.
1010 1907 1048 1960 De
1062 1906 1218 1976 privatione
1231 1908 1306 1960 vocis
1318 1907 1428 1961 activae

339 2019 368 2066 et
378 2015 513 2083 passivae.
526 2043 558 2055 -
573 2015 629 2067 176.
643 2014 782 2083 Depositio
795 2031 812 2066 a
826 2014 969 2078 beneficia
979 2016 1014 2068 ab
1024 2014 1114 2068 officio
1127 2019 1170 2068 est
1181 2031 1270 2084 poena
1281 2015 1427 2068 admodum

339 2121 451 2189 gravior
469 2121 594 2190 semplici
614 2121 778 2190 privatione.
798 2149 832 2162 -
855 2121 913 2176 177.
936 2119 1104 2190 Degredatio
1131 2127 1275 2190 praeterea
1294 2121 1379 2175 efficit
1398 2126 1429 2174 ut

339 2227 457 2282 clericus
475 2229 643 2283 destituatur
668 2229 822 2298 privilegiis
844 2229 1029 2284 clericalibus.
1050 2230 1121 2291 Quia
1139 2230 1272 2285 solemnis
1291 2235 1320 2283 et
1339 2230 1429 2283 tristis

339 2343 381 2390 est
400 2337 469 2389 ritus
488 2335 702 2404 degradationis,
715 2335 847 2390 distincta
859 2342 902 2391 est
915 2337 1077 2406 degradatio
1096 2337 1218 2390 embolis
1237 2342 1266 2391 et
1284 2337 1378 2390 realis.
1392 2365 1428 2377 -

342 2445 398 2499 178.
415 2445 590 2514 Degradatio‚
605 2461 658 2498 non
678 2461 757 2498 secus
770 2462 802 2498 ac
815 2444 951 2514 depositio
965 2450 1014 2498 ant
1026 2444 1145 2514 simplex
1159 2439 1287 2499 Beneficii
1308 2444 1428 2512 privatio

340 2567 393 2604 non
412 2550 570 2604 decernitur
590 2549 642 2602 nisi
662 2550 689 2601 in
709 2550 818 2602 casibus
837 2566 853 2602 a
872 2550 932 2604 iure
951 2549 1088 2602 communi
1110 2549 1231 2602 statutis.
1251 2577 1287 2589 -
1308 2548 1368 2602 179.
1389 2548 1428 2602 De

338 2660 427 2710 forma
445 2657 580 2712 servanda
599 2657 626 2709 in
646 2657 807 2728 exequenda
819 2657 1016 2725 degradatione
1037 2657 1112 2710 reali.
1128 2685 1161 2697 -
1179 2655 1235 2708 180.
1249 2655 1340 2717 Quiane
1358 2655 1429 2708 irre-

338 2765 504 2834 gularitates
524 2771 721 2820 recenseantur
746 2767 819 2819 inter
848 2781 962 2834 menas.
981 2765 1108 2835 quamvis
1131 2765 1218 2832 primo
1238 2769 1267 2818 et
1286 2763 1426 2833 principa·

338 2874 403 2927 liter
422 2875 478 2928 sint
497 2874 695 2942 impedimenta
714 2874 747 2926 ad
766 2874 877 2928 ordines
895 2872 1084 2941 suscipiendos
1103 2877 1152 2924 atrt
1171 2871 1379 2924 ministrandas.
1393 2900 1427 2911 —

340 2982 398 3036 181.
420 2981 457 3036 De
477 2971 632 3050 privatione
652 2981 812 3050 sepulturae
832 2979 1046 3034 ecclesiasticae.
1064 3007 1101 3020 -
1121 2978 1179 3032 182.
1201 2978 1240 3033 De
1259 2977 1362 3032 multis.

341 3179 414 3244 170.
443 3179 570 3244 Poenae
598 3178 743 3262 proprie
765 3178 891 3259 dictae,
916 3183 1073 3262 quatenus
1096 3197 1116 3242 a
1143 3179 1289 3242 censuris
1319 3176 1428 3242 distin-

250 3311 407 3388 guuntur.
433 3304 600 3370 ordinatae
624 3305 761 3370 suntad
787 3301 934 3369 effectum
962 3302 1249 3386 ememplarn'latis‚
1274 3303 1426 3367 nimirum

252 3434 286 3494 ut
308 3449 367 3514 per
389 3428 506 3494 bonum
530 3431 714 3514 exemplum
739 3429 951 3512 delinquentis
971 3449 1090 3514 poenas
1111 3429 1238 3499 luentia.
1256 3428 1427 3493 anferatur

251 3555 357 3620 delicti
375 3555 493 3620 malum
517 3555 707 3639 exemplum.
727 3590 744 3603 -
763 3554 975 3620 Nihilominus
991 3557 1079 3638 ipsae
1094 3554 1326 3639 prohibitiones
1342 3572 1426 3637 qnae

249 3681 492 3764 praecipiuntur
503 3699 569 3762 per
584 3699 774 3760 emturum,
791 3685 923 3762 possunt
939 3680 1034 3743 etiam
1051 3678 1184 3743 decerni
1200 3680 1233 3741 in
1252 3697 1404 3761 poenam
1412 3697 1427 3758 ;

249 3809 282 3866 et
304 3804 367 3867 hoc
390 3801 425 3867 111
448 3802 573 3886 quaudo
598 3804 641 3869 ita
664 3801 814 3867 feruntur
837 3809 872 3866 ut
896 3822 959 3866 non
984 3801 1153 3866 intendant
1168 3800 1328 3867 directius
1348 3799 1427 3865 obti-

248 3947 328 3992 nere
344 3927 558 4010 delinquentis
570 3926 834 4000 emendationem,
850 3926 906 3991 sed
921 3928 954 3990 in
970 3927 1082 4012 primis
1098 3927 1219 3990 ordinis
1234 3927 1364 3990 externi
1378 3943 1426 3988 re-

249 4055 489 4118 staurationem.
509 4089 525 4101 -
545 4054 748 4118 Privationes
764 4051 810 4137 (1)
827 4061 934 4118 autem
952 4052 1107 4118 bonorum
1125 4054 1194 4117 sive
1209 4051 1424 4136 spiritualium

248 4178 316 4241 sive
340 4177 564 4262 temporalium
593 4179 718 4240 nonnisi
742 4177 774 4240 in
799 4195 934 4260 poenam
956 4175 1058 4241 iuberi
1081 4181 1223 4261 possunt,
1248 4183 1344 4261 prout
1367 4193 1425 4238 suo

337 4437 376 4506 (Ι)
398 4437 536 4507 Siquidem
557 4453 689 4492 certent-ae
709 4438 856 4506 prohibent
877 4455 957 4492 usum
977 4439 1025 4504 rei,
1045 4439 1091 4494 sed
1112 4456 1141 4494 re
1162 4456 1214 4493 non
1231 4441 1354 4509 privant.
