3312 5108
536 321 579 367 DE
605 319 758 366 DELlCTlS
783 321 824 366 Er
849 319 967 366 Pontus
1300 299 1345 366 59

160 441 277 505 saltem
313 441 499 526 graviores,
534 459 669 524 quarum
699 459 815 524 nempe
846 439 977 504 violatio
1001 443 1049 504 est
1072 439 1201 504 alinea
1225 447 1257 505 et
1280 459 1346 504 non

159 563 299 648 simplex
324 565 565 649 transpressio
591 565 733 650 pressius
756 564 942 649 exprimunt
973 565 1074 648 ipsum
1105 562 1254 628 naturale
1277 565 1344 638 ius;

159 693 192 752 et
215 688 278 752 hoo
302 690 465 754 neminem
490 689 578 754 latet.
604 689 693 754 Tunc
719 689 804 754 enim
827 695 918 754 actus
949 688 1133 753 violationis
1156 693 1205 752 est
1234 707 1345 754 moro·

159 813 236 878 liter
259 815 421 880 ariolaret
439 833 502 898 qua
517 815 601 896 talis,
618 815 729 898 poeuis
742 814 910 900 condignis
926 813 1231 882 animadvertendus
1254 818 1302 878 est
1325 833 1345 878 a

159 940 314 1004 societate
336 941 405 1004 sive
429 939 515 1004 cirili
539 941 608 1004 sive
630 941 858 1005 ecelesiastica.
884 941 1029 1024 Namque
1061 937 1230 1003 dummodo
1261 938 1344 1004 adsit

159 1065 357 1148 propositum
382 1064 588 1148 delinquendi
611 1085 668 1130 seu
685 1065 783 1131 doliis
799 1065 851 1130 vel
868 1067 901 1130 in
923 1047 1030 1148 legem
1046 1063 1225 1129 naturalem
1243 1064 1295 1128 vel
1311 1065 1343 1128 iu

158 1190 338 1273 positivam,
363 1188 453 1256 adest
476 1193 559 1255 ratio
582 1210 715 1275 poenae.
740 1225 754 1238 -
779 1189 845 1254 Nos
869 1191 1030 1274 loquimur
1049 1225 1067 1238 -
1088 1191 1131 1254 de
1154 1189 1230 1255 dolo
1249 1225 1266 1236 -
1288 1188 1344 1253 sed

158 1313 357 1395 antiquiores
380 1315 567 1380 canonistae
592 1315 688 1378 etiam
712 1315 745 1378 in
770 1333 807 1378 re
830 1314 957 1398 poenali
990 1315 1076 1378 civili
1107 1314 1280 1397 loquuntur
1304 1311 1344 1376 de

154 1442 306 1519 percolo,
323 1443 433 1522 utpote
449 1438 489 1502 de
505 1439 665 1504 elemento
682 1439 827 1502 criminis
851 1440 1034 1504 necessario
1051 1437 1090 1502 ad
1106 1455 1242 1523 poenam
1256 1457 1343 1504 ciim-

158 1562 356 1626 mittendam.

249 1683 358 1759 Quare
381 1705 425 1754 ex
447 1687 539 1754 dictis
556 1695 653 1773 patet,
676 1693 845 1774 peceatum
868 1709 926 1754 seu
949 1690 1154 1754 violationem
1168 1689 1249 1774 legis
1272 1707 1344 1773 poe·

157 1811 250 1891 nalis,
274 1812 381 1894 quoad
405 1812 517 1910 sorum
542 1820 724 1906 paternum,
754 1814 838 1883 idem
856 1835 933 1888 ‚esse
968 1835 1006 1880 ao
1038 1814 1238 1886 dolumseu
1259 1833 1342 1898 pro·

158 1909 296 2020 positum
328 1937 543 2024 delinquendi.
574 1942 624 2004 lta
654 1940 882 2026 intelligendus
913 1947 962 2006 est
994 1941 1123 2006 Suarez.
1149 1941 1169 2004 l.
1196 1961 1221 2006 o.
1246 1959 1281 2003 n.
1307 1939 1341 2011 2,

158 2045 358 2128 constituens
385 2064 471 2130 hano
502 2066 647 2150 regulam
673 2065 828 2132 «Ouinio
858 2067 1055 2152 ipnoranlia
1083 2084 1172 2150 puae
1202 2069 1342 2130 excusat

156 2186 289 2268 factum
312 2208 356 2254 ne
380 2195 559 2272 peceatum
589 2191 640 2264 sit,
672 2197 812 2256 emmeant
843 2192 944 2256 etiam
973 2190 1122 2258 deditum
1148 2209 1282 2273 poenae
1306 2189 1343 2254 in

156 2312 303 2392 utroque
324 2309 402 2392 soro
421 2331 451 2373 a.
478 2309 541 2376 Sub
565 2332 598 2375 η.
623 2312 646 2374 4
668 2329 717 2396 sq.
747 2314 877 2396 ponitur
906 2313 1019 2397 regula
1045 2311 1225 2382 <Quando
1249 2311 1342 2396 ipno·

158 2429 275 2494 ronlia
298 2450 369 2496 raon
391 2438 532 2497 excusat
555 2451 577 2497 o
601 2434 703 2515 eulpa
725 2433 834 2518 praui,
848 2439 994 2516 propter
1011 2453 1115 2518 quam
1129 2451 1243 2516 poena
1259 2432 1342 2519 lepis

158 2556 229 2620 lata
252 2560 310 2636 est,
333 2575 404 2622 non
420 2563 561 2622 excusat
575 2557 773 2640 simpliciter
788 2577 810 2622 a
822 2576 946 2640 poeno,
964 2559 1031 2624 nisi
1047 2557 1084 2623 in
1101 2561 1174 2640 lepe
1190 2557 1342 2622 addatur

155 2681 298 2748 verbmn
321 2683 414 2766 quod
436 2681 611 2748 scientiam
634 2687 693 2746 aot
717 2681 824 2746 dolum
847 2683 1010 2766 requirat.
1036 2705 1054 2744 a
1079 2684 1116 2746 ln
1139 2682 1202 2746 hac
1226 2684 1340 2766 regula

156 2807 256 2874 dolus
279 2809 451 2892 opponitur
469 2815 619 2892 peccato,
645 2813 677 2874 et
699 2809 753 2874 hie
777 2809 875 2875 dolus
900 2812 1073 2876 assumitur
1095 2829 1154 2895 pro
1178 2826 1341 2890 empresso

156 2935 323 2998 voluntate
346 2934 488 2999 violandi
515 2937 621 3022 legem
653 2937 743 3020 quasi
774 2937 859 3002 hano
887 2936 1136 3010 contemnendo;
1161 2937 1341 3017 peecatum

158 3080 216 3144 pro
240 3060 377 3145 simplici
400 3063 565 3146 proposito
597 3063 712 3148 agendi
743 3063 861 3147 aliquid
893 3064 1049 3128 illicitum.
1079 3061 1153 3147 lpse
1177 3062 1261 3124 enim
1286 3059 1340 3124 lex

156 3186 295 3268 positiva
324 3184 497 3267 aliquando
529 3205 666 3270 poenam
697 3205 762 3250 non
793 3186 930 3270 imponit
961 3186 1021 3250 nisi
1054 3185 1187 3270 gravior
1218 3183 1340 3248 malitia

156 3307 240 3372 adsit
265 3309 297 3372 in
329 3306 552 3391 delinquente;
585 3309 659 3392 quia
689 3309 856 3393 aliquoties
887 3307 978 3372 adest
1008 3310 1204 3394 propositum
1237 3307 1339 3372 delin-

157 3430 273 3514 quendi
298 3451 355 3496 seu
380 3436 548 3515 peccatum
579 3431 740 3504 mortale,
765 3431 821 3496 sed
849 3451 914 3496 non
948 3433 1110 3516 reperitur
1134 3433 1165 3494 in
1190 3431 1277 3496 facto
1302 3449 1340 3495 ea

155 3552 238 3637 legis
262 3552 393 3616 violatio
417 3573 498 3636 quae
522 3551 672 3618 deturbat
695 3555 841 3638 graviter
863 3553 1008 3620 ordinem
1042 3560 1213 3619 externum
1237 3555 1340 3618 socie-

155 3674 231 3740 tatis
255 3678 288 3737 et
310 3674 387 3738 hinc
415 3693 551 3759 poenam
576 3683 741 3739 mereatur
765 3676 798 3738 in
822 3675 894 3738 foro
910 3681 1056 3740 externo.
1074 3711 1090 3723 -
1108 3676 1171 3740 Nos
1188 3676 1274 3740 hanc
1291 3695 1339 3739 re·

155 3798 263 3881 gulam
292 3799 337 3861 ita
361 3800 589 3882 exprimimus:
616 3799 768 3864 Eoemmol
791 3799 976 3885 pnoraatio
999 3801 1094 3864 iuris·
1109 3800 1169 3865 elsi
1186 3800 1340 3886 praviter·

155 3921 337 4004 culpabilis
361 3941 467 4008 quum
486 3941 601 4004 poena
625 3923 696 3988 lala
719 3928 767 3988 est
790 3923 827 3987 io
851 3924 959 4007 lepem
982 3943 1181 3998 vmuaurns,
1199 3943 1338 3990 renuas

154 4053 211 4109 aut
230 4063 397 4112 smnursrr
411 4051 468 4110 aut
483 4065 568 4112 ausu
587 4065 784 4112 ratrammo
808 4053 864 4111 aut
888 4065 923 4112 m
947 4029 1097 4114 viduans
1121 4067 1338 4115 Pnaesuunn·

154 4187 226 4242 rus,
251 4189 438 4236 aunenrns.

246 4293 341 4359 Ratio
365 4295 514 4380 principii
537 4295 571 4359 in
595 4301 708 4379 aperto
731 4301 797 4368 est;
821 4295 922 4361 verba
945 4298 1030 4362 enim
1046 4297 1127 4382 legis
1148 4297 1252 4363 otiosa
1272 4315 1337 4360 non

154 4415 308 4480 suntsed
332 4415 452 4500 aliquid
476 4417 604 4502 operari
628 4415 755 4481 debent.
780 4416 923 4481 Proinde
947 4418 1002 4483 lex
1025 4419 1135 4485 taliter
1158 4418 1338 4505 significata
