<?xml version="1.0" encoding="UTF-8"?>
<!DOCTYPE html PUBLIC "-//W3C//DTD XHTML 1.0 Transitional//EN"
    "http://www.w3.org/TR/xhtml1/DTD/xhtml1-transitional.dtd">
<html xmlns="http://www.w3.org/1999/xhtml" xml:lang="en" lang="en">
 <head>
  <title>
</title>
<meta http-equiv="Content-Type" content="text/html;charset=utf-8" />
  <meta name='ocr-system' content='tesseract 3.04.00' />
  <meta name='ocr-capabilities' content='ocr_page ocr_carea ocr_par ocr_line ocrx_word'/>
</head>
<body>
  <div class='ocr_page' id='page_1' title='image "./praelectionesin02legagoog_0030.png"; bbox 0 0 3312 5108; ppageno 0'>
   <div class='ocr_carea' id='block_1_1' title="bbox 556 289 1362 358">
    <p class='ocr_par' dir='ltr' id='par_1_1' title="bbox 556 289 1362 358">
     <span class='ocr_line' id='line_1_1' title="bbox 556 289 1362 358; baseline -0.002 0"><span class='ocrx_word' id='word_1_1' title='bbox 556 311 600 358; x_wconf 81' lang='lat' dir='ltr'>ue</span> <span class='ocrx_word' id='word_1_2' title='bbox 625 309 779 357; x_wconf 76' lang='lat' dir='ltr'>punieris</span> <span class='ocrx_word' id='word_1_3' title='bbox 803 307 845 354; x_wconf 80' lang='lat' dir='ltr'>er</span> <span class='ocrx_word' id='word_1_4' title='bbox 869 308 988 356; x_wconf 83' lang='lat' dir='ltr'>rouurs</span> <span class='ocrx_word' id='word_1_5' title='bbox 1233 301 1236 313; x_wconf 87' lang='lat'>&#39;</span> <span class='ocrx_word' id='word_1_6' title='bbox 1317 289 1362 356; x_wconf 81' lang='lat'>25</span> 
     </span>
    </p>
   </div>
   <div class='ocr_carea' id='block_1_2' title="bbox 179 428 1362 1015">
    <p class='ocr_par' dir='ltr' id='par_1_2' title="bbox 179 428 1362 891">
     <span class='ocr_line' id='line_1_2' title="bbox 181 428 1362 520; baseline -0.005 -23"><span class='ocrx_word' id='word_1_7' title='bbox 181 431 343 512; x_wconf 86' lang='lat' dir='ltr'>accidens,</span> <span class='ocrx_word' id='word_1_8' title='bbox 367 430 475 503; x_wconf 83' lang='lat' dir='ltr'>lateat,</span> <span class='ocrx_word' id='word_1_9' title='bbox 500 431 646 516; x_wconf 85' lang='lat' dir='ltr'>quumvis</span> <span class='ocrx_word' id='word_1_10' title='bbox 673 431 717 494; x_wconf 80' lang='lat' dir='ltr'>ita</span> <span class='ocrx_word' id='word_1_11' title='bbox 740 430 781 496; x_wconf 87' lang='lat' dir='ltr'>sit</span> <span class='ocrx_word' id='word_1_12' title='bbox 804 447 960 515; x_wconf 84' lang='lat' dir='ltr'>expressa</span> <span class='ocrx_word' id='word_1_13' title='bbox 983 432 1019 493; x_wconf 90' lang='lat' dir='ltr'>ut</span> <span class='ocrx_word' id='word_1_14' title='bbox 1041 447 1080 492; x_wconf 83' lang='lat' dir='ltr'>ea</span> <span class='ocrx_word' id='word_1_15' title='bbox 1103 428 1226 520; x_wconf 83' lang='lat' dir='ltr'>percipi</span> <span class='ocrx_word' id='word_1_16' title='bbox 1251 433 1282 491; x_wconf 89' lang='lat' dir='ltr'>ot</span> <span class='ocrx_word' id='word_1_17' title='bbox 1306 446 1362 492; x_wconf 91' lang='lat' dir='ltr'>co·</span> 
     </span>
     <span class='ocr_line' id='line_1_3' title="bbox 181 553 1360 641; baseline -0.002 -22"><span class='ocrx_word' id='word_1_18' title='bbox 181 555 480 641; x_wconf 71' lang='lat' dir='ltr'>gnosci‘potuisset.</span> <span class='ocrx_word' id='word_1_19' title='bbox 506 556 555 618; x_wconf 81' lang='lat' dir='ltr'>lta</span> <span class='ocrx_word' id='word_1_20' title='bbox 577 555 723 620; x_wconf 85' lang='lat' dir='ltr'>haeresis</span> <span class='ocrx_word' id='word_1_21' title='bbox 746 553 884 640; x_wconf 81' lang='lat' dir='ltr'>prolatio</span> <span class='ocrx_word' id='word_1_22' title='bbox 906 553 1051 638; x_wconf 82' lang='lat' dir='ltr'>quemvis</span> <span class='ocrx_word' id='word_1_23' title='bbox 1073 554 1203 618; x_wconf 91' lang='lat' dir='ltr'>omuino</span> <span class='ocrx_word' id='word_1_24' title='bbox 1220 554 1360 628; x_wconf 86' lang='lat' dir='ltr'>occulta,</span> 
     </span>
     <span class='ocr_line' id='line_1_4' title="bbox 181 675 1362 768; baseline -0.004 -21"><span class='ocrx_word' id='word_1_25' title='bbox 181 683 293 768; x_wconf 90' lang='lat' dir='ltr'>poenis</span> <span class='ocrx_word' id='word_1_26' title='bbox 312 681 510 767; x_wconf 79' lang='lat' dir='ltr'>percellitur.</span> <span class='ocrx_word' id='word_1_27' title='bbox 536 715 554 730; x_wconf 86' lang='lat'><em>-</em></span> <span class='ocrx_word' id='word_1_28' title='bbox 579 679 670 754; x_wconf 82' lang='lat' dir='ltr'>Quae</span> <span class='ocrx_word' id='word_1_29' title='bbox 685 680 816 746; x_wconf 83' lang='lat' dir='ltr'>violatio</span> <span class='ocrx_word' id='word_1_30' title='bbox 840 684 979 745; x_wconf 84' lang='lat' dir='ltr'>externa</span> <span class='ocrx_word' id='word_1_31' title='bbox 994 682 1050 745; x_wconf 84' lang='lat' dir='ltr'>aut</span> <span class='ocrx_word' id='word_1_32' title='bbox 1065 698 1165 764; x_wconf 90' lang='lat' dir='ltr'>opere</span> <span class='ocrx_word' id='word_1_33' title='bbox 1180 681 1237 742; x_wconf 85' lang='lat' dir='ltr'>aut</span> <span class='ocrx_word' id='word_1_34' title='bbox 1250 675 1362 743; x_wconf 81' lang='lat' dir='ltr'>uerbis</span> 
     </span>
     <span class='ocr_line' id='line_1_5' title="bbox 179 801 974 891; baseline -0.005 -20"><span class='ocrx_word' id='word_1_35' title='bbox 179 805 322 888; x_wconf 74' lang='lat' dir='ltr'><em>positive</em></span> <span class='ocrx_word' id='word_1_36' title='bbox 344 801 512 890; x_wconf 88' lang='lat' dir='ltr'>perficitur</span> <span class='ocrx_word' id='word_1_37' title='bbox 534 813 590 869; x_wconf 87' lang='lat' dir='ltr'>aut</span> <span class='ocrx_word' id='word_1_38' title='bbox 611 805 769 891; x_wconf 77' lang='lat' dir='ltr'>aepatioe</span> <span class='ocrx_word' id='word_1_39' title='bbox 792 805 974 868; x_wconf 86' lang='lat' dir='ltr'>omissione.</span> 
     </span>
    </p>

    <p class='ocr_par' dir='ltr' id='par_1_3' title="bbox 271 924 1362 1015">
     <span class='ocr_line' id='line_1_6' title="bbox 271 924 1362 1015; baseline -0.004 -21"><span class='ocrx_word' id='word_1_40' title='bbox 271 931 451 996; x_wconf 85' lang='lat' dir='ltr'>Praeterea</span> <span class='ocrx_word' id='word_1_41' title='bbox 481 929 522 994; x_wconf 86' lang='lat' dir='ltr'>ad</span> <span class='ocrx_word' id='word_1_42' title='bbox 550 930 703 996; x_wconf 91' lang='lat' dir='ltr'>delictum</span> <span class='ocrx_word' id='word_1_43' title='bbox 734 928 941 1015; x_wconf 89' lang='lat' dir='ltr'>pervenitur,</span> <span class='ocrx_word' id='word_1_44' title='bbox 965 929 1057 1011; x_wconf 85' lang='lat' dir='ltr'>quasi</span> <span class='ocrx_word' id='word_1_45' title='bbox 1089 925 1131 991; x_wconf 83' lang='lat' dir='ltr'>ad</span> <span class='ocrx_word' id='word_1_46' title='bbox 1161 924 1268 999; x_wconf 89' lang='lat' dir='ltr'>finem,</span> <span class='ocrx_word' id='word_1_47' title='bbox 1302 945 1362 1011; x_wconf 90' lang='lat' dir='ltr'>per</span> 
     </span>
    </p>
   </div>
   <div class='ocr_carea' id='block_1_3' title="bbox 181 1051 1363 1263">
    <p class='ocr_par' dir='ltr' id='par_1_4' title="bbox 181 1051 1363 1263">
     <span class='ocr_line' id='line_1_7' title="bbox 181 1051 1363 1138; baseline -0.005 -18"><span class='ocrx_word' id='word_1_48' title='bbox 181 1061 273 1120; x_wconf 82' lang='lat' dir='ltr'>actus</span> <span class='ocrx_word' id='word_1_49' title='bbox 281 1055 566 1138; x_wconf 75' lang='lat' dir='ltr'><strong><em>praeparatorios</em></strong></span> <span class='ocrx_word' id='word_1_50' title='bbox 582 1059 614 1122; x_wconf 87' lang='lat' dir='ltr'>et</span> <span class='ocrx_word' id='word_1_51' title='bbox 628 1054 834 1138; x_wconf 75' lang='lat' dir='ltr'>operativae,</span> <span class='ocrx_word' id='word_1_52' title='bbox 848 1073 962 1138; x_wconf 81' lang='lat' dir='ltr'>nempe</span> <span class='ocrx_word' id='word_1_53' title='bbox 979 1073 1039 1138; x_wconf 88' lang='lat' dir='ltr'>per</span> <span class='ocrx_word' id='word_1_54' title='bbox 1051 1052 1157 1118; x_wconf 85' lang='lat' dir='ltr'>media</span> <span class='ocrx_word' id='word_1_55' title='bbox 1169 1051 1293 1124; x_wconf 86' lang='lat' dir='ltr'>idonea,</span> <span class='ocrx_word' id='word_1_56' title='bbox 1311 1055 1363 1115; x_wconf 83' lang='lat' dir='ltr'>ast</span> 
     </span>
     <span class='ocr_line' id='line_1_8' title="bbox 181 1175 1363 1263; baseline -0.005 -21"><span class='ocrx_word' id='word_1_57' title='bbox 181 1177 334 1242; x_wconf 90' lang='lat' dir='ltr'>delictum</span> <span class='ocrx_word' id='word_1_58' title='bbox 358 1198 422 1242; x_wconf 92' lang='lat' dir='ltr'>uon</span> <span class='ocrx_word' id='word_1_59' title='bbox 446 1183 599 1243; x_wconf 85' lang='lat' dir='ltr'>censetur</span> <span class='ocrx_word' id='word_1_60' title='bbox 614 1183 836 1263; x_wconf 84' lang='lat' dir='ltr'>perpetratum</span> <span class='ocrx_word' id='word_1_61' title='bbox 857 1196 1021 1260; x_wconf 84' lang='lat' dir='ltr'>quousque</span> <span class='ocrx_word' id='word_1_62' title='bbox 1044 1195 1109 1240; x_wconf 92' lang='lat' dir='ltr'>nou</span> <span class='ocrx_word' id='word_1_63' title='bbox 1133 1175 1234 1240; x_wconf 88' lang='lat' dir='ltr'>luerit</span> <span class='ocrx_word' id='word_1_64' title='bbox 1256 1175 1289 1238; x_wconf 93' lang='lat' dir='ltr'>in</span> <span class='ocrx_word' id='word_1_65' title='bbox 1305 1193 1363 1239; x_wconf 88' lang='lat' dir='ltr'>suo</span> 
     </span>
    </p>
   </div>
   <div class='ocr_carea' id='block_1_4' title="bbox 182 1295 1363 1390">
    <p class='ocr_par' dir='ltr' id='par_1_5' title="bbox 182 1295 1363 1390">
     <span class='ocr_line' id='line_1_9' title="bbox 182 1295 1363 1390; baseline -0.008 -19"><span class='ocrx_word' id='word_1_66' title='bbox 182 1325 255 1372; x_wconf 85' lang='lat' dir='ltr'>esse</span> <span class='ocrx_word' id='word_1_67' title='bbox 270 1303 461 1390; x_wconf 82' lang='lat' dir='ltr'>perlectum,</span> <span class='ocrx_word' id='word_1_68' title='bbox 482 1322 539 1368; x_wconf 90' lang='lat' dir='ltr'>seu</span> <span class='ocrx_word' id='word_1_69' title='bbox 555 1307 829 1369; x_wconf 68' lang='lat' dir='ltr'>caticuminorum</span> <span class='ocrx_word' id='word_1_70' title='bbox 847 1302 936 1366; x_wconf 80' lang='lat' dir='ltr'>iuxta</span> <span class='ocrx_word' id='word_1_71' title='bbox 953 1299 1201 1385; x_wconf 80' lang='lat' dir='ltr'>prohibitionem</span> <span class='ocrx_word' id='word_1_72' title='bbox 1219 1295 1265 1384; x_wconf 79' lang='lat' dir='ltr'>(l)</span> <span class='ocrx_word' id='word_1_73' title='bbox 1281 1297 1363 1383; x_wconf 84' lang='lat' dir='ltr'>legis</span> 
     </span>
    </p>
   </div>
   <div class='ocr_carea' id='block_1_5' title="bbox 86 1427 1363 1517">
    <p class='ocr_par' dir='ltr' id='par_1_6' title="bbox 86 1427 1363 1517">
     <span class='ocr_line' id='line_1_10' title="bbox 86 1427 1363 1517; baseline -0.008 -18"><span class='ocrx_word' id='word_1_74' title='bbox 86 1438 92 1452; x_wconf 88' lang='lat'>&#39;</span> <span class='ocrx_word' id='word_1_75' title='bbox 183 1453 279 1517; x_wconf 85' lang='lat' dir='ltr'>quam</span> <span class='ocrx_word' id='word_1_76' title='bbox 305 1430 413 1496; x_wconf 85' lang='lat' dir='ltr'>laedit.</span> <span class='ocrx_word' id='word_1_77' title='bbox 437 1465 452 1478; x_wconf 93' lang='lat'>-</span> <span class='ocrx_word' id='word_1_78' title='bbox 476 1429 577 1494; x_wconf 81' lang='lat' dir='ltr'>Actus</span> <span class='ocrx_word' id='word_1_79' title='bbox 600 1429 768 1495; x_wconf 76' lang='lat' dir='ltr'>emecatiai</span> <span class='ocrx_word' id='word_1_80' title='bbox 793 1429 825 1492; x_wconf 92' lang='lat' dir='ltr'>in</span> <span class='ocrx_word' id='word_1_81' title='bbox 842 1448 880 1492; x_wconf 92' lang='lat' dir='ltr'>re</span> <span class='ocrx_word' id='word_1_82' title='bbox 897 1427 1057 1492; x_wconf 86' lang='lat' dir='ltr'>criminali</span> <span class='ocrx_word' id='word_1_83' title='bbox 1082 1431 1242 1491; x_wconf 88' lang='lat' dir='ltr'>vocantur</span> <span class='ocrx_word' id='word_1_84' title='bbox 1265 1442 1363 1492; x_wconf 81' lang='lat' dir='ltr'>corta·</span> 
     </span>
    </p>
   </div>
   <div class='ocr_carea' id='block_1_6' title="bbox 182 1545 1364 1879">
    <p class='ocr_par' dir='ltr' id='par_1_7' title="bbox 182 1545 1364 1879">
     <span class='ocr_line' id='line_1_11' title="bbox 184 1545 1355 1637; baseline -0.009 -16"><span class='ocrx_word' id='word_1_85' title='bbox 184 1561 257 1637; x_wconf 79' lang='lat' dir='ltr'>tas;</span> <span class='ocrx_word' id='word_1_86' title='bbox 282 1559 315 1618; x_wconf 88' lang='lat' dir='ltr'>et</span> <span class='ocrx_word' id='word_1_87' title='bbox 337 1556 412 1618; x_wconf 85' lang='lat' dir='ltr'>sunt</span> <span class='ocrx_word' id='word_1_88' title='bbox 438 1551 594 1634; x_wconf 81' lang='lat' dir='ltr'>proaimi</span> <span class='ocrx_word' id='word_1_89' title='bbox 617 1552 670 1616; x_wconf 85' lang='lat' dir='ltr'>vel</span> <span class='ocrx_word' id='word_1_90' title='bbox 691 1549 814 1618; x_wconf 86' lang='lat' dir='ltr'>remoti</span> <span class='ocrx_word' id='word_1_91' title='bbox 840 1569 899 1635; x_wconf 87' lang='lat' dir='ltr'>pro</span> <span class='ocrx_word' id='word_1_92' title='bbox 924 1549 1091 1619; x_wconf 84' lang='lat' dir='ltr'>relatione,</span> <span class='ocrx_word' id='word_1_93' title='bbox 1116 1567 1210 1632; x_wconf 87' lang='lat' dir='ltr'>quem</span> <span class='ocrx_word' id='word_1_94' title='bbox 1234 1545 1355 1612; x_wconf 86' lang='lat' dir='ltr'>habent</span> 
     </span>
     <span class='ocr_line' id='line_1_12' title="bbox 182 1673 1171 1758; baseline -0.006 -16"><span class='ocrx_word' id='word_1_95' title='bbox 182 1682 350 1744; x_wconf 81' lang='lat' dir='ltr'>remotam</span> <span class='ocrx_word' id='word_1_96' title='bbox 365 1675 418 1740; x_wconf 86' lang='lat' dir='ltr'>vel</span> <span class='ocrx_word' id='word_1_97' title='bbox 437 1675 641 1758; x_wconf 72' lang='lat' dir='ltr'>proatmam</span> <span class='ocrx_word' id='word_1_98' title='bbox 656 1673 696 1739; x_wconf 88' lang='lat' dir='ltr'>ad</span> <span class='ocrx_word' id='word_1_99' title='bbox 719 1674 829 1739; x_wconf 85' lang='lat' dir='ltr'>delicti</span> <span class='ocrx_word' id='word_1_100' title='bbox 855 1674 1171 1738; x_wconf 85' lang='lat' dir='ltr'>consummationem.</span> 
     </span>
     <span class='ocr_line' id='line_1_13' title="bbox 273 1795 1364 1879; baseline -0.005 -15"><span class='ocrx_word' id='word_1_101' title='bbox 273 1803 373 1864; x_wconf 84' lang='lat' dir='ltr'>Actus</span> <span class='ocrx_word' id='word_1_102' title='bbox 396 1815 476 1862; x_wconf 84' lang='lat' dir='ltr'>vero</span> <span class='ocrx_word' id='word_1_103' title='bbox 495 1796 763 1879; x_wconf 79' lang='lat' dir='ltr'>praeparatorii,</span> <span class='ocrx_word' id='word_1_104' title='bbox 788 1797 863 1879; x_wconf 85' lang='lat' dir='ltr'>quia</span> <span class='ocrx_word' id='word_1_105' title='bbox 888 1795 981 1859; x_wconf 85' lang='lat' dir='ltr'>nimis</span> <span class='ocrx_word' id='word_1_106' title='bbox 1006 1795 1120 1859; x_wconf 90' lang='lat' dir='ltr'>remoti</span> <span class='ocrx_word' id='word_1_107' title='bbox 1145 1798 1321 1859; x_wconf 87' lang='lat' dir='ltr'>censentur</span> <span class='ocrx_word' id='word_1_108' title='bbox 1344 1815 1364 1859; x_wconf 85' lang='lat' dir='ltr'><strong><em>a</em></strong></span> 
     </span>
    </p>
   </div>
   <div class='ocr_carea' id='block_1_7' title="bbox 183 1915 1468 2004">
    <p class='ocr_par' dir='ltr' id='par_1_8' title="bbox 183 1915 1468 2004">
     <span class='ocr_line' id='line_1_14' title="bbox 183 1915 1468 2004; baseline -0.009 -14"><span class='ocrx_word' id='word_1_109' title='bbox 183 1923 292 1990; x_wconf 87' lang='lat' dir='ltr'>delicti</span> <span class='ocrx_word' id='word_1_110' title='bbox 315 1922 507 1988; x_wconf 83' lang='lat' dir='ltr'>executione</span> <span class='ocrx_word' id='word_1_111' title='bbox 530 1925 563 1985; x_wconf 90' lang='lat' dir='ltr'>et</span> <span class='ocrx_word' id='word_1_112' title='bbox 585 1921 671 1991; x_wconf 90' lang='lat' dir='ltr'>hinc,</span> <span class='ocrx_word' id='word_1_113' title='bbox 689 1939 748 2004; x_wconf 90' lang='lat' dir='ltr'>per</span> <span class='ocrx_word' id='word_1_114' title='bbox 764 1939 809 1993; x_wconf 86' lang='lat' dir='ltr'>se,</span> <span class='ocrx_word' id='word_1_115' title='bbox 835 1915 1065 1991; x_wconf 82' lang='lat' dir='ltr'>indifferentes,</span> <span class='ocrx_word' id='word_1_116' title='bbox 1086 1919 1203 2002; x_wconf 88' lang='lat' dir='ltr'>quippe</span> <span class='ocrx_word' id='word_1_117' title='bbox 1219 1916 1363 1980; x_wconf 85' lang='lat' dir='ltr'>ordinari</span> <span class='ocrx_word' id='word_1_118' title='bbox 1465 1920 1468 1926; x_wconf 81' lang='grc'>’</span> 
     </span>
    </p>
   </div>
   <div class='ocr_carea' id='block_1_8' title="bbox 184 2040 1367 3748">
    <p class='ocr_par' dir='ltr' id='par_1_9' title="bbox 184 2040 1366 3108">
     <span class='ocr_line' id='line_1_15' title="bbox 184 2040 1363 2130; baseline -0.005 -20"><span class='ocrx_word' id='word_1_119' title='bbox 184 2047 360 2130; x_wconf 86' lang='lat' dir='ltr'>potuissent</span> <span class='ocrx_word' id='word_1_120' title='bbox 383 2045 416 2108; x_wconf 92' lang='lat' dir='ltr'>in</span> <span class='ocrx_word' id='word_1_121' title='bbox 438 2043 558 2109; x_wconf 85' lang='lat' dir='ltr'>bonum</span> <span class='ocrx_word' id='word_1_122' title='bbox 581 2045 637 2110; x_wconf 86' lang='lat' dir='ltr'>vel</span> <span class='ocrx_word' id='word_1_123' title='bbox 650 2045 683 2108; x_wconf 92' lang='lat' dir='ltr'>in</span> <span class='ocrx_word' id='word_1_124' title='bbox 700 2043 818 2107; x_wconf 86' lang='lat' dir='ltr'>malum</span> <span class='ocrx_word' id='word_1_125' title='bbox 835 2041 941 2116; x_wconf 88' lang='lat' dir='ltr'>flnem,</span> <span class='ocrx_word' id='word_1_126' title='bbox 959 2049 1100 2107; x_wconf 81' lang='lat' dir='ltr'>carratas</span> <span class='ocrx_word' id='word_1_127' title='bbox 1116 2061 1181 2105; x_wconf 91' lang='lat' dir='ltr'>non</span> <span class='ocrx_word' id='word_1_128' title='bbox 1196 2044 1280 2116; x_wconf 87' lang='lat' dir='ltr'>sunt,</span> <span class='ocrx_word' id='word_1_129' title='bbox 1296 2040 1363 2105; x_wconf 90' lang='lat' dir='ltr'>nul·</span> 
     </span>
     <span class='ocr_line' id='line_1_16' title="bbox 188 2166 1365 2254; baseline -0.003 -20"><span class='ocrx_word' id='word_1_130' title='bbox 188 2171 316 2254; x_wconf 83' lang='lat' dir='ltr'>lamque</span> <span class='ocrx_word' id='word_1_131' title='bbox 340 2169 476 2235; x_wconf 91' lang='lat' dir='ltr'>iuduunt</span> <span class='ocrx_word' id='word_1_132' title='bbox 496 2170 639 2234; x_wconf 90' lang='lat' dir='ltr'>criminis</span> <span class='ocrx_word' id='word_1_133' title='bbox 651 2170 802 2253; x_wconf 84' lang='lat' dir='ltr'>speciem,</span> <span class='ocrx_word' id='word_1_134' title='bbox 824 2167 994 2233; x_wconf 89' lang='lat' dir='ltr'>dummodo</span> <span class='ocrx_word' id='word_1_135' title='bbox 1017 2188 1082 2231; x_wconf 91' lang='lat' dir='ltr'>non</span> <span class='ocrx_word' id='word_1_136' title='bbox 1099 2167 1164 2232; x_wconf 91' lang='lat' dir='ltr'>sint</span> <span class='ocrx_word' id='word_1_137' title='bbox 1181 2166 1299 2232; x_wconf 84' lang='lat' dir='ltr'>delicta</span> <span class='ocrx_word' id='word_1_138' title='bbox 1310 2167 1365 2232; x_wconf 75' lang='lat' dir='ltr'>sai</span> 
     </span>
     <span class='ocr_line' id='line_1_17' title="bbox 190 2289 1365 2379; baseline -0.005 -20"><span class='ocrx_word' id='word_1_139' title='bbox 190 2293 335 2379; x_wconf 71' lang='lat' dir='ltr'>qaaerit.</span> <span class='ocrx_word' id='word_1_140' title='bbox 359 2291 471 2358; x_wconf 87' lang='lat' dir='ltr'>Veluti</span> <span class='ocrx_word' id='word_1_141' title='bbox 494 2293 521 2357; x_wconf 84' lang='lat' dir='ltr'>si</span> <span class='ocrx_word' id='word_1_142' title='bbox 544 2295 615 2375; x_wconf 86' lang='lat' dir='ltr'>quis</span> <span class='ocrx_word' id='word_1_143' title='bbox 642 2292 809 2356; x_wconf 86' lang='lat' dir='ltr'>mendacia</span> <span class='ocrx_word' id='word_1_144' title='bbox 838 2291 985 2377; x_wconf 84' lang='lat' dir='ltr'>proferat</span> <span class='ocrx_word' id='word_1_145' title='bbox 1008 2295 1044 2356; x_wconf 91' lang='lat' dir='ltr'>ut</span> <span class='ocrx_word' id='word_1_146' title='bbox 1066 2309 1086 2354; x_wconf 85' lang='lat' dir='ltr'><strong><em>a</em></strong></span> <span class='ocrx_word' id='word_1_147' title='bbox 1112 2290 1209 2375; x_wconf 87' lang='lat' dir='ltr'>longe</span> <span class='ocrx_word' id='word_1_148' title='bbox 1233 2289 1365 2374; x_wconf 84' lang='lat' dir='ltr'>incipiat</span> 
     </span>
     <span class='ocr_line' id='line_1_18' title="bbox 188 2414 1366 2502; baseline -0.003 -22"><span class='ocrx_word' id='word_1_149' title='bbox 188 2417 318 2482; x_wconf 82' lang='lat' dir='ltr'>insidias</span> <span class='ocrx_word' id='word_1_150' title='bbox 340 2422 477 2488; x_wconf 87' lang='lat' dir='ltr'>struere,</span> <span class='ocrx_word' id='word_1_151' title='bbox 499 2416 612 2502; x_wconf 87' lang='lat' dir='ltr'>quibus</span> <span class='ocrx_word' id='word_1_152' title='bbox 634 2417 799 2482; x_wconf 89' lang='lat' dir='ltr'>inimicum</span> <span class='ocrx_word' id='word_1_153' title='bbox 823 2417 995 2501; x_wconf 83' lang='lat' dir='ltr'>pertrahat</span> <span class='ocrx_word' id='word_1_154' title='bbox 1017 2415 1058 2480; x_wconf 86' lang='lat' dir='ltr'>ad</span> <span class='ocrx_word' id='word_1_155' title='bbox 1083 2420 1265 2480; x_wconf 87' lang='lat' dir='ltr'>extremum</span> <span class='ocrx_word' id='word_1_156' title='bbox 1280 2414 1366 2477; x_wconf 60' lang='lat' dir='ltr'>exciss</span> 
     </span>
     <span class='ocr_line' id='line_1_19' title="bbox 186 2538 1364 2626; baseline -0.004 -19"><span class='ocrx_word' id='word_1_157' title='bbox 186 2543 287 2619; x_wconf 90' lang='lat' dir='ltr'>dium;</span> <span class='ocrx_word' id='word_1_158' title='bbox 313 2543 569 2626; x_wconf 61' lang='lat' dir='ltr'>mendaciaque</span> <span class='ocrx_word' id='word_1_159' title='bbox 594 2548 745 2615; x_wconf 79' lang='lat' dir='ltr'>carratas,</span> <span class='ocrx_word' id='word_1_160' title='bbox 771 2561 835 2606; x_wconf 90' lang='lat' dir='ltr'>non</span> <span class='ocrx_word' id='word_1_161' title='bbox 859 2547 934 2606; x_wconf 89' lang='lat' dir='ltr'>suut</span> <span class='ocrx_word' id='word_1_162' title='bbox 957 2540 1108 2605; x_wconf 90' lang='lat' dir='ltr'>delictum</span> <span class='ocrx_word' id='word_1_163' title='bbox 1132 2539 1187 2604; x_wconf 89' lang='lat' dir='ltr'>sed</span> <span class='ocrx_word' id='word_1_164' title='bbox 1212 2538 1364 2604; x_wconf 89' lang='lat' dir='ltr'>delictum</span> 
     </span>
     <span class='ocr_line' id='line_1_20' title="bbox 185 2663 1365 2754; baseline -0.004 -21"><span class='ocrx_word' id='word_1_165' title='bbox 185 2670 384 2733; x_wconf 87' lang='lat' dir='ltr'>constituunt</span> <span class='ocrx_word' id='word_1_166' title='bbox 405 2667 459 2733; x_wconf 80' lang='lat' dir='ltr'>sai</span> <span class='ocrx_word' id='word_1_167' title='bbox 481 2666 637 2754; x_wconf 55' lang='lat' dir='ltr'>perierim</span> <span class='ocrx_word' id='word_1_168' title='bbox 662 2671 695 2730; x_wconf 89' lang='lat' dir='ltr'>et</span> <span class='ocrx_word' id='word_1_169' title='bbox 718 2667 847 2751; x_wconf 85' lang='lat' dir='ltr'>planum</span> <span class='ocrx_word' id='word_1_170' title='bbox 873 2669 932 2732; x_wconf 66' lang='lat' dir='ltr'>est·</span> <span class='ocrx_word' id='word_1_171' title='bbox 957 2701 974 2712; x_wconf 97' lang='lat'>-</span> <span class='ocrx_word' id='word_1_172' title='bbox 992 2665 1132 2730; x_wconf 85' lang='lat' dir='ltr'>Conetus</span> <span class='ocrx_word' id='word_1_173' title='bbox 1148 2683 1227 2728; x_wconf 89' lang='lat' dir='ltr'>vero</span> <span class='ocrx_word' id='word_1_174' title='bbox 1243 2663 1365 2730; x_wconf 84' lang='lat' dir='ltr'>remoti</span> 
     </span>
     <span class='ocr_line' id='line_1_21' title="bbox 185 2789 1365 2877; baseline -0.005 -19"><span class='ocrx_word' id='word_1_175' title='bbox 185 2797 218 2860; x_wconf 88' lang='lat' dir='ltr'>et</span> <span class='ocrx_word' id='word_1_176' title='bbox 236 2792 403 2876; x_wconf 75' lang='lat' dir='ltr'>proximi,</span> <span class='ocrx_word' id='word_1_177' title='bbox 427 2797 536 2877; x_wconf 87' lang='lat' dir='ltr'>utpote</span> <span class='ocrx_word' id='word_1_178' title='bbox 562 2793 616 2876; x_wconf 93' lang='lat' dir='ltr'>qui</span> <span class='ocrx_word' id='word_1_179' title='bbox 652 2792 800 2856; x_wconf 83' lang='lat' dir='ltr'>revelant</span> <span class='ocrx_word' id='word_1_180' title='bbox 824 2793 965 2856; x_wconf 85' lang='lat' dir='ltr'>animum</span> <span class='ocrx_word' id='word_1_181' title='bbox 985 2789 1208 2874; x_wconf 83' lang='lat' dir='ltr'>delinquendi,</span> <span class='ocrx_word' id='word_1_182' title='bbox 1234 2808 1365 2874; x_wconf 90' lang='lat' dir='ltr'>perver-</span> 
     </span>
     <span class='ocr_line' id='line_1_22' title="bbox 186 2914 1357 3006; baseline -0.004 -24"><span class='ocrx_word' id='word_1_183' title='bbox 186 2923 256 2983; x_wconf 90' lang='lat' dir='ltr'>tunt</span> <span class='ocrx_word' id='word_1_184' title='bbox 278 2917 424 2982; x_wconf 90' lang='lat' dir='ltr'>ordinem</span> <span class='ocrx_word' id='word_1_185' title='bbox 447 2917 616 2992; x_wconf 86' lang='lat' dir='ltr'>socialem;</span> <span class='ocrx_word' id='word_1_186' title='bbox 640 2922 715 2981; x_wconf 87' lang='lat' dir='ltr'>sunt</span> <span class='ocrx_word' id='word_1_187' title='bbox 738 2916 834 3006; x_wconf 64' lang='lat' dir='ltr'>enim=</span> <span class='ocrx_word' id='word_1_188' title='bbox 848 2915 956 3006; x_wconf 89' lang='lat' dir='ltr'>delicti</span> <span class='ocrx_word' id='word_1_189' title='bbox 990 2915 1151 2980; x_wconf 83' lang='lat' dir='ltr'>inchoatio</span> <span class='ocrx_word' id='word_1_190' title='bbox 1183 2919 1215 2978; x_wconf 90' lang='lat' dir='ltr'>et</span> <span class='ocrx_word' id='word_1_191' title='bbox 1244 2914 1357 2998; x_wconf 86' lang='lat' dir='ltr'>poenis</span> 
     </span>
     <span class='ocr_line' id='line_1_23' title="bbox 186 3041 481 3108; baseline 0 -2"><span class='ocrx_word' id='word_1_192' title='bbox 186 3042 335 3108; x_wconf 82' lang='lat' dir='ltr'>mulctari</span> <span class='ocrx_word' id='word_1_193' title='bbox 352 3041 481 3107; x_wconf 89' lang='lat' dir='ltr'>debent.</span> 
     </span>
    </p>

    <p class='ocr_par' dir='ltr' id='par_1_10' title="bbox 185 3161 1367 3748">
     <span class='ocr_line' id='line_1_24' title="bbox 275 3161 1366 3246; baseline -0.005 -16"><span class='ocrx_word' id='word_1_194' title='bbox 275 3167 384 3241; x_wconf 84' lang='lat' dir='ltr'>Quare</span> <span class='ocrx_word' id='word_1_195' title='bbox 406 3165 590 3231; x_wconf 83' lang='lat' dir='ltr'>necessaria</span> <span class='ocrx_word' id='word_1_196' title='bbox 614 3164 776 3229; x_wconf 89' lang='lat' dir='ltr'>distinctio</span> <span class='ocrx_word' id='word_1_197' title='bbox 799 3166 886 3228; x_wconf 90' lang='lat' dir='ltr'>iuter</span> <span class='ocrx_word' id='word_1_198' title='bbox 908 3169 1000 3230; x_wconf 87' lang='lat' dir='ltr'>ectus</span> <span class='ocrx_word' id='word_1_199' title='bbox 1022 3161 1311 3246; x_wconf 78' lang='lat' dir='ltr'>praeparatorios</span> <span class='ocrx_word' id='word_1_200' title='bbox 1333 3165 1366 3225; x_wconf 88' lang='lat' dir='ltr'>et</span> 
     </span>
     <span class='ocr_line' id='line_1_25' title="bbox 186 3284 1366 3372; baseline -0.007 -16"><span class='ocrx_word' id='word_1_201' title='bbox 186 3291 377 3358; x_wconf 78' lang='lat' dir='ltr'>eaeaatioos</span> <span class='ocrx_word' id='word_1_202' title='bbox 399 3291 546 3356; x_wconf 87' lang='lat' dir='ltr'>consistit</span> <span class='ocrx_word' id='word_1_203' title='bbox 568 3291 600 3353; x_wconf 92' lang='lat' dir='ltr'>in</span> <span class='ocrx_word' id='word_1_204' title='bbox 621 3288 773 3372; x_wconf 87' lang='lat' dir='ltr'>periaoto</span> <span class='ocrx_word' id='word_1_205' title='bbox 798 3289 927 3354; x_wconf 81' lang='lat' dir='ltr'>actuali</span> <span class='ocrx_word' id='word_1_206' title='bbox 951 3297 1070 3354; x_wconf 86' lang='lat' dir='ltr'>contra</span> <span class='ocrx_word' id='word_1_207' title='bbox 1093 3287 1301 3352; x_wconf 82' lang='lat' dir='ltr'>securitatem</span> <span class='ocrx_word' id='word_1_208' title='bbox 1325 3284 1366 3348; x_wconf 92' lang='lat' dir='ltr'>ci·</span> 
     </span>
     <span class='ocr_line' id='line_1_26' title="bbox 186 3412 1367 3500; baseline -0.005 -22"><span class='ocrx_word' id='word_1_209' title='bbox 186 3417 283 3497; x_wconf 78' lang='lat' dir='ltr'>rium,</span> <span class='ocrx_word' id='word_1_210' title='bbox 308 3414 391 3498; x_wconf 92' lang='lat' dir='ltr'>quod</span> <span class='ocrx_word' id='word_1_211' title='bbox 414 3414 642 3500; x_wconf 78' lang='lat' dir='ltr'>praeseferunt</span> <span class='ocrx_word' id='word_1_212' title='bbox 665 3418 756 3480; x_wconf 82' lang='lat' dir='ltr'>actus</span> <span class='ocrx_word' id='word_1_213' title='bbox 781 3413 957 3487; x_wconf 76' lang='lat' dir='ltr'>eremitici,</span> <span class='ocrx_word' id='word_1_214' title='bbox 976 3417 1113 3477; x_wconf 85' lang='lat' dir='ltr'>externe</span> <span class='ocrx_word' id='word_1_215' title='bbox 1129 3415 1161 3475; x_wconf 91' lang='lat' dir='ltr'>et</span> <span class='ocrx_word' id='word_1_216' title='bbox 1177 3413 1293 3476; x_wconf 76' lang='lat' dir='ltr'>natust</span> <span class='ocrx_word' id='word_1_217' title='bbox 1309 3412 1367 3474; x_wconf 73' lang='lat' dir='ltr'>sut</span> 
     </span>
     <span class='ocr_line' id='line_1_27' title="bbox 186 3535 1366 3622; baseline 0 -19"><span class='ocrx_word' id='word_1_218' title='bbox 186 3540 324 3606; x_wconf 85' lang='lat' dir='ltr'>ordinati</span> <span class='ocrx_word' id='word_1_219' title='bbox 347 3539 388 3604; x_wconf 80' lang='lat' dir='ltr'>ad</span> <span class='ocrx_word' id='word_1_220' title='bbox 411 3540 551 3615; x_wconf 74' lang='lat' dir='ltr'>crimem</span> <span class='ocrx_word' id='word_1_221' title='bbox 580 3538 654 3604; x_wconf 90' lang='lat' dir='ltr'>dum</span> <span class='ocrx_word' id='word_1_222' title='bbox 667 3543 758 3603; x_wconf 85' lang='lat' dir='ltr'>actus</span> <span class='ocrx_word' id='word_1_223' title='bbox 778 3537 1049 3620; x_wconf 79' lang='lat' dir='ltr'>praeparatorii,</span> <span class='ocrx_word' id='word_1_224' title='bbox 1067 3538 1182 3622; x_wconf 90' lang='lat' dir='ltr'>quippe</span> <span class='ocrx_word' id='word_1_225' title='bbox 1199 3537 1232 3599; x_wconf 91' lang='lat' dir='ltr'>in</span> <span class='ocrx_word' id='word_1_226' title='bbox 1248 3535 1366 3603; x_wconf 85' lang='lat' dir='ltr'>bonum</span> 
     </span>
     <span class='ocr_line' id='line_1_28' title="bbox 185 3657 1365 3748; baseline -0.004 -21"><span class='ocrx_word' id='word_1_227' title='bbox 185 3664 238 3727; x_wconf 81' lang='lat' dir='ltr'>vel</span> <span class='ocrx_word' id='word_1_228' title='bbox 261 3664 295 3727; x_wconf 89' lang='lat' dir='ltr'>iu</span> <span class='ocrx_word' id='word_1_229' title='bbox 318 3661 438 3727; x_wconf 83' lang='lat' dir='ltr'>malum</span> <span class='ocrx_word' id='word_1_230' title='bbox 461 3657 659 3748; x_wconf 86' lang='lat' dir='ltr'>propositum</span> <span class='ocrx_word' id='word_1_231' title='bbox 690 3657 923 3740; x_wconf 85' lang='lat' dir='ltr'>indifferentes,</span> <span class='ocrx_word' id='word_1_232' title='bbox 958 3659 1082 3723; x_wconf 92' lang='lat' dir='ltr'>nullum</span> <span class='ocrx_word' id='word_1_233' title='bbox 1113 3661 1244 3744; x_wconf 86' lang='lat' dir='ltr'>pariunt</span> <span class='ocrx_word' id='word_1_234' title='bbox 1270 3657 1365 3740; x_wconf 85' lang='lat' dir='ltr'>peri·</span> 
     </span>
    </p>
   </div>
   <div class='ocr_carea' id='block_1_9' title="bbox 187 3779 1369 3879">
    <p class='ocr_par' dir='ltr' id='par_1_11' title="bbox 187 3779 1369 3879">
     <span class='ocr_line' id='line_1_29' title="bbox 187 3779 1369 3879; baseline -0.006 -29"><span class='ocrx_word' id='word_1_235' title='bbox 187 3786 301 3850; x_wconf 81' lang='lat' dir='ltr'>cutam</span> <span class='ocrx_word' id='word_1_236' title='bbox 324 3785 456 3879; x_wconf 82' lang='lat' dir='ltr'>ordinis</span> <span class='ocrx_word' id='word_1_237' title='bbox 476 3784 622 3850; x_wconf 75' lang='lat' dir='ltr'>socialia.</span> <span class='ocrx_word' id='word_1_238' title='bbox 655 3783 717 3849; x_wconf 90' lang='lat' dir='ltr'>Hic</span> <span class='ocrx_word' id='word_1_239' title='bbox 745 3789 935 3868; x_wconf 89' lang='lat' dir='ltr'>conceptus,</span> <span class='ocrx_word' id='word_1_240' title='bbox 960 3787 995 3848; x_wconf 85' lang='lat' dir='ltr'>ut</span> <span class='ocrx_word' id='word_1_241' title='bbox 1017 3782 1124 3868; x_wconf 84' lang='lat' dir='ltr'>palem</span> <span class='ocrx_word' id='word_1_242' title='bbox 1148 3787 1205 3857; x_wconf 88' lang='lat' dir='ltr'>est,</span> <span class='ocrx_word' id='word_1_243' title='bbox 1231 3779 1369 3865; x_wconf 83' lang='lat' dir='ltr'>quadrat</span> 
     </span>
    </p>
   </div>
   <div class='ocr_carea' id='block_1_10' title="bbox 186 3905 1370 4102">
    <p class='ocr_par' dir='ltr' id='par_1_12' title="bbox 186 3905 1370 4102">
     <span class='ocr_line' id='line_1_30' title="bbox 186 3905 1370 3995; baseline -0.001 -23"><span class='ocrx_word' id='word_1_244' title='bbox 186 3910 293 3976; x_wconf 86' lang='lat' dir='ltr'>iuius</span> <span class='ocrx_word' id='word_1_245' title='bbox 320 3911 461 3995; x_wconf 79' lang='lat' dir='ltr'>poenale</span> <span class='ocrx_word' id='word_1_246' title='bbox 484 3909 591 3989; x_wconf 88' lang='lat' dir='ltr'>civile,</span> <span class='ocrx_word' id='word_1_247' title='bbox 615 3908 699 3994; x_wconf 90' lang='lat' dir='ltr'>quod</span> <span class='ocrx_word' id='word_1_248' title='bbox 723 3907 867 3974; x_wconf 80' lang='lat' dir='ltr'>defendit</span> <span class='ocrx_word' id='word_1_249' title='bbox 890 3909 1046 3974; x_wconf 77' lang='lat' dir='ltr'>arctiaem</span> <span class='ocrx_word' id='word_1_250' title='bbox 1070 3913 1251 3974; x_wconf 76' lang='lat' dir='ltr'>extortum</span> <span class='ocrx_word' id='word_1_251' title='bbox 1265 3905 1370 3972; x_wconf 78' lang='lat' dir='ltr'>socia·</span> 
     </span>
     <span class='ocr_line' id='line_1_31' title="bbox 187 4030 1367 4102; baseline -0.002 -6"><span class='ocrx_word' id='word_1_252' title='bbox 187 4034 263 4099; x_wconf 85' lang='lat' dir='ltr'>iem.</span> <span class='ocrx_word' id='word_1_253' title='bbox 279 4070 291 4084; x_wconf 92' lang='lat'><em>·</em></span> <span class='ocrx_word' id='word_1_254' title='bbox 313 4033 437 4100; x_wconf 85' lang='lat' dir='ltr'>Eadem</span> <span class='ocrx_word' id='word_1_255' title='bbox 453 4053 533 4099; x_wconf 87' lang='lat' dir='ltr'>vero</span> <span class='ocrx_word' id='word_1_256' title='bbox 547 4033 711 4099; x_wconf 91' lang='lat' dir='ltr'>distinctio</span> <span class='ocrx_word' id='word_1_257' title='bbox 728 4032 969 4098; x_wconf 85' lang='lat' dir='ltr'>accommodata</span> <span class='ocrx_word' id='word_1_258' title='bbox 985 4037 1034 4096; x_wconf 88' lang='lat' dir='ltr'>est</span> <span class='ocrx_word' id='word_1_259' title='bbox 1050 4034 1145 4096; x_wconf 86' lang='lat' dir='ltr'>etiam</span> <span class='ocrx_word' id='word_1_260' title='bbox 1161 4031 1224 4095; x_wconf 91' lang='lat' dir='ltr'>iuri</span> <span class='ocrx_word' id='word_1_261' title='bbox 1240 4030 1367 4102; x_wconf 74' lang='lat' dir='ltr'>eccles,</span> 
     </span>
    </p>
   </div>
   <div class='ocr_carea' id='block_1_11' title="bbox 186 4313 1369 4496">
    <p class='ocr_par' dir='ltr' id='par_1_13' title="bbox 186 4313 1369 4496">
     <span class='ocr_line' id='line_1_32' title="bbox 275 4313 1369 4392; baseline -0.005 -19"><span class='ocrx_word' id='word_1_262' title='bbox 275 4318 315 4388; x_wconf 87' lang='lat' dir='ltr'>(l)</span> <span class='ocrx_word' id='word_1_263' title='bbox 335 4317 406 4372; x_wconf 91' lang='lat' dir='ltr'>Hinc</span> <span class='ocrx_word' id='word_1_264' title='bbox 425 4315 534 4392; x_wconf 83' lang='lat' dir='ltr'>quando</span> <span class='ocrx_word' id='word_1_265' title='bbox 554 4315 600 4373; x_wconf 81' lang='lat' dir='ltr'>lex</span> <span class='ocrx_word' id='word_1_266' title='bbox 619 4317 700 4386; x_wconf 88' lang='lat' dir='ltr'>punit</span> <span class='ocrx_word' id='word_1_267' title='bbox 719 4327 858 4379; x_wconf 74' lang='lat' dir='ltr'>corariam,</span> <span class='ocrx_word' id='word_1_268' title='bbox 878 4313 958 4386; x_wconf 84' lang='lat' dir='ltr'>quasi</span> <span class='ocrx_word' id='word_1_269' title='bbox 977 4314 1110 4368; x_wconf 89' lang='lat' dir='ltr'>delictum</span> <span class='ocrx_word' id='word_1_270' title='bbox 1129 4316 1174 4368; x_wconf 81' lang='lat' dir='ltr'>sui</span> <span class='ocrx_word' id='word_1_271' title='bbox 1185 4315 1307 4384; x_wconf 78' lang='lat' dir='ltr'>penoris,</span> <span class='ocrx_word' id='word_1_272' title='bbox 1320 4331 1369 4368; x_wconf 83' lang='lat' dir='ltr'>ex-</span> 
     </span>
     <span class='ocr_line' id='line_1_33' title="bbox 186 4420 1275 4496; baseline -0.008 -16"><span class='ocrx_word' id='word_1_273' title='bbox 186 4424 273 4496; x_wconf 89' lang='lat' dir='ltr'>quirit</span> <span class='ocrx_word' id='word_1_274' title='bbox 292 4423 366 4478; x_wconf 89' lang='lat' dir='ltr'>hunc</span> <span class='ocrx_word' id='word_1_275' title='bbox 384 4427 479 4478; x_wconf 81' lang='lat' dir='ltr'>ectum</span> <span class='ocrx_word' id='word_1_276' title='bbox 497 4423 578 4492; x_wconf 91' lang='lat' dir='ltr'>plene</span> <span class='ocrx_word' id='word_1_277' title='bbox 592 4422 717 4478; x_wconf 81' lang='lat' dir='ltr'>extitisse</span> <span class='ocrx_word' id='word_1_278' title='bbox 738 4431 958 4476; x_wconf 83' lang='lat' dir='ltr'>consummatam</span> <span class='ocrx_word' id='word_1_279' title='bbox 977 4421 1005 4473; x_wconf 88' lang='lat' dir='ltr'>in</span> <span class='ocrx_word' id='word_1_280' title='bbox 1026 4420 1134 4474; x_wconf 86' lang='lat' dir='ltr'>ratione</span> <span class='ocrx_word' id='word_1_281' title='bbox 1153 4429 1275 4473; x_wconf 77' lang='lat' dir='ltr'>conatus</span> 
     </span>
    </p>
   </div>
   <div class='ocr_carea' id='block_1_12' title="bbox 0 0 1666 5108">
    <p class='ocr_par' dir='ltr' id='par_1_14' title="bbox 0 0 1666 5108">
     <span class='ocr_line' id='line_1_34' title="bbox 0 0 1666 5108; baseline 0 0"><span class='ocrx_word' id='word_1_282' title='bbox 0 0 1666 5108; x_wconf 95' lang='lat' dir='ltr'> </span> 
     </span>
    </p>
   </div>
  </div>
 </body>
</html>
