3202 5104
332 224 401 288 242
858 243 940 289 runs
965 242 987 286 1.

333 365 426 437 vatio,
458 363 497 428 ob
528 384 657 428 oausam
688 365 915 450 suspensionis,
944 364 1055 428 nullibi
1087 371 1181 430 cauta
1209 370 1266 430 est.
1292 362 1323 427 S.
1351 363 1490 448 Alphous.

342 493 414 564 Vll,
439 491 515 566 316,
542 493 573 557 d.
590 491 623 556 3.
642 527 659 538 -
679 491 769 558 Unde
793 512 856 555 non
880 492 982 575 quoad
1007 492 1117 577 officia
1140 491 1195 556 sed
1221 490 1322 574 quoad
1349 490 1491 574 benficia

331 616 494 700 sequimur
518 613 770 692 D’nnnibalw
796 616 841 680 De
873 617 933 681 ista
963 615 1171 700 suspensione
1204 613 1342 698 proinde
1372 616 1489 678 sensim

332 747 381 806 est
403 740 633 806 disserendum.

425 863 494 928 164.
521 863 579 938 Qui
605 864 793 951 simpliciter
816 865 1020 949 suspenditur
1040 885 1062 928 o
1078 863 1246 949 beneficio,
1263 864 1488 948 suspensionem

334 990 470 1053 incurrit
493 1009 513 1052 a
536 989 693 1054 fructibus
717 990 931 1075 percipiendis
948 996 979 1053 et
995 990 1033 1053 ab
1050 989 1328 1054 administratione
1349 987 1490 1054 beneficii.

334 1112 511 1180 Praeterea
525 1117 550 1179 si
568 1117 627 1180 iste
650 1116 744 1200 plura
760 1116 876 1180 lrabeat
900 1112 1064 1180 beneficia.
1084 1114 1124 1178 ab
1144 1113 1291 1179 omnihus
1314 1115 1491 1198 intelligitur

332 1258 505 1322 suspensus
528 1258 609 1322 quae
632 1239 730 1334 habet
752 1242 785 1304 in
810 1262 848 1305 ea
871 1241 1008 1304 dioecesi
1036 1241 1127 1304 onius
1151 1238 1344 1304 Ordinarius
1374 1259 1489 1322 suspen·

333 1368 453 1430 sionem
479 1364 608 1440 inflixit;
634 1386 678 1432 ece
701 1387 775 1449 cop.
801 1366 859 1442 37,
885 1369 921 1432 in
944 1369 1001 1452 fin.
1029 1367 1077 1430 De
1101 1367 1202 1446 elect,
1227 1365 1264 1428 in
1288 1365 1311 1427 6
1334 1363 1372 1448 (1.
1396 1365 1435 1448 6).
1458 1367 1490 1426 lt

334 1493 365 1554 in
391 1493 451 1556 hoc
475 1494 669 1576 propositum
696 1494 758 1556 Dl).
791 1495 822 1556 io
847 1494 1029 1556 contrarias
1052 1492 1172 1557 abeunt
1192 1491 1379 1570 sententias,
1403 1491 1489 1572 ioqui-

336 1618 442 1676 rentes
464 1633 506 1677 on
531 1615 583 1678 hio
608 1613 759 1679 dicendus
783 1616 824 1677 sit
848 1617 941 1678 otiam
960 1635 1133 1698 suspensus
1156 1634 1176 1677 a
1200 1610 1364 1684 beneficiis
1389 1614 1417 1674 in
1439 1611 1489 1674 alia

269 1755 270 1764 ¹
333 1734 469 1799 dioecesi
486 1735 612 1803 habitis.
626 1741 658 1800 et
674 1736 886 1800 diversimode
903 1738 1158 1821 interpretantur
1173 1741 1269 1820 caput
1286 1736 1348 1798 iam
1366 1735 1487 1798 citatum.

333 1857 573 1940 occeperit,
602 1859 648 1922 De
669 1859 747 1940 foro
771 1879 892 1941 comp..
918 1860 958 1938 X,
984 1859 1040 1943 (ll.
1066 1861 1110 1942 2),
1136 1861 1180 1923 uti
1209 1859 1320 1923 vidore
1350 1865 1398 1922 est
1421 1855 1487 1942 apud
1555 1869 1556 1926 i

333 1983 543 2054 Thesaurum,
571 1985 618 2048 Ile
639 1986 766 2067 poenis,
795 1987 819 2052 I.
845 2005 872 2048 c.
896 1987 955 2048 26.
983 2021 1000 2032 -
1030 1987 1151 2050 Verum
1183 2006 1265 2070 quae
1297 1985 1431 2049 tenenda
1459 1985 1488 2046 sit

332 2113 423 2170 certa
446 2109 605 2172 sententia
627 2107 855 2174 desumendum
879 2109 1007 2176 videtur
1029 2131 1049 2174 a
1074 2114 1238 2197 principiis
1262 2114 1341 2176 iuris
1368 2131 1486 2197 genera-

334 2231 474 2296 lioribus.
496 2234 642 2298 lamvero
659 2237 690 2299 iu
707 2254 781 2317 cop.
799 2235 856 2304 37,
879 2235 925 2301 De
940 2237 1029 2301 elect.
1048 2238 1155 2322 agitur
1170 2236 1210 2301 de
1226 2235 1487 2322 compromissarii

333 2360 473 2423 scienter
488 2360 627 2444 eligente
644 2360 808 2446 indignum
833 2385 874 2428 ex
899 2383 960 2446 quo
984 2363 1188 2448 suspenditur
1203 2383 1222 2426 a
1238 2361 1401 2428 beneficiis
1422 2379 1487 2444 qnae

334 2484 455 2550 obtinet
478 2486 509 2548 in
527 2503 566 2548 aa
584 2487 737 2556 Ecclesia.
755 2489 837 2572 quia.
859 2491 903 2554 ait
922 2487 1104 2553 ltooifacius
1122 2490 1222 2554 Vlll:
1244 2509 1261 2550 e
1279 2485 1488 2572 Restrinpitm·

333 2609 435 2674 etiam
451 2611 540 2676 (licto
552 2630 666 2692 poena
688 2613 798 2678 solnm
822 2614 868 2678 cet
892 2632 934 2678 eo
957 2613 1117 2698 beneficio
1133 2633 1222 2698 qnae
1236 2615 1286 2680 sic
1302 2633 1443 2696 peccans
1461 2611 1488 2672 in

333 2733 393 2798 itta
415 2734 541 2800 obtinet
558 2735 705 2800 Ecclesia
720 2753 825 2818 pne-m
842 2738 954 2801 taliter
969 2737 1124 2821 ctipendo
1148 2737 1340 2819 specialiter
1358 2735 1488 2802 noscitur

333 2859 555 2941 offendisse».
576 2861 663 2944 Ergo
686 2861 853 2944 suspensio
877 2867 925 2924 est
950 2861 993 2925 ita
1009 2865 1174 2926 coarctata
1197 2881 1217 2924 a
1239 2862 1377 2945 positiva
1393 2859 1486 2924 volun·
1554 2833 1555 2864 ¹

332 2988 398 3047 tate
423 2984 500 3048 iuris
523 2985 709 3049 communis.
736 2985 773 3048 In
797 3004 871 3066 cop.
896 2985 946 3057 14,
974 2985 1022 3049 De
1044 2985 1122 3067 foro
1146 3005 1267 3068 comp„
1293 2987 1432 3069 quaestio
1451 2988 1485 3044 est

332 3109 371 3174 de
387 3110 506 3174 clerico
524 3116 671 3193 patrante
687 3112 810 3174 crimen
828 3117 923 3174 extra
943 3109 1114 3175 dioecesim
1140 3111 1191 3175 ubi
1216 3107 1404 3174 beneficium
1419 3107 1486 3172 obti-

334 3239 404 3305 net,
429 3236 481 3318 qui
505 3240 612 3299 tamen
636 3233 675 3297 ab
700 3235 858 3318 Episcopo
890 3234 967 3306 loci,
995 3236 1119 3298 ratione
1143 3233 1268 3306 delicti,
1294 3233 1445 3298 iudicatur
1465 3235 1485 3292 et

333 3378 396 3423 non
427 3357 645 3439 suspensione
676 3355 731 3420 sed
758 3356 951 3437 piiootione
982 3355 1126 3420 beneficii
1159 3357 1328 3440 plectitnr;
1356 3363 1388 3420 et
1413 3364 1486 3418 caret

333 3477 502 3542 Pontifex:
528 3497 545 3539 «
571 3479 661 3561 qnod
686 3497 751 3561 per
776 3479 981 3561 Episcopum
1005 3479 1042 3542 in
1064 3479 1160 3544 cuins
1191 3478 1335 3543 dioecesi
1358 3475 1487 3560 deliquit,

331 3603 495 3668 sententia
517 3604 640 3684 poterit
661 3604 878 3689 pronintpori
906 3605 942 3668 in
965 3605 1119 3668 eundem.
1141 3603 1207 3670 Sed
1231 3604 1274 3668 ob
1297 3623 1336 3670 eo
1361 3601 1489 3668 incisim

332 3729 475 3794 dioecesi
510 3726 704 3813 beneficium
736 3727 875 3800 obtinet,
909 3729 971 3792 en't
1003 3727 1118 3812 quood
1148 3727 1236 3794 ittnd
1266 3729 1418 3795 emecntio
1444 3725 1487 3808 s·

332 3856 452 3922 ciendo
470 3875 499 3917 ›.
525 3853 729 3940 Quapropter
746 3857 777 3919 iu
795 3857 853 3920 isto
870 3875 946 3920 casu
965 3856 1141 3939 Episcopus
1157 3857 1321 3922 domicilii
1337 3854 1488 3938 exequitur

331 3981 521 4045 sententiam
546 3981 751 4063 privationis
774 3983 870 4046 latam
894 3982 934 4047 ab
960 3983 1117 4066 Episcopo
1149 3987 1353 4068 competente
1376 3982 1487 4046 rationo

331 4108 453 4173 delicti.
477 4106 526 4173 Cf.
553 4105 586 4178 V,
612 4107 658 4181 ll,
684 4103 759 4171 323
782 4125 829 4190 sq.

422 4231 582 4305 Quocirca
607 4249 668 4294 uon
694 4251 776 4295 unus
799 4228 876 4316 fingi
899 4230 993 4296 debet
1017 4252 1111 4296 casus
1138 4231 1242 4316 quoad
1262 4253 1328 4297 rem
1353 4235 1483 4302 nostram,

330 4379 386 4422 seu
399 4356 501 4441 quoad
515 4357 754 4442 suspensionem
770 4376 790 4420 a
806 4356 978 4441 beneficio;
996 4377 1109 4442 nempe
1126 4365 1182 4423 aut
1197 4378 1337 4423 censura
1353 4361 1399 4422 est
1412 4357 1482 4420 tator
