3306 5102
292 303 359 370 302
811 323 894 369 rans
919 324 940 368 1.

292 449 357 513 sint
379 448 437 512 nisi
462 446 607 514 defectus
632 453 743 533 postea
767 449 798 512 in
822 449 893 512 viro
924 447 1082 533 baptizato
1113 449 1386 536 irregularitatem
1411 473 1468 537 ge-

292 578 456 640 nerantes.
471 570 567 639 -Sed
584 575 615 638 in
631 574 704 656 ipsc
721 574 935 658 suscipiendo
951 573 1107 660 baptismo
1123 577 1271 642 contrahi
1287 577 1375 644 valet
1389 579 1469 642 irre·

292 699 466 785 gularitas;
482 698 582 765 veluti
598 718 670 764 cum
687 699 759 783 quis
773 698 901 764 adultus
915 699 1098 786 baptizatur
1112 700 1152 765 ab
1168 700 1344 776 haeretico,
1361 704 1468 788 prouti

293 824 379 890 inira
403 823 642 910 explicabimus.

381 947 457 1016 205.
482 949 574 1014 Rom.
600 949 755 1015 Pontifex
783 951 883 1016 utitur
913 955 1071 1036 potestate
1098 950 1303 1037 dispensandi
1327 973 1369 1018 ex
1393 973 1469 1018 con-

292 1074 375 1140 sulto
398 1079 455 1140 aut
477 1075 614 1141 alicuius
638 1075 669 1142 S.
696 1075 963 1161 congregationis
986 1083 1042 1142 aut
1063 1078 1200 1144 alicuius
1221 1075 1328 1144 Officii
1352 1078 1471 1144 Curiae

293 1200 326 1261 et
348 1196 603 1282 dispensationes
626 1196 781 1282 expedire
804 1197 886 1262 solet
909 1201 965 1265 aut
980 1216 1040 1282 per
1054 1198 1163 1264 Breve
1179 1205 1235 1265 aut
1253 1219 1315 1284 per
1332 1198 1471 1284 simplex

292 1323 506 1404 rescriptum,
531 1341 588 1388 seu
612 1322 819 1388 memoriale.

361 1449 439 1515 Cum
455 1449 680 1535 irregularitas
696 1453 745 1514 est
760 1448 897 1534 publica.
915 1448 1102 1533 dispensare
1117 1450 1199 1516 solet
1213 1456 1269 1516 aut
1286 1471 1348 1536 per
1363 1452 1471 1516 Breve

293 1573 513 1640 aSecretaria
530 1575 684 1640 Brevium
707 1579 763 1640 aut
786 1593 845 1658 per
859 1573 1051 1639 Memoriale
1066 1593 1085 1639 a
1101 1575 1286 1641 Secretaria
1303 1577 1473 1642 Memoria-

292 1701 371 1766 lium
395 1699 579 1786 expeditum
603 1706 659 1765 aut
680 1719 742 1784 per
764 1701 956 1784 rescriptum
981 1699 1012 1766 S.
1030 1701 1296 1786 congregationis
1318 1703 1370 1767 vel
1387 1703 1472 1767 Con-

293 1827 357 1893 cilii
382 1827 434 1891 vel
451 1825 683 1913 Episcoporum
699 1830 732 1890 et
749 1825 959 1912 Regularium
979 1826 1031 1890 vel
1047 1825 1101 1892 SS.
1121 1826 1261 1900 Rittium,
1279 1829 1471 1912 praesertim

294 1971 366 2017 cum
389 1950 472 2016 adsit
494 1951 602 2035 aliqua
625 1951 769 2035 quaestio
793 1949 962 2015 enodanda
984 1970 1004 2014 a
1027 1951 1217 2036 respectivis
1240 1949 1471 2037 congregatio-

293 2077 386 2143 nibus
401 2080 490 2144 circa
506 2079 709 2144 existentiam
725 2083 759 2145 et
774 2078 961 2162 qualitatem
976 2076 1238 2162 irregularitatis.
1257 2111 1274 2126 -
1292 2075 1324 2142 S.
1342 2078 1474 2143 Dateria

294 2203 457 2290 dispensat
480 2203 584 2288 quoad
607 2203 795 2270 collationes
817 2201 1057 2270 beneficiorum.
1076 2239 1093 2250 -
1116 2203 1172 2270 SS.
1198 2202 1473 2288 Congregatioues

294 2348 373 2394 vero
397 2327 437 2394 de
461 2328 677 2414 Propaganda
699 2327 778 2392 Fide
801 2332 834 2392 et
855 2347 875 2392 a
899 2328 1043 2413 Negotiis
1063 2326 1299 2394 Ecclesiasticis
1316 2327 1472 2392 Extraor·

294 2454 428 2519 dinariis
451 2453 705 2538 dispensationes
728 2451 903 2536 expediunt
919 2471 977 2537 pro
1002 2449 1189 2536 regionibus
1205 2451 1388 2536 respective
1411 2450 1472 2516 sibi

295 2578 446 2645 subiectis
468 2583 509 2652 et,
534 2579 640 2666 prouti
668 2579 899 2663 explicavimus
922 2573 987 2662 (Of.
1014 2577 1087 2642 Vol.
1114 2577 1157 2659 ΙΙ,
1183 2574 1353 2659 lle-216),
1378 2576 1473 2641 valde

296 2703 391 2768 latam
419 2703 539 2768 habent
568 2703 824 2788 competentiam.
853 2703 977 2767 Verum
1003 2702 1277 2788 Congregatioues
1300 2707 1332 2768 et
1356 2697 1476 2767 Officia

295 2829 452 2894 hactenus
475 2826 635 2893 recensita
655 2825 839 2913 dispensant
863 2828 890 2891 si
912 2826 1137 2911 irregularitas
1152 2844 1217 2890 nou
1233 2830 1283 2890 est
1298 2824 1426 2892 occulta
1442 2831 1477 2892 et

297 2973 360 3018 nou
392 2953 537 3018 redoleat
567 2953 690 3018 crimen
703 3001 708 3008 .
721 2952 877 3028 haeresis,
902 2950 1019 3037 quippe
1046 2950 1087 3017 de
1109 2950 1237 3016 casibus
1267 2950 1403 3016 occultis
1425 2949 1476 3016 di·

296 3079 516 3164 spensationes
539 3078 722 3163 impertitur
744 3077 775 3144 S.
802 3077 1057 3143 Posuiteutiaria
1081 3072 1136 3160 (l),
1160 3081 1195 3142 et
1219 3075 1259 3140 de
1283 3075 1475 3162 irregulari-

297 3209 363 3271 tate
386 3221 428 3267 ex
454 3201 582 3267 haeresi
611 3203 776 3288 cognoscit
802 3206 836 3266 et
865 3200 1134 3285 dispensationem
1165 3197 1313 3264 decernit
1335 3195 1370 3264 S.
1395 3197 1477 3265 offi-

298 3331 391 3394 cium.
411 3361 429 3376 ·
446 3325 478 3392 S.
495 3326 613 3413 Gongr.
631 3325 670 3392 de
687 3327 785 3411 Prop.
802 3325 891 3406 Fide,
908 3343 1027 3411 perse,
1045 3325 1141 3390 etiam
1157 3325 1190 3388 iu
1206 3325 1284 3390 istos
1308 3343 1404 3389 casus
1425 3330 1480 3390 est

298 3457 491 3536 competens,
508 3453 653 3536 quamvis
666 3453 784 3538 negotii
804 3450 1041 3536 expeditionem
1058 3454 1114 3514 aut
1130 3449 1405 3516 Poeniteutiariae
1420 3455 1479 3514 aut

298 3577 329 3644 S.
354 3575 480 3650 Officio,
505 3579 694 3662 respective,
720 3579 888 3644 remittere
911 3578 944 3642 in
968 3595 1060 3641 mors
1084 3574 1210 3640 habeat.

388 3701 559 3787 Rescripta
581 3700 852 3785 dispensationum
869 3701 919 3766 edi
935 3701 1039 3767 solent
1060 3701 1094 3765 in
1118 3700 1224 3765 forma
1239 3700 1479 3767 commissario

245 3811 248 3818 ’
298 3847 355 3892 sou
371 3825 483 3892 minate
505 3829 538 3892 at
560 3847 625 3891 non
641 3827 739 3893 semel
756 3827 851 3893 etiam
875 3829 908 3891 in
931 3827 1037 3892 forma
1051 3825 1213 3912 pretiose,
1230 3824 1287 3891 sed
1309 3843 1352 3892 ne
1367 3832 1479 3891 actum

297 3971 397 4038 agere
420 3952 588 4019 videamur
611 3953 822 4019 conferantur
846 3971 927 4036 quae
951 3952 1193 4038 explicavimus,
1211 3949 1246 4014 V.
1263 3951 1312 4026 II,
1336 3969 1371 4016 n.
1396 3951 1478 4016 100.

387 4145 426 4218 (1)
445 4146 471 4200 S.
492 4147 711 4203 Pmnitentiaria
736 4148 877 4218 dispensat
901 4165 983 4216 super
1008 4162 1181 4218 quacumque
1210 4143 1422 4215 irregularitate
1447 4153 1480 4202 et

297 4253 474 4309 inhabilitate
492 4269 527 4310 ex
545 4237 719 4324 quocumque
734 4252 836 4309 delicto
855 4254 940 4308 etiam
959 4251 1109 4307 homicidio
1127 4250 1287 4306 voluntario
1306 4255 1335 4306 et
1352 4267 1387 4306 ex
1405 4267 1479 4322 quo·

297 4377 414 4432 cumque
432 4361 541 4416 deiectu
555 4361 786 4430 provenientem
799 4361 908 4414 casibus
921 4363 1014 4415 tamen
1026 4358 1146 4414 occultis
1164 4363 1193 4414 et
1211 4359 1240 4412 in
1258 4358 1320 4412 loro
1333 4358 1479 4414 couscien-

298 4469 353 4524 tiae
373 4471 490 4523 tantum.
509 4469 552 4524 Gi.
575 4471 602 4522 V.
624 4467 662 4536 11,
681 4470 756 4523 270.
