3290 5100
299 277 367 344 500
821 295 911 343 rans
936 296 958 342 1.

299 421 372 505 post
394 417 513 500 Const,
529 417 586 483 Ad
608 417 779 490 evitando,
803 416 999 485 attendenda
1021 423 1096 484 sunt
1112 437 1194 502 quae
1210 435 1268 482 suo
1283 416 1357 481 loco
1377 414 1485 501 expli-

299 543 453 608 cavimus.

390 667 465 734 438.
489 667 533 733 Vi
558 666 698 734 eiusdem
731 669 957 754 suspensionis,
986 669 1083 734 etiam
1108 669 1139 732 in
1167 671 1325 753 potestate
1349 665 1487 747 ordinis,

300 791 412 857 clerici
436 791 476 856 ab
500 793 546 856 eis
569 790 709 858 ordinati
733 794 880 878 suspensi
907 795 1087 870 remanent,
1112 797 1145 856 et
1166 789 1245 856 hino
1268 789 1327 856 hes
1351 788 1486 856 ordina-

299 917 404 980 tiones
428 915 574 981 Ganones
591 917 705 982 nullas
720 920 777 981 aut
792 935 920 983 vacuas
935 917 1111 1003 appellant.
1130 916 1223 982 Hanc
1240 917 1488 1002 suspensionem

300 1041 345 1105 ita
375 1037 579 1106 confirmavit
604 1041 711 1106 Consi.
736 1040 853 1124 Aposl.
878 1041 985 1118 Sedis,
1019 1040 1077 1106 sub
1104 1059 1138 1105 n.
1164 1041 1196 1114 6,
1225 1041 1312 1106 inter
1341 1057 1486 1122 wapen-

298 1145 410 1232 siones
427 1167 515 1231 latae
530 1185 556 1231 s.
576 1165 716 1231 Summo
733 1165 891 1252 Pontifici
906 1159 1120 1249 reservatam
1143 1185 1276 1251 nempe:
1296 1185 1314 1228 κ
1331 1164 1488 1247 Suspen-

299 1292 430 1359 sionem
453 1291 496 1358 ab
519 1293 640 1360 ordine
662 1297 815 1375 suscepto
838 1293 913 1375 ipso
937 1293 1013 1358 iure
1035 1293 1227 1367 incurrunt,
1249 1294 1309 1376 qai
1325 1291 1488 1358 eumdem

299 1415 457 1483 ordinem
472 1415 625 1498 recipere
644 1421 955 1498 praesumpserunt
977 1415 1021 1482 ub
1045 1416 1340 1483 eaemntmnnicato
1357 1416 1410 1481 vel
1432 1435 1488 1480 sn-

300 1557 422 1621 spenso
447 1541 499 1606 vel
519 1539 696 1606 interdicto
719 1539 923 1606 nominatim
939 1539 1162 1614 denuncietis,
1179 1545 1239 1606 aut
1254 1539 1298 1606 ab
1314 1538 1487 1606 undenso

300 1663 352 1728 oei
375 1663 588 1730 schisrnutico
612 1663 767 1746 notorio;
789 1682 868 1730 eum
890 1683 970 1730 vero
994 1663 1054 1748 qui
1077 1662 1166 1731 bonu
1182 1663 1250 1748 fide
1272 1683 1295 1728 a
1319 1662 1488 1748 quopiam

299 1807 420 1854 eorum
432 1794 479 1855 est
492 1788 680 1863 ordinales,
691 1787 892 1854 eonditum
904 1806 973 1854 non
987 1787 1110 1854 nacae
1122 1787 1254 1853 ordinis
1264 1787 1315 1853 sio
1325 1787 1486 1870 decepti,

300 1913 409 1982 donec
430 1915 655 1996 dispensetur,
680 1913 898 1980 declaramus
922 1933 953 1977 r.
977 1913 1125 1993 Noietur,
1149 1911 1235 1976 hanc
1261 1913 1486 1994 tantummodo

301 2041 542 2125 suspensionem
568 2040 656 2104 tutae
679 2037 864 2104 sententiae
887 2043 1113 2102 conservatam
1133 2037 1244 2118 fuisse,
1269 2057 1382 2102 omnes
1405 2035 1488 2103 alies

301 2171 426 2232 contra·
438 2166 522 2230 male
545 2165 712 2230 ordinatos
736 2169 768 2229 et
789 2164 977 2229 ordinantes
993 2163 1186 2229 exolevisse.
1204 2161 1252 2228 Cf.
1270 2160 1486 2238 D’Annibale,

301 2288 340 2374 (Ι,
366 2289 454 2376 395),
478 2295 553 2356 not·
573 2289 605 2353 7.

391 2411 465 2476 439.
482 2412 630 2497 Speciem
646 2411 869 2476 schismaticae
887 2409 1084 2482 rebellionis.
1102 2428 1218 2494 nempe
1233 2408 1485 2494 appellationem
1532 2403 1538 2414 “

301 2555 322 2601 a
344 2536 485 2602 decretis
500 2538 608 2621 Papae
631 2535 671 2601 ad
695 2537 838 2602 futurum
864 2535 1049 2601 universale
1065 2534 1254 2616 Concilium,
1271 2533 1487 2598 damnaverat

300 2665 364 2727 iem
395 2662 488 2727 Bulla
519 2663 590 2727 Iulii
624 2664 666 2743 ll,
698 2660 852 2746 Suscepit
882 2660 1070 2747 repiminis,
1105 2665 1138 2725 et
1168 2659 1261 2724 modo
1293 2659 1486 2724 solemniter

301 2782 494 2848 condemnat
509 2788 573 2848 ort.
587 2783 619 2855 4,
634 2785 741 2849 Consi.
755 2784 818 2866 Ap.
835 2780 943 2865 Sedis,
963 2781 1098 2847 ferendo
1115 2781 1485 2847 excommunicationem

300 2927 350 2992 sp.
368 2929 413 2974 nn.
429 2909 469 2974 P.
487 2913 688 2974 reservatam
711 2908 868 2974 adversus
885 2928 903 2971 κ
920 2907 1042 2974 Omnes
1065 2913 1095 2973 et
1118 2909 1271 2995 stapulas
1292 2907 1483 2973 cuiuscum-

301 3054 367 3120 qne
388 3040 504 3109 status,
528 3035 660 3119 pradus
682 3053 743 3100 seu
765 3034 968 3101 conditionis
989 3034 1120 3115 fuerim
1144 3033 1188 3100 ab
1211 3033 1485 3101 ordinationibus

300 3179 361 3226 seu
383 3159 557 3224 mundatis
584 3157 816 3224 Romanorum
839 3157 1044 3243 Pontificum
1070 3177 1139 3241 pro
1163 3165 1314 3240 tempore
1336 3157 1484 3223 euristeu-

301 3281 386 3348 tium
409 3283 456 3348 ad
478 3282 670 3348 universate
692 3281 851 3365 futuram
870 3281 1059 3348 Concilium
1082 3283 1302 3365 appellantes,
1327 3299 1391 3348 nec
1413 3300 1486 3346 non

301 3427 366 3481 eos,
388 3427 536 3491 qnorum
560 3407 701 3479 anxilio,
720 3407 858 3473 oonsilio
881 3409 933 3472 cel
955 3407 1078 3490 fauore
1093 3408 1305 3491 appellatum
1326 3404 1436 3488 fuerit
1453 3429 1482 3468 ιι.

303 3529 366 3595 Hic
382 3531 596 3615 compescitur
612 3528 747 3594 rebellio
763 3528 971 3594 schismatica
987 3530 1170 3616 appellandi
1186 3529 1226 3594 ad
1242 3527 1388 3594 futurum
1405 3550 1484 3594 con-

302 3654 410 3720 cilium
435 3673 473 3718 eo
497 3653 629 3718 consilio
655 3658 689 3718 ut
713 3653 842 3718 interim
874 3654 1089 3739 suspendatur
1114 3651 1280 3719 Pontificis
1307 3655 1487 3718 auctoritas

302 3780 353 3844 oui
377 3783 484 3844 tamen
508 3797 569 3843 neo
594 3778 778 3842 universale
802 3779 973 3843 concilium
997 3779 1189 3864 praevalere
1209 3783 1324 3864 potest.
1342 3777 1487 3844 Cavetur

302 3906 336 3969 in
359 3903 422 3968 hoc
441 3903 579 3969 articulo
603 3901 643 3968 de
666 3902 880 3988 appellatione
898 3924 980 3987 quae
996 3901 1032 3970 fit
1047 3927 1068 3968 a
1083 3905 1227 3970 Romano
1245 3901 1406 3970 Pontifice
1422 3923 1486 3988 qua

301 4029 357 4094 tali
382 4047 446 4092 non
463 4047 526 4111 qua
543 4027 696 4112 Principe
713 4027 815 4102 civili;
832 4028 1008 4112 eademque
1024 4025 1068 4103 fit,
1085 4029 1286 4094 adfuturum
1310 4030 1485 4095 concilium

302 4173 418 4239 nempe
442 4154 694 4218 oecumenicum.
713 4151 840 4218 -Unde
863 4154 889 4217 si
914 4153 1095 4238 appelletur
1117 4152 1159 4220 ad
1181 4155 1384 4239 provinciale
1408 4145 1500 4220 con-⁸

302 4279 410 4344 cilium
427 4286 476 4346 est
490 4280 624 4364 gravior
640 4278 757 4343 iniuria
781 4277 836 4342 sed
860 4297 924 4343 non
941 4282 990 4343 est
1005 4278 1096 4344 locus
1113 4298 1247 4364 poenae.
1265 4315 1284 4326 -
1303 4279 1487 4346 Praeterea

302 4405 329 4468 si
345 4405 527 4489 appelletur
544 4404 584 4468 ad
600 4403 771 4468 concilium
788 4403 850 4468 iam
866 4404 997 4487 sedens,
1013 4406 1159 4489 quamvis
1178 4406 1220 4471 ad
1235 4411 1362 4492 tempus
1378 4407 1486 4473 inter·
