3202 5104
233 312 300 378 262
753 331 837 378 rans
861 331 884 376 1.

234 455 377 521 minores
402 476 482 522 vero
506 475 622 522 causae
653 461 867 520 reservantur
897 456 1043 521 conciliis
1073 454 1338 542 provincialibus;
1370 473 1415 520 ex

237 577 363 644 Concit.
396 580 490 645 Trid.
515 581 552 645 in
574 599 652 646 sess.
676 579 736 645 24.
760 599 835 662 cap.
860 579 884 645 5
908 577 1043 661 Deras.

328 704 402 770 180.
417 705 597 772 Praeterea
609 726 681 771 cum
699 705 858 770 communi
874 701 1054 772 Doctorum
1066 705 1153 770 inter
1167 724 1287 790 poenas
1302 724 1418 770 recan-

234 829 356 893 suimus
384 829 654 914 irregularitates,
680 829 738 894 etsi
763 849 886 914 poenae
910 830 1022 894 stricto
1045 848 1143 894 sensu
1165 848 1230 893 non
1257 829 1331 910 sint,
1355 848 1420 894 eae

234 971 360 1036 quoque
383 972 429 1020 ecc
455 954 574 1021 delicto
605 955 843 1039 provenientes,
874 959 949 1019 sunt
979 953 1064 1018 enim
1094 953 1250 1019 directius
1280 954 1416 1039 impedi·

236 1083 344 1142 menta
359 1076 400 1141 ad
416 1076 546 1143 ordines
562 1077 781 1163 suscipiendos
797 1084 828 1142 et
844 1077 883 1143 ad
900 1083 1064 1162 susceptos
1079 1077 1323 1154 ministrandam
1340 1097 1418 1162 qua·

237 1205 371 1288 propter
387 1202 579 1269 ordinantur
594 1205 632 1268 in
642 1204 770 1287 primis
785 1204 825 1269 ad
841 1202 1035 1269 servandum
1052 1205 1203 1270 decorem
1219 1205 1305 1269 sacri
1327 1206 1417 1269 mini·

235 1328 327 1392 sterii
343 1329 474 1412 eiusque
499 1331 700 1395 sanctitatem
716 1335 749 1395 et
764 1330 951 1416 dignitatem
970 1329 1144 1403 tutandam,
1162 1335 1195 1394 et
1209 1331 1420 1396 secundario

235 1459 378 1537 vergunt
393 1455 426 1518 in
442 1474 578 1538 poenam
594 1455 680 1520 illius
696 1456 750 1539 qui
766 1475 825 1541 per
840 1454 990 1551 delictum
1006 1477 1041 1520 se
1057 1454 1222 1520 ordinibus
1242 1455 1419 1540 suscipien-

237 1575 285 1641 dis
308 1582 363 1643 aut
386 1579 604 1645 ministrandis
634 1580 799 1666 indignum
824 1579 970 1645 reddidit.
996 1581 1119 1645 Verum
1149 1579 1320 1666 aliquando
1348 1600 1416 1645 non

236 1717 281 1766 ea
296 1699 415 1767 delicto
432 1701 487 1766 sed
511 1721 556 1768 em
572 1701 704 1784 defectu
720 1704 871 1788 provenit
885 1703 1120 1786 irregularitas,
1134 1703 1219 1767 unde
1235 1704 1268 1766 in
1284 1704 1421 1768 notione

235 1824 485 1910 irregularitatis
509 1847 572 1892 non
596 1846 721 1911 poenae
744 1825 826 1892 ratio
849 1825 1070 1912 perpenditur,
1087 1825 1144 1891 sed
1160 1827 1265 1911 potius
1281 1825 1418 1911 impedi-

237 1949 335 2012 menti
362 1949 454 2014 iuxta
478 1949 618 2015 Suaresii
642 1953 793 2036 optimam
813 1948 1030 2015 definitionem
1054 1947 1116 2034 (De
1132 1969 1218 2016 cens.
1243 1949 1300 2031 46,
1324 1951 1352 2030 1,
1375 1949 1419 2036 2)

238 2073 283 2138 ita
313 2081 524 2160 conceptam;
556 2077 681 2142 scilicet
711 2076 937 2161 irregularitas
971 2080 1020 2140 est
1048 2111 1065 2122 -
1093 2075 1419 2158 «impedimentum

239 2197 287 2263 ad
301 2199 440 2266 ordines
454 2201 695 2284 suscipiendos,
713 2206 745 2266 et
756 2220 822 2283 per
838 2218 1044 2284 consequens
1059 2199 1107 2264 ad
1121 2217 1178 2264 ecs
1194 2199 1416 2282 exercendos,

238 2321 313 2388 iure
327 2325 490 2390 canonico
506 2323 734 2391 introductum
750 2347 782 2389 s.
798 2325 923 2390 Dicitur
936 2359 954 2372 -
968 2324 1043 2390 iure
1058 2343 1133 2390 ean.
1150 2324 1382 2390 introductum
1396 2359 1418 2372 -

237 2467 310 2512 cum
336 2469 378 2514 ex
394 2469 467 2533 cap.
493 2451 544 2514 18.
568 2451 618 2516 De
641 2456 722 2516 sent.
748 2469 878 2516 excom.
902 2450 940 2514 in
963 2449 986 2513 6
1010 2484 1027 2497 -
1053 2450 1149 2513 nulla
1173 2448 1419 2534 irregularitas

236 2572 439 2638 incurratur
453 2575 521 2638 nisi
536 2575 572 2639 in
587 2574 663 2640 iure
680 2561 729 2640 ¹sit
750 2592 924 2657 expressa.
942 2609 960 2620 -
977 2570 1067 2647 Quod
1087 2571 1281 2656 principium
1303 2570 1419 2635 sedulo

234 2677 463 2764 attendendum
489 2706 595 2765 estut
621 2698 886 2786 irregularitatis
916 2699 1048 2783 proprie
1079 2698 1183 2764 dictae
1215 2697 1420 2782 percipiatur

239 2828 431 2908 conceptum
456 2825 608 2908 quocirca
631 2843 741 2890 omnes
764 2826 816 2889 alii
843 2823 988 2889 delectus
1011 2845 1076 2889 nna
1098 2825 1150 2889 vel
1167 2823 1230 2886 alia
1246 2823 1285 2889 de
1307 2843 1416 2897 causa,

239 2948 309 3031 plus
333 2949 478 3015 minusve
501 2950 542 3015 ab
565 2951 731 3018 ordinibus
754 2951 963 3037 suscipiendis
986 2951 1040 3015 vel
1068 2929 1288 3014 ministrandis
1319 2948 1420 3032 impe-

239 3069 373 3145 dientes,
391 3093 434 3138 ex
452 3074 523 3139 iure
547 3073 655 3140 divino
678 3077 730 3139 vel
755 3076 907 3155 naturali,
924 3079 1021 3139 erunt
1042 3072 1234 3138 amandandi
1258 3074 1345 3137 inter
1367 3073 1421 3138 in-

239 3195 427 3262 habilitates
449 3200 501 3263 cel
524 3198 694 3281 simplices
716 3197 961 3264 inidoneitates.

328 3321 462 3386 Etiamsi
487 3321 744 3408 irregularitates
771 3341 835 3386 non
853 3323 918 3386 sint
940 3321 1072 3406 proprie
1086 3339 1219 3405 poenae,
1237 3324 1346 3383 tamen
1363 3339 1420 3384 au·

237 3451 397 3510 tumemus
420 3465 484 3509 non
508 3447 637 3510 omnino
661 3445 866 3530 impropriam
891 3463 961 3509 esse
984 3443 1070 3507 hanc
1097 3441 1206 3507 sedem
1230 3442 1417 3508 tractationi

237 3567 277 3632 de
292 3569 393 3652 irreg.
411 3568 455 3634 uti
481 3568 629 3653 opinatur
645 3569 684 3633 cl.
706 3569 861 3654 Gasparri
884 3567 922 3632 in
943 3567 1053 3632 Tract.
1079 3566 1121 3631 de
1140 3563 1173 3628 S.
1194 3563 1311 3630 Ordin.
1331 3563 1368 3645 V,
1386 3565 1418 3640 l,

236 3711 271 3755 n.
295 3693 338 3756 17
341 3693 372 3764 9,
396 3693 557 3776 inquiens:
584 3692 761 3757 «Proinde
784 3692 928 3775 sequitur
950 3691 1110 3755 immerito
1126 3693 1277 3753 auctores
1292 3689 1419 3773 irregu-

238 3814 386 3880 laritates
410 3817 481 3881 aliis
504 3819 615 3901 poenis
638 3817 850 3902 permiscere3
875 3822 907 3880 et
929 3815 1058 3900 illogico
1081 3814 1120 3880 de
1143 3813 1207 3878 illis
1230 3833 1330 3899 agere
1361 3812 1417 3878 ubi

237 3939 277 4003 de
300 3941 371 4006 aliis
394 3943 505 4026 pesnis
535 3948 651 4027 agunt;
682 3961 702 4006 a
732 3962 794 4026 quo
817 3947 950 4028 peccato
981 3959 1085 4024 neque
1115 3941 1183 4024 ipse
1215 3937 1418 4004 D’Annibele

239 4065 388 4130 immunis
412 4070 469 4129 est.
488 4065 593 4130 Locus
616 4067 765 4151 proprius
788 4065 1066 4151 irregularitatum
1090 4063 1187 4129 estin
1210 4065 1351 4128 tractatu
1375 4062 1418 4128 de

239 4187 378 4266 Ordine;
402 4191 493 4255 sicuti
517 4191 607 4256 locus
630 4192 780 4276 proprius
803 4190 1116 4276 impedimentorum·
1130 4186 1416 4253 matrimonialium

238 4320 342 4382 estin
365 4323 506 4384 tractatu
529 4317 569 4382 de
592 4319 794 4382 matrimonio
810 4339 842 4381 r.
868 4319 911 4383 At
933 4335 1013 4401 pace
1044 4313 1083 4380 cl.
1108 4317 1279 4395 Auctoris,
1303 4312 1417 4378 adver·

239 4441 370 4508 tendum
394 4447 453 4524 est,
482 4440 741 4526 irregularitates
770 4437 902 4506 effectus
932 4439 1055 4506 habere
1085 4459 1124 4504 re
1152 4439 1223 4526 ipsa
1252 4437 1417 4524 poenales,
