3266 5102
313 270 377 336 130
832 291 917 338 runs
942 292 964 338 1.

309 431 405 494 quum
422 413 589 496 suspensio
605 416 637 476 et
652 411 857 476 interdictum
870 431 935 476 non
947 419 1080 478 arceant
1094 433 1114 478 a
1130 415 1365 489 communione,
1378 415 1444 481 sed
1461 414 1514 480 ab

308 537 465 602 exercitio
488 537 541 601 rel
564 539 660 602 totius
684 539 853 603 ministerii
877 538 1105 613 sacerdotalis,
1130 541 1182 606 vel
1207 543 1345 607 alicuius
1371 543 1511 627 partis;

307 666 362 726 aut
377 681 396 725 a
411 663 665 746 partecipatioue
682 669 713 726 et
729 684 788 727 usu
804 664 986 729 huiusmodi
1001 664 1170 730 bonorum,
1196 665 1421 741 Quamobrem
1444 686 1511 730 ex-

307 789 551 852 communicatio
567 789 750 855 secumtulit
765 809 847 875 pene
863 790 996 854 exilium
1011 790 1051 856 ab
1075 792 1143 875 ipso
1167 795 1330 857 consortio
1346 789 1509 858 fidelium

306 913 403 978 etiam
426 913 462 977 in
486 913 655 992 humanis
687 914 762 995 quia
785 914 818 976 in
845 911 984 986 homine,
1017 915 1203 979 societatem
1236 915 1322 998 quod
1353 922 1508 1002 spectat,

305 1034 407 1101 scindi
430 1056 495 1100 non
518 1041 623 1122 potest
645 1035 784 1100 conditio
808 1036 946 1100 hominis
962 1057 982 1099 a
997 1037 1152 1121 qualitate
1168 1038 1354 1103 christiani:
1377 1043 1413 1103 at
1435 1040 1508 1104 hic

305 1161 517 1225 censurarum
541 1181 616 1225 usus
639 1181 704 1225 non
728 1181 856 1246 semper
886 1160 1021 1246 publicis
1053 1162 1196 1228 moribus
1231 1169 1381 1248 receptus
1410 1163 1505 1239 iuit;

304 1291 344 1355 et.
358 1306 533 1372 progressu
557 1290 706 1356 aetatum
725 1305 790 1350 non
813 1287 949 1370 amplius
973 1287 1139 1372 respoudit
1161 1289 1353 1373 populorum
1370 1286 1419 1376 (l)
1445 1289 1505 1354 in-

304 1411 410 1496 genio.

394 1535 501 1609 Quare
526 1535 631 1600 Coust.
660 1537 751 1600 «Ad
773 1535 965 1602 evitanda»
992 1536 1125 1602 Martini
1148 1537 1181 1601 V
1205 1533 1311 1602 effecti
1345 1543 1420 1603 sunt
1441 1541 1502 1603 vi-

301 1661 390 1726 tandi
413 1667 537 1727 tantum
573 1663 595 1726 ii
626 1663 680 1745 qui
712 1679 850 1726 censura
881 1667 990 1728 essent
1018 1664 1120 1727 notati
1151 1682 1198 1728 em
1225 1664 1391 1730 sententia
1415 1665 1498 1730 teta

299 1786 503 1852 nominatim
518 1799 560 1852 ac
575 1787 781 1851 (teruncium
796 1786 988 1869 specialiter
1000 1791 1031 1852 ct
1045 1805 1218 1869 cmpresse.
1237 1823 1255 1836 ·
1272 1789 1362 1853 Leia
1376 1793 1494 1854 autem

301 1910 419 1976 dicitur
448 1911 608 1974 sententia
636 1909 763 1992 quando
795 1929 815 1973 a
845 1909 949 1975 iudice
980 1916 1183 1995 competente
1213 1887 1323 1976 fertur
1346 1915 1495 1980 servatis

301 2034 423 2120 regulis
446 2034 662 2120 procedurae:
688 2039 720 2098 et
742 2034 855 2119 plectit
878 2034 1016 2118 aliquem
1033 2035 1087 2100 vel
1109 2033 1167 2100 sub
1192 2036 1259 2100 eius
1283 2037 1492 2104 nominaret

299 2159 363 2223 alia
393 2159 621 2243 aequipollenti
651 2159 903 2224 demostratione
932 2157 1156 2244 significatum,
1174 2179 1233 2224 seu
1255 2161 1465 2226 nominatim
1473 2182 1491 2244 ,-

299 2283 526 2348 (denunciatur
546 2303 626 2346 vero
657 2301 754 2366 quum
786 2284 819 2347 in
848 2283 920 2348 loco
952 2281 1079 2367 publico
1111 2282 1217 2348 editur
1248 2285 1409 2349 sententia
1443 2304 1489 2349 eo

298 2405 433 2470 consilio
448 2410 484 2469 ut
498 2424 609 2470 omnes
624 2405 735 2469 taliter
750 2410 957 2470 censuratum
980 2404 1109 2471 evitent.
1128 2405 1291 2481 Quocirca
1316 2425 1488 2506 quousque

297 2529 380 2594 haec
403 2532 563 2594 sententia
586 2549 651 2592 non
676 2535 724 2594 est
748 2532 818 2594 lete
842 2535 875 2594 et
897 2529 1102 2596 denunciata
1119 2529 1172 2594 vel
1197 2532 1230 2594 in
1253 2531 1334 2596 locis
1356 2532 1391 2594 in
1415 2533 1486 2615 qui·

296 2653 357 2718 bur
374 2655 553 2739 ignoratur,
571 2655 641 2738 quis
665 2674 729 2718 non
753 2658 906 2719 censetur
928 2659 1119 2719 censuratus
1146 2655 1306 2722 citandus
1333 2657 1484 2738 quamvis

295 2781 337 2844 sit
361 2781 515 2843 notorius.
533 2779 639 2845 Ceteri
663 2798 783 2851 omnes,
806 2780 859 2862 qui
882 2778 1062 2844 huiusmodi
1085 2781 1246 2844 sententia
1269 2799 1334 2844 non
1358 2779 1484 2844 denun-

295 2907 432 2986 ciantur,
450 2906 613 2969 censurati
637 2909 712 2968 sunt
728 2903 869 2970 tolerati.
894 2903 956 2969 Sed
980 2905 1142 2970 Martinus
1165 2903 1193 2966 V
1221 2904 1357 2969 sollicite
1381 2905 1480 2979 cavit,

294 3049 330 3094 se
353 3029 471 3094 exinde
495 3035 684 3094 censuratus
706 3030 796 3095 nolte
819 3030 856 3094 ia
879 3029 994 3113 atiquo
1017 3030 1175 3095 redamari
1198 3049 1261 3096 nec
1275 3029 1324 3095 eis
1340 3048 1481 3114 quomo

293 3154 417 3221 delibet
446 3155 644 3240 suffraqeri.
670 3154 831 3228 Quocirca
860 3173 902 3218 ex
934 3155 997 3219 hac
1020 3155 1128 3221 (toust.
1153 3155 1318 3220 censurati
1344 3154 1481 3221 tolerati

293 3279 416 3343 nullum
448 3281 497 3344 ius
519 3278 627 3364 adepti
652 3283 734 3358 sunt,
759 3278 814 3343 sed
838 3275 984 3344 fidelibus
1008 3279 1095 3343 facia
1123 3284 1174 3345 est
1196 3279 1334 3344 facultas
1366 3277 1479 3343 utendi

293 3403 526 3474 communione,
543 3421 642 3486 opera
665 3401 718 3466 vel
742 3401 921 3466 ministerio
945 3407 1192 3468 censuratorum
1215 3403 1313 3467 etiam
1339 3401 1377 3466 in
1393 3401 1478 3468 dici·

291 3529 354 3601 πίε,
381 3529 480 3593 veluti
493 3528 630 3614 petendo
654 3535 859 3594 sacramenta
877 3529 930 3594 vel
954 3530 987 3592 in
1012 3530 1130 3594 ceteris
1146 3549 1201 3595 eos
1216 3529 1367 3595 habendo
1383 3531 1476 3614 quasi

290 3672 356 3717 nou
380 3658 577 3718 censuratus.
595 3653 725 3718 Exinde
748 3654 876 3718 tolerati
895 3651 1019 3717 nullum
1042 3655 1091 3719 ius
1114 3653 1237 3719 habent
1251 3653 1363 3719 utendi
1379 3653 1475 3720 bonis

379 3881 418 3952 (Ι)
439 3880 512 3945 lude,
532 3897 580 3949 per
605 3897 649 3946 se,
675 3897 724 3935 seu
750 3885 857 3936 remoto
882 3881 1021 3946 scandalo,
1042 3885 1158 3935 nonest
1179 3879 1352 3950 prohibitum
1377 3882 1475 3937 audire

290 3986 404 4040 lllissem
423 3985 580 4040 Sacerdotis
599 3989 727 4058 suspensi
751 3987 872 4054 vitandi3
897 3986 944 4041 sed
970 3989 1048 4042 nefas
1073 3993 1116 4041 est
1139 3988 1165 4041 ei
1185 3987 1301 4040 Missam
1319 3987 1474 4054 inservire;

288 4093 354 4162 quia
373 4113 390 4146 n
409 4096 600 4146 comnrunz'one
626 4093 785 4148 Sacerdotis
809 4093 934 4162 suspensi
960 4107 1016 4146 non
1039 4110 1174 4148 arcemur.
1200 4093 1472 4160 Excommunicatio,

288 4198 389 4268 quippe
408 4203 486 4253 arcet
504 4217 520 4253 a
538 4200 732 4254 communione
756 4201 842 4255 etiam
866 4202 896 4253 in
918 4201 1062 4266 humenis,
1082 4201 1156 4270 parit
1180 4201 1296 4254 effectus
1322 4202 1420 4268 exilii5
1442 4203 1472 4256 et

288 4300 340 4354 hoc
358 4304 521 4371 recognovit
534 4304 576 4356 ius
590 4303 731 4374 publicum
745 4303 836 4370 civile,
850 4305 934 4360 etium
948 4309 1074 4374 tempore
1087 4304 1169 4358 Conc.
1180 4303 1266 4370 Tria,
1278 4321 1340 4376 ανρ.
1356 4321 1417 4376 cap.
1432 4303 1470 4358 19

287 4411 323 4464 de
341 4414 395 4480 ref.
415 4425 481 4464 sess,
501 4413 554 4463 25.
