3202 5104
503 335 546 381 33
572 333 725 380 senioris
751 335 792 380 33
817 333 936 380 sosius
1241 313 1308 382 285

223 457 345 522 Verum
368 475 386 521 3
410 462 534 530 contra,
558 462 649 522 actus
678 459 829 526 sustineri
853 456 949 523 debet
979 476 1143 541 quousque
1170 457 1211 522 de
1239 459 1308 523 eius

128 583 276 650 nullitate
299 583 467 648 evidenter
483 603 547 648 non
563 588 703 658 constet;
728 587 760 648 et
784 585 816 648 in
840 584 947 669 specie
964 580 1195 648 beneficiorum
1213 584 1307 648 colla-

124 710 232 774 tiones
255 715 346 774 ratae
363 706 524 774 habentur
547 710 607 774 nisi
625 707 730 774 nullas
746 714 779 774 et
794 709 907 774 inanes
927 729 998 774 esse
1014 708 1218 782 decernatur,
1236 729 1305 795 arg.

125 853 151 898 c.
169 854 197 899 c.
215 834 248 898 6.
265 834 316 900 De
339 851 482 902 concess.
504 833 621 917 praed.
646 833 723 900 136
746 831 821 919 (111,
837 833 881 920 7),
905 833 927 898 2
951 833 1003 900 De
1027 833 1203 900 haereticis
1225 834 1308 900 136

124 959 182 1040 (V,
207 959 252 1044 2),
277 961 341 1026 etl
368 959 427 1044 §2
450 960 500 1026 De
524 959 704 1027 bornieidio
728 960 766 1025 in
789 960 812 1024 6
834 960 891 1042 (V,
913 960 957 1046 4).
980 996 998 1007 -
1024 963 1173 1026 Iamvero
1197 965 1306 1027 textus

124 1081 307 1147 decernens
333 1087 389 1148 aut
412 1082 591 1154 declarans,
617 1083 650 1146 in
675 1083 870 1152 universum.
896 1082 1095 1168 irregulares
1128 1101 1198 1146 esse
1222 1082 1307 1148 1333-

125 1231 222 1296 paces
238 1208 465 1276 heneficiorum
483 1229 560 1275 sane
577 1229 641 1274 uon
657 1208 805 1275 habetur.
822 1208 979 1292 Equidem
996 1209 1221 1292 irregularitas
1241 1229 1305 1274 non

124 1343 172 1403 est
195 1339 328 1423 proprie
352 1336 587 1408 inhabilitans.
618 1335 674 1401 sed
710 1341 759 1400 est
790 1331 1071 1418 impedimentum
1101 1333 1141 1399 ad
1177 1334 1307 1400 ordines

123 1461 357 1546 suscipiendos
384 1497 401 1509 -
426 1462 548 1526 Textus
578 1481 658 1526 vero
682 1459 889 1525 Tridentinus
914 1495 932 1508 ·
956 1477 1034 1526 3333.
1058 1457 1115 1532 m,
1141 1479 1166 1520 c.
1193 1459 1232 1532 7,
1256 1459 1307 1526 De

123 1585 186 1666 ref.
215 1621 233 1634 -
260 1587 287 1652 si
311 1588 407 1651 etiam
431 1585 633 1671 intelligatur
656 1585 835 1650 decernere
867 1584 977 1650 irritas
1001 1589 1033 1648 et
1055 1583 1160 1650 nullas
1190 1582 1307 1650 beneti-

123 1711 248 1776 ciorum
282 1710 479 1790 mutationes,
504 1709 587 1793 qudd
614 1713 722 1774 tamen
752 1728 901 1774 asserere
936 1727 1001 1772 non
1034 1706 1131 1772 audet
1155 1707 1207 1772 vel
1239 1708 1306 1792 ipse

123 1833 246 1898 Suarez
272 1833 292 1898 1.
319 1853 345 1898 3.
368 1831 404 1904 2,
429 1830 489 1904 32,
514 1832 577 1896 hoc
600 1837 723 1917 spectat
746 1830 913 1896 dunstaxat
942 1831 989 1896 ad
1013 1829 1218 1896 homicidam
1249 1847 1305 1894 vo-

133 1957 337 2024 luntarium.
363 1993 377 2004 -
409 1957 504 2022 Alter
533 1977 612 2021 vero
643 1962 772 2038 tentus,
800 1975 878 2022 sess.
904 1955 970 2036 22,
998 1973 1072 2038 cap.
1097 1954 1137 2026 4,
1162 1954 1211 2019 De
1234 1951 1297 2035 ref.

133 2105 197 2150 uon
223 2089 331 2170 potest
353 2085 489 2170 intelligi
522 2090 556 2150 ut
584 2083 691 2152 iubeat
719 2087 866 2170 rigorose
898 2084 1104 2149 collationum
1127 2082 1305 2148 nullitatem

123 2212 239 2297 quippe
263 2212 375 2296 exigit,
400 2211 600 2296 provisiones
616 2207 846 2276 beneficiorum
863 2216 895 2274 et
910 2207 1091 2274 officiorum
1115 2206 1191 2273 fleri
1211 2208 1305 2276 bubi-

124 2335 213 2402 iibms
236 2355 294 2400 seu
318 2333 548 2422 dignioribus:
571 2333 626 2400 sed
657 2335 730 2418 quis
760 2333 861 2416 dicet,
894 2333 998 2398 nullas
1030 2352 1101 2397 esse
1125 2331 1304 2396 huiusmodi

126 2460 316 2526 collationes
347 2461 449 2526 iactas
478 2461 626 2546 personis
660 2461 764 2524 minus
794 2460 918 2525 idoneis
952 2463 1007 2522 aut
1041 2459 1146 2523 minus
1181 2455 1306 2542 dignis?

123 2587 210 2671 Ergo
235 2585 295 2650 1113
311 2584 406 2650 dictio
433 2585 568 2652 «imita
584 2585 627 2651 sit
638 2585 825 2669 provisio»
852 2583 1058 2670 intelligenda
1082 2590 1130 2650 est
1154 2590 1188 2649 ut
1212 2584 1305 2648 irrita

122 2707 176 2774 fiat
196 2710 339 2794 provisio
362 2728 418 2775 seu
443 2709 647 2775 rescindatur
664 2730 723 2794 per
739 2709 851 2775 iudicis
867 2709 1068 2790 senteutiam,
1085 2709 1190 2793 prouti
1209 2725 1302 2770 casus

123 2824 219 2900 ierat.
245 2835 350 2910 Quum
374 2837 458 2900 enim
483 2835 525 2900 ibi
549 2835 696 2902 videatur
728 2836 873 2902 invocari
906 2832 1044 2899 officium
1075 2833 1205 2914 iudicis,
1229 2833 1304 2899 heio

123 2961 208 3045 viget
224 2980 330 3047 poena
350 2960 427 3042 fer„
444 2963 587 3028 333131.
604 2963 797 3036 sententiae,
818 2967 851 3027 et
869 2962 902 3024 in
923 2959 1017 3025 dubio
1033 2959 1116 3044 quod
1134 2960 1237 3024 minus
1254 2963 1303 3024 est

124 3089 237 3151 tenere
261 3085 430 3161 debemus3
456 3087 579 3152 scilicet
602 3087 791 3152 collationes
814 3107 885 3152 esse
908 3086 1042 3152 illicitas
1066 3085 1121 3151 sed
1147 3104 1212 3151 non
1235 3086 1303 3170 ipso

123 3209 194 3275 iure
216 3209 346 3274 imitas.
371 3245 384 3256 -
409 3209 506 3276 Cuius
530 3209 696 3276 doctrinae
719 3211 863 3296 practica
879 3212 1081 3275 consectaria
1104 3211 1186 3275 haec
1210 3217 1302 3276 sunt:

260 3335 290 3422 1)
316 3337 384 3402 Non
415 3335 515 3402 licere
547 3336 782 3421 irregularibus
815 3335 967 3400 conferre
998 3333 1169 3409 beneficia,
1199 3355 1303 3420 neque

125 3461 326 3545 irregulares
348 3464 444 3548 culpa
466 3481 586 3527 vacare
609 3461 765 3528 beneficia
793 3463 910 3527 collata
934 3463 1161 3548 suscipientes;
1186 3463 1303 3548 quippe

126 3584 230 3652 obstat
252 3587 307 3652 lex
331 3589 496 3653 canonica.

256 3711 289 3796 2)
313 3711 417 3786 Quum
442 3731 519 3777 vero
545 3709 703 3778 beneficia
727 3712 845 3777 collata
868 3713 993 3778 luerint
1008 3712 1192 3798 irregulari,
1217 3718 1303 3776 mota

123 3838 306 3918 quaestione
330 3855 371 3900 an
395 3836 523 3901 collatio
546 3837 654 3901 valida
678 3839 727 3909 sit,
754 3837 836 3902 haee
868 3836 1065 3902 declaranda
1097 3842 1181 3900 esset
1209 3837 1304 3901 irrita

123 3963 381 4044 quotiescumque
405 3961 541 4027 collator
565 3961 736 4049 ignorabat
765 3962 919 4026 clericum
947 3959 1031 4025 affici
1058 3959 1300 4045 irregularitate

125 4086 174 4150 vel
197 4087 273 4170 quie
303 4087 335 4150 in
367 4085 516 4172 precibus
548 4087 710 4172 explicata
742 4105 805 4149 non
836 4085 897 4150 fuit
927 4085 978 4149 sel
1010 4105 1074 4148 non
1103 4086 1180 4150 satis
1212 4086 1301 4151 clare

124 4229 292 4295 expressa;
319 4232 434 4297 nempe
457 4211 496 4277 ob
520 4213 633 4277 vitium
650 4212 847 4296 obreptionis
863 4212 914 4276 rel
930 4209 1147 4296 subreptionis
1172 4212 1205 4274 in
1228 4231 1299 4297 pre-

125 4335 213 4403 cibus
234 4343 268 4404 et
288 4338 416 4424 planum
442 4343 499 4403 est.
518 4337 634 4412 -Quid
658 4338 737 4402 iuris
761 4338 789 4401 si
813 4337 950 4400 collator
973 4338 1118 4421 quamvis
1141 4336 1301 4422 irregula-

125 4462 245 4528 ritatem
276 4468 477 4550 perspectam
508 4462 654 4536 haberet‚
680 4463 781 4527 nihilo
808 4464 913 4528 secius
940 4460 1132 4528 beneficium
1163 4463 1298 4530 contidit
