3290 5100
298 288 366 356 506
828 311 912 358 rxns
937 309 960 356 1.

298 433 465 498 mandata
483 453 695 517 procurare,
721 435 822 502 edere
848 434 990 502 obnoxia
1021 440 1098 502 sunt
1124 455 1285 500 censurae
1316 441 1485 520 postquam

299 556 483 622 mandatum
515 558 635 622 editum
667 564 699 623 et
729 556 1057 634 denunciatum-est,
1089 567 1189 644 atque
1211 565 1298 644 post
1331 555 1485 624 effectum

298 685 443 747 secutum
467 702 524 747 seu
548 687 714 768 postquam
739 685 918 769 oppositum
946 682 1048 750 luerit
1077 682 1360 766 impedimentum
1384 703 1485 748 exer·

298 807 374 870 citio
406 806 654 874 iurisdictionis:
678 807 836 892 siquidem
859 807 943 872 haec
975 827 1115 874 censura
1146 807 1212 872 lata
1231 813 1293 872 est
1314 807 1353 872 in
1374 809 1487 890 impe·

298 931 436 998 dientes.

388 1057 500 1124 Edere
523 1058 748 1143 intelliguntur
771 1059 824 1143 qui
839 1059 1024 1124 mandatum
1040 1079 1100 1126 sua
1114 1060 1309 1126 auctoritate
1329 1057 1484 1125 condunt.

298 1178 479 1266 perficiunt,
504 1202 567 1247 non
592 1182 729 1256 scribae,
753 1202 819 1249 non
851 1202 1041 1270 praecones,
1066 1185 1120 1268 qni
1151 1182 1235 1248 istud
1253 1187 1407 1252 ,exarant
1430 1181 1486 1246 vel

297 1306 331 1369 in
354 1303 517 1391 publicum
541 1305 719 1392 divulgant.

391 1431 531 1514 Denique
547 1430 600 1516 qui
617 1434 811 1512 recurrunt,
828 1432 883 1515 qui
898 1431 1068 1497 umectata
1086 1429 1191 1496 edunt
1205 1449 1378 1496 censuram
1395 1449 1483 1494 com-

297 1553 427 1618 mittunt
461 1574 556 1638 quum
592 1553 654 1620 hoc
685 1559 852 1640 praestant
883 1553 924 1618 ad
955 1554 1191 1640 impediendam
1225 1553 1483 1621 iurisdictionem

297 1677 435 1753 eccles.;
459 1679 575 1762 quippe
599 1677 625 1742 si
650 1697 820 1742 recursum
844 1676 987 1742 habeant
1009 1675 1052 1742 ad
1075 1653 1311 1742 sollicitandam
1337 1677 1483 1741 Praelati

297 1802 505 1888 diligentiam,
530 1801 571 1868 ad
595 1802 830 1888 expeditiorem
857 1803 978 1888 negotii
1011 1803 1204 1868 solutionem
1229 1822 1294 1868 non
1318 1809 1368 1867 est
1388 1803 1484 1868 locus

296 1949 473 2006 censurae;
497 1929 550 1994 vel
574 1931 600 1994 si
618 1929 879 2015 impedimentum
896 1934 1050 2015 sequatur
1062 1949 1130 2013 per
1145 1949 1362 2014 consequens,
1380 1930 1482 1995 veluti

296 2053 371 2118 dum
387 2053 458 2137 quis
474 2071 646 2137 personum
664 2054 812 2140 Episcopi
830 2055 1046 2139 persequitur,
1063 2055 1151 2119 hunc
1168 2057 1315 2119 removet
1329 2051 1370 2116 ab
1388 2073 1484 2118 exer-

296 2177 371 2244 citio
395 2197 473 2243 suae
496 2177 736 2243 iurisdictionis.

386 2303 530 2386 Denique
561 2301 681 2367 diversi
712 2297 846 2367 effectus
879 2321 958 2385 quos
989 2301 1048 2366 sibi
1079 2321 1284 2387 praeponere
1310 2302 1400 2367 valet
1426 2304 1483 2386 qui

295 2426 522 2512 impedimenta
555 2428 652 2492 struit
681 2428 841 2492 exercitio
876 2425 1108 2492 iurisdictionis
1138 2427 1255 2492 eccles.
1287 2428 1333 2490 ita
1363 2447 1482 2492 recen·

295 2557 409 2618 sentur
438 2569 458 2615 a
482 2549 680 2616 D'Annibale
707 2551 835 2618 Comm.
866 2551 917 2618 cit.
942 2571 978 2617 m.
1002 2550 1060 2618 58.
1089 2551 1215 2619 «Sunt
1244 2552 1353 2637 igitur,
1381 2553 1414 2616 1ο
1438 2571 1483 2616 ne

295 2673 376 2741 fiant
399 2695 437 2740 ea
460 2692 542 2759 quae
565 2675 717 2760 propriae
747 2674 977 2742 iurisdictionis
1009 2682 1100 2752 sunt;
1125 2671 1160 2742 2⁰
1183 2695 1226 2741 ne
1249 2676 1337 2741 facta
1363 2695 1483 2741 execu-

294 2801 373 2867 tioni
397 2799 640 2874 demandentur,
665 2797 700 2866 3⁰
717 2805 751 2866 ut
767 2821 848 2885 quae
864 2803 1049 2868 executioni
1066 2801 1218 2866 mandata
1239 2800 1363 2876 fuerint
1387 2819 1482 2864 rere

295 2931 458 2992 centur».
483 2924 595 2999 Quoad
613 2926 781 3009 primum,
814 2926 904 2992 nulla
935 2924 1127 3002 difficultas3
1152 2924 1481 3010 quemamodum,

294 3049 424 3116 celebre
441 3055 490 3118 est
512 3050 696 3136 exemplum
711 3049 937 3135 appellationis
960 3049 1004 3116 ab
1027 3049 1139 3116 abusu
1158 3050 1211 3114 rel
1231 3069 1299 3130 per
1321 3049 1481 3130 abactam,

293 3195 358 3261 qua
380 3197 400 3240 a
422 3175 526 3241 iudice
550 3177 666 3241 eccles.
683 3175 866 3260 appellatur
883 3175 923 3240 ad
940 3174 1077 3240 iudicem
1102 3175 1305 3240 saecularem
1328 3174 1369 3239 ad
1393 3174 1483 3242 illius

294 3299 426 3367 decreta
448 3299 650 3386 impedienda
665 3307 721 3364 aut
736 3297 940 3380 revocanda3
964 3299 1068 3383 quoad
1085 3299 1223 3364 tertium
1247 3319 1302 3364 res
1326 3297 1482 3384 expedita

294 3447 359 3492 non
391 3432 448 3492 est.
478 3424 639 3510 Siquidem
670 3443 735 3489 non
766 3426 966 3490 conveniunt
995 3425 1060 3490 DD.
1093 3429 1288 3509 quaerentes
1318 3424 1481 3508 quomodo

293 3551 393 3637 possit
416 3550 479 3616 dici
502 3549 659 3635 impedire
685 3550 877 3615 exercitium
908 3547 1138 3614 iurisdictionis
1162 3548 1218 3614 ille
1241 3550 1294 3633 qui
1319 3547 1421 3616 efficit
1444 3554 1481 3614 ut

292 3683 367 3744 acta
389 3675 620 3743 iurisdictionis
635 3677 697 3739 iam
715 3675 881 3740 exercitae
897 3680 1104 3740 revocentur.
1124 3710 1141 3723 -
1160 3673 1377 3741 Nihilominus
1397 3695 1478 3740 non·

292 3803 373 3868 nulli
404 3799 683 3866 indiscriminatim
715 3795 887 3872 affirmant,
915 3797 1063 3884 impediri
1095 3798 1348 3864 iurisdictionem
1375 3819 1397 3863 a
1418 3819 1480 3864 suo

291 3928 388 4014 pleno
404 3927 561 3992 exercitio
585 3923 658 3989 dum
675 3925 743 3988 eius
761 3927 834 3990 acta
850 3925 999 3988 revocari
1017 3929 1188 4010 coguntur,
1205 3928 1238 3990 et
1253 3907 1331 3988 hin'c
1352 3924 1480 3989 incurri

291 4070 421 4136 semper
444 4069 615 4116 censuram
630 4045 670 4112 ab
687 4047 725 4111 iis
742 4046 795 4130 qui
819 4045 965 4112 obtinent
981 4047 1132 4112 revocari
1152 4053 1226 4113 acta
1245 4046 1481 4112 iurisdictionis

291 4177 419 4251 eccles,
445 4177 490 4240 ita
513 4175 687 4239 Filiuccius
712 4171 842 4244 Quaest.
859 4173 956 4255 XVI,
984 4193 1016 4239 n.
1033 4173 1113 4240 281.
1138 4173 1201 4240 Sed
1223 4174 1279 4239 alii
1298 4179 1423 4259 negant
1447 4179 1481 4240 et

292 4301 412 4377 verius,
437 4300 498 4365 nisi
521 4305 637 4384 agatur
661 4298 701 4365 de
724 4298 805 4364 actis
829 4316 911 4382 quae
935 4298 1065 4383 aliquod
1084 4300 1259 4384 exquirant
1280 4300 1479 4365 exercitium

292 4425 523 4493 iurisdictionis
547 4424 586 4490 ad
610 4425 752 4491 ultimam
777 4429 925 4492 actorum
951 4427 1191 4502 executionem
1216 4424 1316 4491 ueluti
1343 4424 1378 4492 in
1403 4446 1480 4492 cen-
