3160 5104
547 320 753 368 inanescunt
777 320 824 369 rv.
1209 303 1277 370 565

95 442 168 497 salis
180 440 369 512 inquisitionis
388 441 421 496 de
440 441 651 512 proscribendis,
666 441 712 498 vcl
731 443 903 498 dimittendis
922 442 1002 498 libris
1020 443 1199 510 deliberetur,
1213 461 1277 500 cum

95 551 237 608 neminem
257 553 346 608 latere
365 558 503 624 putamus,
521 557 581 608 tum
594 555 710 624 nosipsi
725 551 806 622 plane
820 553 987 620 pespectnm,
1002 565 1035 603 ac
1047 549 1180 604 diuturna
1194 567 1278 620 expe·

94 658 201 714 rientia
219 665 392 730 compertum
414 660 563 728 habemus3
582 677 647 716 nam
665 661 695 714 in
713 657 867 714 minoribus
885 657 1041 723 constituti,
1058 657 1091 712 de
1110 656 1189 711 libris
1208 674 1277 714 non·

95 763 184 819 nullis
208 750 244 818 in'
262 781 296 820 ea
321 783 467 821 censuram
493 766 623 832 tulimus,
648 770 677 820 et
702 763 870 819 consultoris
895 763 1018 818 eiusdem
1043 763 1277 833 Congregationia

95 884 213 924 munere
230 869 276 923 diu
296 871 434 939 perfuncti
452 887 560 937 sumus3
578 878 718 941 postremo
743 871 817 924 inter
841 873 954 923 sauctae
979 884 1109 926 romanae
1134 868 1277 924 Ecclesiae

92 975 260 1030 cardinales
284 978 417 1046 cooptati,
441 977 616 1050 Inquisitoris
641 977 781 1047 generalis
804 977 896 1031 locum
920 976 949 1030 iu
973 992 1007 1032 ea
1031 977 1217 1040 obtinuimus,
1242 992 1276 1030 ae

93 1081 208 1136 demum
227 1083 262 1136 ad
280 1083 471 1152 Apostolicam
489 1084 597 1151 Sedem,
616 1085 723 1140 meritis
742 1083 809 1139 licet
827 1084 988 1152 imparibus,
1007 1082 1107 1148 erecti,
1120 1098 1175 1137 non
1194 1082 1276 1137 modo

91 1205 244 1244 censorum
262 1191 515 1247 animadversiones
527 1192 556 1247 in
568 1191 655 1247 libros
674 1189 822 1246 nonnullos
840 1189 990 1262 aliquando
1008 1189 1112 1260 legere,
1126 1206 1158 1243 ac
1176 1189 1277 1259 ponde·

94 1309 169 1360 rare,
189 1295 236 1350 sed
260 1297 346 1352 etiam
365 1299 394 1352 in
413 1297 692 1370 Gongregationibus,
711 1315 790 1370 quae¹
806 1297 924 1369 singulis
948 1299 1026 1353 feriis
1050 1299 1156 1370 quintis
1180 1314 1274 1352 coram

94 1402 177 1456 uobis
201 1400 354 1470 habentur,
381 1403 570 1459 Cardinalium
597 1405 751 1461 sententiaa
778 1406 864 1474 atque
891 1404 1037 1473 suffragia,
1065 1408 1214 1474 antequam
1243 1403 1277 1460 de

91 1506 193 1562 iisdem
218 1506 299 1562 libris
326 1509 392 1580 quid
418 1509 599 1576 decernetur,
624 1510 734 1578 audire,
760 1515 788 1565 ot
813 1509 942 1580 excipere
969 1509 1169 1564 consuevimus.
1195 1509 1275 1563 Haud

92 1611 211 1666 minoris
234 1612 399 1684 diligentiae
423 1616 614 1670 testimonium
639 1618 712 1672 ferre
737 1632 890 1686 possumus,
914 1615 1038 1687 adeoque
1063 1615 1202 1680 debemus,
1224 1629 1275 1683 pro

91 1719 187 1774 altera
205 1719 430 1793 congregatione
449 1722 558 1790 Indicis,
577 1725 620 1779 cui
640 1722 812 1793 generaliter
830 1723 974 1790 incumbit,
995 1728 1127 1794 utsupra
1146 1723 1274 1789 diximus,

90 1821 131 1875 de
148 1823 309 1893 quorumvis
327 1824 462 1880 librorum
488 1827 688 1896 proscriptione
713 1826 869 1882 decernere.
891 1825 960 1880 Dum
979 1826 1054 1881 enim
1073 1826 1101 1879 in
1120 1826 1276 1880 minoribus

93 1943 278 1994 versaremur,
299 1947 362 1986 cum
379 1931 471 2002 primi,
489 1938 549 1988 tum
568 1933 681 1989 secundi
700 1934 830 1998 censoris,
851 1949 899 1989 seu
919 1931 1049 1987 relatoris
1064 1931 1184 1986 officium
1198 1932 1226 1984 in
1240 1948 1274 1986 aa

90 2037 319 2109 Congregatione
338 2057 393 2095 non
412 2040 498 2096 semel
517 2040 669 2108 obicimus,
682 2058 716 2098 ex
729 2058 784 2113 quo
797 2045 890 2097 antem
904 2057 1061 2110 supremum
1077 2040 1275 2095 Pontificatum
1359 2032 1361 2036 ’

92 2145 227 2214 gerimus,
245 2147 350 2202 nullius
369 2146 435 2202 libri
453 2149 683 2218 proscriptionem
703 2155 764 2203 rata
782 2147 939 2213 habuimus,
958 2147 1010 2201 nisi
1030 2147 1125 2201 audito
1147 2147 1273 2216 Congre-

93 2251 218 2320 gatiouis
242 2255 402 2320 secretario,
421 2255 468 2326 qui
487 2254 552 2310 libri
573 2256 733 2322 materiam,
753 2242 905 2310 reuisurum
925 2271 1064 2319 censuras,
1083 2253 1273 2308 cardinalium

90 2358 206 2426 iudicia,
226 2366 255 2415 et
272 2361 407 2430 suffragia
425 2367 556 2418 accurate
574 2363 654 2418 nobis
673 2367 832 2433 exponeret

185 2469 246 2533 §2
268 2467 321 2524 Sed
345 2469 477 2540 quoniam
502 2474 673 2539 compertum
698 2474 742 2526 est
766 2470 854 2535 nobis,
872 2475 957 2541 atque
975 2467 1150 2538 exploratum
1170 2466 1274 2521 multas

93 2575 229 2629 librorum
241 2575 465 2645 proscriptiones,
475 2577 638 2646 praesertim
651 2592 768 2648 quorum
782 2581 911 2631 auctores
924 2574 1055 2630 catholici
1069 2579 1143 2638 sunt,
1154 2573 1274 2644 publicis

91 2679 243 2751 aliquando
254 2681 419 2752 iniustisque
432 2680 553 2752 querelis
564 2682 591 2735 in
603 2681 846 2752 reprehensionem
857 2682 963 2748 adduci,
972 2686 1113 2752 tamquam
1124 2682 1146 2734 si
1158 2685 1273 2744 temere,

90 2803 127 2840 ac
147 2787 334 2856 perfunctorie
353 2785 382 2840 in
403 2786 589 2841 tribunalibus
615 2786 717 2840 nostris
735 2802 769 2840 ea
788 2802 831 2841 res
856 2791 1001 2857 ageretur3
1027 2801 1128 2855 operae
1153 2786 1274 2855 pretium

89 2892 237 2957 duximus,
256 2891 309 2946 hac
332 2897 428 2947 nostra
453 2898 587 2963 perpetuo
612 2894 734 2948 valitura
758 2893 977 2958 constitutione,
1003 2898 1095 2948 certas
1122 2895 1273 2964 firmasque

90 2997 206 3068 regulas
231 3015 400 3069 proponere,
424 3001 504 3054 iuxta
528 3017 596 3071 quas
619 2995 753 3071 deinceps
777 3000 911 3055 librorum
940 3017 1057 3056 examen
1084 3000 1273 3071 iudiciumque

92 3111 258 3176 peragratum
278 3108 390 3163 tametsi
410 3107 492 3178 plane
511 3107 642 3163 affirmari
666 3109 759 3178 possit,
778 3108 896 3178 idipsum
922 3108 1094 3178 iampridem,
1112 3106 1157 3162 rel
1176 3107 1272 3162 eadem

91 3227 205 3281 prorsus
225 3213 340 3281 ratione,
360 3213 405 3268 rel
425 3213 481 3268 alia
499 3213 710 3285 aequipollenti,
729 3218 890 3268 constanter
908 3218 1002 3268 actum
1022 3215 1113 3268 fuisse.

182 3320 200 3381 ἓ
219 3315 244 3370 3.
264 3317 352 3372 Porro
365 3332 495 3375 romanae
508 3317 673 3373 universalis
687 3317 877 3389 Inquisitionis
896 3317 1084 3388 congregatio
1098 3334 1132 3372 ex
1146 3317 1272 3387 pluribus

86 3425 203 3476 constat
213 3429 327 3478 sanctae
341 3440 472 3478 romanae
485 3423 627 3479 Ecclesiae
640 3423 833 3479 cardinalibus
846 3442 862 3478 a
875 3440 982 3479 summo
997 3424 1132 3479 Pontiflce
1145 3423 1274 3488 delectis,
1347 3427 1352 3434 '

84 3543 209 3598 quorum
228 3527 277 3584 alii
296 3545 392 3584 sacrae
410 3529 579 3598 theologiae,
599 3528 648 3583 alii
668 3529 794 3584 canonici
811 3530 880 3585 iuris
893 3529 1027 3594 doctrina,
1041 3529 1090 3584 alii
1103 3527 1276 3584 ecclesiasti-

86 3652 187 3690 carum
200 3653 293 3691 rerum
304 3638 413 3708 peritia,
423 3654 624 3710 munerumque
637 3655 768 3693 romanae
781 3639 875 3694 curiae
885 3639 1094 3704 exercitatione,
1107 3636 1271 3708 prudentiae

84 3743 210 3810 demum,
229 3762 261 3799 ac
280 3745 428 3814 probitatis
453 3744 543 3812 laude,
565 3746 706 3816 conspicui
732 3745 877 3801 habentur.
902 3746 952 3800 llis
971 3746 1113 3816 adiugitur
1137 3763 1209 3799 tinus
1238 3763 1274 3801 ex

89 3861 223 3902 romanae
251 3849 345 3904 curiae
373 3848 561 3918 praesulibus,
587 3866 668 3921 quern
695 3853 870 3905 assessorem
894 3854 1010 3915 vocant,
1037 3867 1108 3904 unns
1127 3851 1213 3904 etiam
1238 3866 1274 3905 ex

85 3952 193 4008 Ordine
218 3953 441 4024 praedicatorum
464 3973 559 4012 sacrae
583 3956 742 4026 theologiae
768 3957 916 4027 magister,
941 3974 1022 4028 quem
1044 3957 1270 4013 commissarium

88 4061 251 4132 appellant3
275 4065 369 4117 certus
393 4067 539 4133 praeterea
562 4063 752 4120 consultorum
778 4081 917 4132 numerus,
935 4065 983 4136 qui
1003 4082 1037 4120 ex
1056 4069 1174 4136 utroque
1196 4063 1273 4120 clero

85 4167 236 4235 saeculari,
256 4185 289 4224 ac
309 4168 431 4238 regulari
451 4175 645 4237 assumuntur3
663 4171 712 4224 alii
732 4170 843 4226 demum
862 4175 1036 4241 praestantes
1061 4171 1187 4226 doctrina
1209 4172 1275 4237 riri,

83 4274 137 4345 qui
156 4292 173 4328 a
192 4275 417 4346 congregatione
436 4277 512 4343 iussi,
531 4278 565 4333 de
583 4278 663 4333 libris
688 4295 833 4334 censuram
859 4279 1026 4343 instaurant,
1046 4279 1134 4350 iisque
1160 4279 1271 4350 qualid-

82 4385 215 4436 catorum
235 4397 336 4436 nomen
355 4381 492 4436 tributum
511 4387 561 4437 est.
581 4381 620 4438 Do
640 4383 726 4437 variis
745 4383 774 4437 in
788 4385 913 4454 praefata
929 4383 1160 4454 congregatione,
1177 4385 1269 4455 iisque
