3080 5110
327 263 393 328 424
853 285 935 334 rens
961 286 981 332 1.

324 406 445 491 desque
457 427 500 473 ex
512 428 546 473 se
562 415 654 475 natos
665 411 710 474 ita
721 429 851 496 semper
864 414 1000 482 curavit,
1015 417 1179 478 uteorum
1197 410 1358 476 infirmitati
1371 431 1448 478 anau-

325 537 377 597 ter
399 531 603 618 studioseque
628 540 750 620 parcat.

417 679 435 720 s
452 659 564 742 Itaque
579 668 705 726 matura
719 659 951 726 deliberatione
967 660 1180 745 adhibitisque
1196 661 1229 726 S.
1247 661 1283 726 R.
1297 661 1330 726 Ε.
1343 661 1450 726 Cardine·

325 781 409 849 libus
421 803 440 848 e
452 803 545 884 seem
558 785 691 850 consilio
705 785 796 851 libris
808 787 966 860 notandis,
980 785 1078 852 edere
1092 785 1234 853 Decreta
1250 786 1404 852 Geuerolio
1413 793 1451 854 su-

325 909 443 974 tuimus
459 927 547 994 quae,
564 909 788 997 infrascripta
810 931 938 996 unaque
954 931 1026 976 oum
1043 911 1105 977 hac
1120 909 1345 978 Constitutione
1363 912 1452 975 eonion·

327 1037 380 1098 cta
396 1039 487 1109 sunt;
504 1033 625 1120 quibus
640 1037 731 1102 idem
747 1055 886 1102 sumum
904 1035 1091 1103 Consilium
1102 1036 1249 1120 posthoc
1263 1041 1368 1102 ututur
1378 1035 1451 1100 uuio.

327 1155 516 1242 quibusque
538 1159 696 1226 catholici
719 1159 871 1226 borniues
894 1165 959 1226 toto
983 1158 1064 1227 orbe
1089 1160 1247 1246 reliqiose
1270 1159 1452 1242 petronutio

327 1280 397 1346 cim
413 1283 496 1368 lepis
519 1282 642 1350 itabat-e
664 1285 737 1350 solo
761 1285 927 1358 uolumus,
952 1283 1126 1370 obropatis
1150 1285 1301 1350 Reonuis
1321 1301 1453 1348 saumu-

327 1414 400 1474 ctoe
419 1407 637 1476 Tridentinae
652 1407 781 1496 Spuodi
793 1411 887 1477 iussu
898 1411 1005 1483 editis,
1019 1410 1343 1480 Oessnvsrrorueos,
1354 1405 1452 1473 lueret·

327 1551 460 1606 crioss‚
486 1534 663 1614 Decerne,
689 1533 836 1601 Mourrrs
863 1539 897 1600 et
919 1535 1032 1619 quovis
1054 1534 1118 1604 alie
1141 1534 1348 1599 Deoessorum
1362 1532 1453 1596 liostn-

328 1675 399 1721 rum
430 1656 493 1723 hac
521 1656 562 1722 de
593 1677 629 1722 re
660 1663 796 1738 statuto,
830 1661 990 1742 iussuque,
1012 1657 1079 1724 iuna
1106 1663 1248 1743 excepta
1271 1657 1454 1723 Constitutione

329 1781 494 1847 Benedicti
518 1783 601 1848 XlV
625 1781 774 1850 Sollicito
798 1793 829 1849 et
847 1783 1007 1868 prouida,
1031 1802 1127 1867 quam
1158 1785 1243 1848 sicut
1274 1781 1370 1848 adhuc
1387 1781 1454 1864 uiguit

327 1905 371 1969 ita
394 1911 427 1970 in
450 1912 614 1992 posterum
638 1909 749 1994 vigere
773 1909 933 1994 integram
957 1908 1103 1972 volumus
1119 1930 1151 1969 ›.

416 2029 492 2096 337.
516 2031 592 2098 Duo
621 2031 784 2114 faciendo
815 2031 908 2097 duxit
937 2031 1100 2104 Pontifex,
1125 2031 1181 2096 sed
1214 2031 1325 2095 horum
1353 2031 1454 2094 oltouu

327 2154 468 2222 nondum
496 2155 649 2228 absolvit,
681 2175 795 2242 nempe
826 2157 979 2224 Iudicem
1009 2155 1267 2242 dilipeutissime
1295 2153 1454 2240 recoquituu

326 2284 483 2350 noudum
498 2285 657 2370 culpavit.
674 2281 863 2350 -Alterum
880 2283 1017 2369 perfecit
1033 2283 1132 2348 edens
1147 2283 1293 2350 Domata
1310 2279 1454 2348 Generalis

327 2427 385 2474 seu
400 2427 501 2473 novas
518 2408 659 2496 ltegulas
682 2409 811 2476 Indicis.
830 2407 953 2494 quibus
975 2409 1067 2474 idem
1090 2427 1231 2474 sucum
1251 2401 1455 2474 Consiliuulib
1500 2451 1501 2510 q

326 2534 395 2594 nol.
403 2529 550 2613 posthac
563 2536 681 2596 utatur
695 2531 795 2596 unice
811 2528 882 2612 (seu
898 2529 929 2595 S.
944 2530 1043 2616 Coug.
1056 2529 1194 2609 Indicis)
1207 2527 1373 2612 quibusque
1385 2523 1456 2592 cotto

327 2654 385 2721 lici
401 2655 552 2722 bominac
568 2661 632 2723 toto
649 2654 730 2723 orbe
744 2655 902 2742 relipiose
915 2659 1070 2738 pareunt.
1087 2689 1105 2704 -
1119 2656 1251 2720 Etenim
1266 2655 1343 2719 scitu
1356 2668 1457 2716 necem

328 2783 412 2847 rium
436 2789 484 2848 est
506 2784 539 2848 in
563 2783 674 2850 Indice
691 2783 857 2849 recenseri
879 2781 980 2847 libros
995 2783 1086 2847 ouius
1102 2782 1200 2848 lectio
1225 2771 1456 2866 reprobaturum

328 2905 489 2988 quianon
513 2925 622 2971 omnes
648 2906 721 2971 libri
747 2905 940 2992 reprobandi
972 2923 1127 2990 expresse
1157 2903 1377 2990 reprobatione
1394 2893 1457 2982 plecti
1499 2939 1500 3001 q

328 3030 447 3111 valent,
459 3029 536 3096 hinc
548 3030 696 3098 conditae
712 3035 786 3096 sunt
804 3029 989 3097 &eucratas
1004 3029 1156 3115 Repulae
1168 3048 1255 3112 quae
1267 3028 1371 3092 docent
1383 3019 1457 3086 fidele

327 3175 348 3222 a
371 3153 560 3238 quibusnam
583 3155 675 3222 libris
698 3155 843 3241 legendis
866 3154 1029 3220 abstinere
1047 3155 1108 3240 ipsi
1131 3153 1281 3232 debeant,
1305 3148 1423 3235 quanvis
1437 3141 1457 3203 li
1498 3237 1499 3240 Ἴ

327 3281 404 3348 libri
420 3299 575 3366 expresse
592 3279 756 3366 reprobati
772 3299 837 3346 non
852 3279 984 3344 luerint.
1000 3277 1215 3344 Nihilominus
1232 3275 1305 3342 libri
1319 3274 1365 3358 qui
1378 3283 1457 3336 arou
1498 3253 1499 3304 l

328 3411 458 3492 petente
481 3406 673 3472 auctoritate
698 3409 910 3469 recensentur
933 3403 966 3467 in
991 3400 1102 3466 Indice
1127 3399 1288 3466 librorum
1314 3393 1457 3482 reprobatu

328 3531 486 3604 lectionis,
517 3525 839 3614 comprehenduntur
867 3528 931 3591 iarn
963 3523 1020 3628 sub
1048 3525 1156 3609 eliqua
1180 3523 1314 3612 Reputo
1344 3511 1457 3586 Gemuit

327 3651 583 3738 reprobationis:
611 3653 657 3718 ita
683 3649 835 3736 Repulue
861 3647 1045 3716 Generules
1067 3665 1124 3712 seu
1153 3647 1300 3714 Decreta
1324 3633 1455 3712 eunti
1497 3735 1498 3740 Ἰ

267 3783 270 3790 ’
330 3779 451 3845 Indicis
473 3798 509 3843 se
531 3777 652 3843 habent
674 3775 715 3841 ad
738 3773 891 3841 Iudicem.

419 3903 501 3970 Inde
531 3903 710 3987 quaesitum
741 3907 789 3966 est
812 3917 854 3964 an
877 3895 973 3964 hodie
1001 3915 1074 3963 cnm
1098 3897 1161 3962 iam
1189 3895 1296 3961 editae
1317 3895 1373 3958 sint
1391 3899 1454 3950 nout

331 4029 476 4114 Regulae
499 4026 677 4094 Generales
707 4031 742 4090 at
770 4023 911 4090 nondum
942 4021 1045 4088 editus
1068 4023 1110 4087 sit
1132 4021 1240 4086 ludex
1269 4015 1424 4103 recognitus
1437 4019 1454 4068 tt
1496 4069 1497 4104 Τ

329 4157 465 4217 exactus
487 4149 528 4216 ad
553 4168 653 4214 novas
670 4146 821 4235 Regulus,
839 4166 880 4210 an
904 4144 979 4210 libri
998 4146 1051 4228 qui
1074 4145 1108 4207 in
1133 4142 1247 4208 Indice
1262 4135 1454 4229 proso-ionu-
1496 4131 1497 4170 ³

329 4283 362 4342 at
378 4277 432 4360 qui
448 4281 539 4342 certe
555 4279 652 4340 erunt
668 4268 874 4357 expungendi
889 4268 929 4334 ab
946 4267 1066 4342 ludite,
1084 4286 1126 4331 an
1142 4267 1177 4332 hi
1191 4267 1269 4333 libri
1285 4264 1371 4332 hodie
1383 4253 1453 4322 htbti

325 4400 467 4465 debeant
489 4401 534 4464 uti
559 4397 753 4485 reprobatae
776 4395 933 4460 lectionis.
959 4427 977 4440 -
1003 4392 1049 4458 Cl.
1076 4390 1300 4458 Vermaerscb
1321 4409 1338 4454 e
1357 4385 1382 4452 S.
1401 4379 1418 4444 Ι-
1435 4374 1452 4434 n
