3290 5100
547 324 591 370 oe
615 323 768 370 usmems
793 323 835 370 ur
859 325 977 370 nouare
1285 305 1351 371 519

174 451 361 516 Ecclesiam
391 449 595 534 (Bucceroni,
630 450 758 516 Comm.
790 449 867 514 edit.
895 449 928 522 5,
956 468 993 532 p.
1020 449 1103 537 119).
1137 451 1199 515 Hic
1226 451 1351 515 Auctor

174 578 291 642 asserit
314 597 377 642 non
397 575 628 661 comprehendi
644 574 737 646 bona,
756 575 878 640 reditus
894 573 1124 642 beneficiorum
1141 577 1351 658 vacantium

175 705 208 764 et
231 697 440 772 D’Aunibale
467 700 596 766 Comm.
612 720 645 765 a.
665 700 721 782 90,
738 705 805 766 not.
823 699 871 766 43
893 703 1047 774 autumat,
1064 700 1150 764 hanc
1170 700 1351 785 opinionem

175 843 246 889 esse
268 824 518 910 probabiliorem
539 824 595 890 sed
618 825 678 890 ait:
707 827 911 909 «posterior
933 824 1124 912 (contraria)
1146 831 1281 908 recepto
1305 832 1352 891 est

175 968 238 1014 aec
260 953 307 1014 est
330 948 373 1015 ab
396 967 438 1014 eo
459 949 735 1016 recedendum.

310 1073 343 1160 3)
368 1075 514 1140 Censura
543 1079 632 1140 tenet
654 1080 859 1156 murpaates
883 1077 952 1140 sive
980 1077 1117 1141 clericos
1145 1077 1213 1141 sive
1240 1076 1349 1149 laicos,

177 1201 230 1282 qui
254 1219 370 1286 nempe
394 1201 446 1266 vel
470 1200 684 1283 publicaret
703 1200 845 1284 priuata
867 1203 1059 1267 auctoritate
1076 1199 1132 1287 (l),
1156 1201 1275 1267 audent
1298 1223 1352 1268 res

177 1327 344 1392 Ecclesiae
368 1326 427 1392 sibi
451 1327 602 1392 addicere
618 1328 709 1412 quasi
724 1328 795 1392 iure
811 1328 870 1393 sibi
887 1332 1087 1413 pertinentes
1103 1328 1156 1392 vel
1175 1329 1209 1392 in
1224 1327 1350 1392 easdem

176 1457 249 1520 iura
272 1473 431 1520 exercere
454 1455 672 1540 proprietatis.

310 1579 343 1667 4)
369 1581 517 1646 lamvero
540 1591 713 1664 usurpare
735 1582 805 1665 quis
828 1581 947 1647 dicitur
970 1601 1041 1648 cum
1066 1581 1106 1646 ab
1130 1583 1198 1668 ipso
1221 1579 1351 1646 domino

176 1727 247 1772 rem
270 1711 408 1792 occupat
428 1707 520 1792 quasi
543 1726 648 1782 suam;
672 1711 708 1772 ut
730 1712 930 1794 peregerunt
946 1707 1110 1774 Gubernia
1131 1707 1253 1781 Civilia,
1271 1725 1352 1791 quae

176 1831 262 1897 bona
277 1832 497 1898 Ecclesiarum
514 1832 574 1897 sibi
590 1831 797 1898 vindicarunt
817 1833 907 1917 quasi
930 1831 989 1898 sibi
1012 1833 1208 1919 pertinentia
1224 1852 1266 1896 ex
1282 1832 1353 1896 iure

177 1955 306 2041 publico
322 1953 479 2021 hodierno
503 1959 536 2020 et
559 1956 731 2039 iusserunt,
747 1958 808 2022 ista
823 1955 908 2022 bona
923 1977 994 2023 esse
1017 1958 1050 2021 in
1074 1957 1268 2022 commercio
1288 1976 1352 2022 non

176 2098 270 2145 secus
300 2098 340 2144 ac
371 2083 484 2145 cetera
512 2078 605 2144 bona.
639 2079 800 2154 Quocirca
831 2079 862 2145 S.
897 2081 933 2146 U.
959 2080 1029 2164 luq.
1055 2081 1078 2146 9
1100 2079 1221 2145 Martii
1250 2078 1351 2152 1870,

176 2203 357 2270 declaravit
379 2204 442 2269 hac
466 2225 604 2270 censura
628 2224 693 2270 non
715 2207 822 2270 teneri
849 2205 955 2278 fures,
981 2210 1129 2291 raptores
1155 2206 1352 2291 praedones;

176 2335 209 2394 a
232 2330 262 2396 s.
286 2331 323 2397 u.
341 2329 366 2394 1.
387 2329 445 2396 suu
469 2331 524 2397 aaa
548 2311 673 2396 arazar
688 2331 780 2397 aare
803 2331 914 2397 edixit.
940 2337 1166 2418 comparantes
1190 2331 1247 2398 sus
1271 2332 1354 2397 naec

175 2453 261 2519 bona
283 2453 322 2520 ab
347 2455 592 2542 usurpatoribus
615 2461 696 2522 actu·
714 2456 845 2523 ultimae
868 2457 1042 2522 voluntatis
1064 2462 1120 2522 aut
1141 2459 1229 2523 inter
1252 2458 1352 2531 vivos,

177 2581 541 2646 excommunicationem
556 2581 643 2646 hanc
663 2601 729 2646 non
752 2581 932 2646 incurrere.
950 2580 1114 2656 Quomodo
1129 2601 1209 2647 varo
1231 2581 1266 2646 bi
1289 2601 1354 2646 non

176 2701 333 2789 effugiant
355 2725 525 2771 censuram
549 2725 569 2770 a
592 2705 781 2773 Tridentino
803 2707 910 2781 latam,
935 2706 1022 2770 infra
1045 2705 1285 2792 explicabimus.

310 2830 344 2915 5)
368 2829 490 2896 Eadem
507 2831 633 2895 ratione
649 2834 738 2896 tenet
754 2830 892 2896 clericos
907 2831 961 2895 vel
977 2829 1079 2896 laicos
1093 2835 1351 2915 sequestrantes.

311 2953 344 3040 6)
361 2955 584 3040 Seqaestrore
598 2960 706 3020 autem
723 2960 788 3020 est:
812 2954 898 3020 Rem
922 2960 1175 3022 controversam
1197 2956 1266 3022 siae
1288 2956 1352 3020 im·

176 3079 335 3146 mobilem
357 3080 427 3146 sice
449 3080 607 3148 mobilem
635 3081 732 3164 opud
759 3080 895 3146 tertium
919 3081 1098 3164 deponere,
1122 3081 1273 3156 isthaec,
1299 3081 1354 3147 tite

176 3203 284 3289 finita,
300 3203 420 3271 uictori
434 3204 652 3288 restituatur5
675 3204 759 3288 quod
775 3205 942 3290 peragitur
958 3210 1013 3270 aut
1028 3207 1168 3292 partium
1187 3205 1354 3271 voluntate

177 3333 234 3394 aut
244 3327 357 3394 iudicis
368 3330 569 3402 auctoritate,
583 3334 619 3394 ut
631 3328 875 3403 declaravimus,
889 3348 947 3394 suo
959 3331 1030 3394 loco
1046 3331 1079 3393 iu
1092 3329 1164 3396 [ab.
1179 3331 1207 3406 Ι,
1220 3350 1255 3396 a.
1268 3331 1352 3396 557.

178 3453 241 3518 Hic
256 3471 322 3518 non
338 3455 445 3540 agitur
460 3452 499 3518 de
515 3455 770 3537 sequestratione
781 3454 965 3518 voluntaria
977 3473 1060 3538 quae
1075 3459 1124 3520 est
1139 3455 1263 3540 species
1279 3474 1352 3519 con·

177 3583 316 3655 tractus;
340 3577 396 3645 sed
419 3577 460 3643 de
482 3597 522 3643 ea
552 3579 639 3642 facta
663 3598 706 3643 ex
729 3576 835 3643 officio
857 3597 878 3642 a
905 3577 1016 3644 Iudice
1044 3579 1127 3663 quia,
1152 3580 1198 3644 uti
1225 3578 1354 3644 adnota-

267 3825 307 3897 (l)
332 3825 404 3880 Sauo
429 3824 475 3880 hic
500 3825 635 3880 articulus
653 3828 762 3898 spectat
787 3825 821 3878 ad
845 3825 1055 3895 usurpationem
1079 3825 1138 3880 sive
1162 3825 1272 3895 privata
1296 3826 1354 3881 siue

177 3930 289 4002 publica
316 3931 485 3986 auctoritate
511 3932 633 3998 factam,
660 3931 725 3985 dum
753 3933 847 3986 textus
875 3930 1053 3986 Tridentinus
1082 3947 1146 3986 mox
1174 3931 1353 4001 explicandus

178 4038 292 4108 respicit
305 4040 498 4109 usurpationes
516 4039 628 4109 publica
643 4039 811 4093 auctoritate
829 4038 926 4092 factae
942 4039 1006 4093 -Et
1022 4025 1094 4092 ratio
1113 4037 1185 4108 legis
1204 4039 1355 4108 repetenda

178 4148 222 4198 est
240 4161 257 4197 a
275 4143 384 4199 diversa
397 4143 505 4198 ratione
517 4147 674 4213 temporum
687 4143 753 4214 quia
766 4143 921 4213 antiquitus
935 4143 1126 4196 tantummodo
1139 4159 1156 4196 a
1168 4142 1352 4212 Principibus,

197 4268 228 4306 er
248 4251 410 4307 violentiam
433 4253 619 4322 tyrannicam,
638 4253 743 4306 fiebant
761 4249 969 4320 risurpatioues3
988 4250 1070 4305 bodie
1088 4252 1123 4304 ob
1140 4251 1258 4304 iniustas
1275 4250 1354 4320 leges

178 4359 247 4413 iuris
266 4359 378 4428 privati,
390 4360 513 4414 intensas
531 4358 698 4430 patrimonio
711 4357 862 4426 Ecclesiae,
875 4358 961 4413 etiam
977 4358 1080 4429 privati
1100 4361 1262 4429 perpetrant
1276 4374 1354 4411 usur·

178 4464 312 4538 patiouos.
