3202 5104
1260 6 1279 45 ;·
1306 6 1504 77 ’‘fff-
1518 8 1527 11 -
1549 7 1578 182 *p

345 319 413 384 240
866 339 949 385 rans
974 339 995 384 1.

435 464 515 528 Item
539 464 565 526 si
588 483 694 527 sermo
718 464 758 528 sit
781 463 820 527 de
844 465 1053 548 suspensione
1076 463 1119 528 ab
1143 463 1260 548 officio,
1286 463 1366 528 haec
1387 485 1447 548 per
1471 485 1512 526 se.

346 590 488 672 quamvis
511 589 577 652 lata
607 591 648 652 sit
678 588 721 653 ab
749 588 900 669 homine,
926 609 968 652 ex
1000 589 1070 652 iure
1099 587 1256 670 speciali,
1281 595 1386 652 emen
1413 587 1514 652 afficit

345 733 532 798 suspensum
556 713 659 797 quoad
682 715 789 777 omnia
811 711 929 794 officia,
943 715 1040 778 etiam
1056 733 1095 778 ea
1111 731 1193 798 quae
1209 713 1382 778 exercebat
1401 716 1432 778 in
1454 715 1516 776 alia

344 836 497 912 dioecesi;
522 838 567 901 ita
590 837 718 924 Suarez,
736 837 801 900 XX
811 837 863 918 VI,
888 839 915 918 1,
942 839 974 918 9,
997 857 1046 921 sq.
1074 873 1091 884 -
1119 838 1197 902 Nam
1222 857 1362 902 censura
1384 857 1515 922 suspen-

345 962 443 1026 sionis
466 965 514 1026 est
540 981 644 1046 poena
671 967 789 1027 statuta
813 983 855 1026 ex
877 963 953 1026 iure
976 963 1168 1044 communi,
1193 967 1226 1027 et
1256 962 1317 1026 hoc
1348 964 1417 1026 iure
1450 963 1517 1026 eius

346 1084 478 1152 effectus
501 1093 668 1180 regamur,
693 1090 744 1174 qui
762 1087 897 1173 proinde
912 1087 1006 1172 plene
1023 1089 1133 1172 vigent
1158 1089 1217 1152 etsi
1240 1107 1398 1152 censurae
1420 1087 1517 1172 appli-

345 1215 427 1278 catio
451 1211 506 1278 fiat
529 1213 568 1278 ab
586 1211 761 1280 Ordinarin
785 1217 879 1279 unius
894 1213 1066 1288 dioecesis;
1091 1221 1123 1278 et
1146 1213 1179 1279 hi
1204 1211 1336 1279 effectus
1359 1218 1392 1280 in
1415 1218 1516 1300 ipsum

345 1345 570 1405 censurantem
594 1341 659 1404 vim
689 1338 817 1404 habant.
845 1375 862 1386 -
888 1339 1103 1414 Quamobrem
1131 1340 1155 1402 si
1180 1339 1358 1424 Episcopus
1387 1359 1516 1405 excom-

345 1465 555 1528 municaverit
578 1463 745 1547 quemdam
769 1464 995 1550 presbyterum
1024 1469 1056 1528 et
1082 1465 1447 1530 excommunicationem
1472 1471 1516 1528 tu-

344 1589 420 1652 lerit
442 1589 462 1653 t.
488 1607 512 1652 e.
539 1591 570 1652 in
594 1591 781 1671 omnesqui
809 1610 881 1654 cum
913 1609 951 1653 eo
980 1591 1290 1655 communicaverint
1320 1591 1353 1654 in
1385 1589 1516 1654 divinis.

339 1715 370 1779 si
402 1715 468 1799 ipse
498 1735 569 1778 cum
598 1735 636 1780 en
671 1717 703 1779 in
738 1715 854 1780 divinis
891 1718 1120 1786 communicet,
1152 1718 1516 1782 excommunicationem

344 1838 470 1922 quidem
495 1859 558 1904 non
582 1841 729 1905 incurret
745 1840 818 1924 quia
835 1860 899 1904 non
924 1842 1141 1926 praesumitur
1158 1841 1189 1904 in
1206 1841 1361 1925 seipsum
1377 1841 1518 1905 voluisse

346 1962 443 2036 ferre,
461 1963 516 2030 sed
540 1967 686 2049 graviter
709 1970 832 2049 peccat,
858 1971 890 2028 et
914 1967 940 2030 si
967 1966 996 2029 ei
1022 1964 1150 2029 confert
1172 1961 1371 2036 beneficium,
1392 1965 1518 2048 quippe

345 2087 493 2162 citando,
511 2107 574 2153 non
591 2087 696 2152 valide
713 2089 857 2154 confert:
882 2090 965 2154 haec
981 2091 1065 2153 enim
1083 2094 1241 2154 caventur
1256 2090 1327 2152 iure
1348 2089 1517 2152 communi.

346 2212 388 2274 Et
417 2213 470 2294 qui
499 2206 642 2276 celebrat
670 2215 702 2276 in
733 2213 879 2277 Ecclesia
907 2233 927 2276 a
956 2233 991 2276 se
1022 2210 1213 2282 interdicta,
1238 2209 1274 2277 fit
1304 2211 1515 2296 irregularis:

346 2337 406 2400 nisi
429 2336 514 2400 forte
544 2337 642 2402 latum
666 2357 685 2401 a
709 2357 744 2401 se
775 2336 980 2402 interdictum
1013 2337 1188 2400 absolverit
1217 2342 1273 2401 aut
1305 2336 1518 2422 suspenderit.

346 2461 393 2526 of.
418 2461 546 2532 Suarez,
573 2463 618 2532 ΙΙ,
645 2462 676 2533 4,
702 2463 747 2544 5,·
770 2461 919 2548 Scyrum,
955 2461 988 2542 V,
1014 2461 1048 2543 3,
1072 2461 1130 2526 28.

436 2587 507 2652 163.
536 2585 733 2652 D'Annibale
757 2585 795 2670 (Ι,
818 2587 898 2667 384)
921 2587 1002 2651 haec
1025 2586 1066 2650 ad
1092 2607 1159 2651 rem
1184 2587 1293 2652 docet:
1322 2587 1518 2660 ‹Quaestin

345 2730 406 2774 neo
429 2710 615 2782 mediocris,
641 2715 706 2792 est,
732 2714 837 2775 utrum
866 2729 1039 2794 suspensus
1066 2709 1106 2773 ab
1129 2707 1235 2772 officio
1265 2709 1353 2773 aliod
1377 2705 1519 2810 officium
1576 2755 1577 2786 2

344 2837 515 2917 acceptare
539 2833 637 2915 possit
660 2833 692 2896 in
720 2831 827 2896 aliena
857 2831 996 2897 dioecesi
1028 2833 1159 2916 eiusque
1191 2851 1344 2908 munera;
1368 2839 1401 2897 et
1431 2835 1462 2896 si
1495 2835 1521 2896 ei

344 2957 521 3024 iurisdictio
544 2958 671 3024 adnexa
694 2965 751 3031 est,
769 2965 875 3023 utrum
900 2953 1153 3022 iurisdictionem
1176 2975 1301 3041 quoque
1317 2959 1349 3045 in
1367 2977 1406 3020 ea
1428 2955 1521 3022 dice

346 3086 409 3150 cesi
427 3103 585 3149 exercere
601 3081 708 3150 valeat
724 3085 756 3146 in
773 3085 823 3148 his
839 3103 921 3167 quae
938 3103 1001 3147 non
1018 3082 1159 3167 pendent
1175 3103 1194 3147 a
1210 3088 1365 3169 potestate
1386 3082 1520 3147 ordinis.

346 3211 387 3274 Et
410 3210 552 3292 quaestio
575 3209 658 3272 haec
682 3213 746 3280 est,
771 3212 878 3273 utrum
903 3209 1068 3291 suspensio
1099 3207 1213 3272 reddat
1243 3175 1431 3292 suspensum
1467 3209 1523 3271 ini·

345 3333 480 3398 densum
505 3330 619 3397 officiis
643 3333 869 3398 ecclesiasticis
893 3331 1111 3417 suscipiendis.
1138 3331 1308 3398 Suaresius
1339 3331 1369 3397 id
1401 3332 1520 3417 proba·

345 3457 438 3522 bilius
455 3463 551 3542 putat,
570 3457 717 3541 exemplo
734 3457 1092 3530 excommunicationis;
1117 3455 1200 3539 quod
1216 3457 1269 3520 alii
1286 3463 1424 3542 aegeum
1447 3461 1522 3541 quia

345 3584 375 3648 id
401 3584 487 3648 nullo
512 3584 582 3647 iure
607 3587 734 3648 cautum
759 3587 824 3662 est,
849 3600 928 3665 quos
952 3601 1079 3666 sequor.
1104 3583 1156 3648 Ex
1180 3581 1295 3666 quibus
1322 3602 1521 3666 consequens
1574 3611 1575 3622 ¹

345 3714 393 3775 est
416 3708 533 3784 dicere,
551 3707 634 3772 idem
658 3709 737 3772 iuris
753 3727 824 3772 esse
840 3709 865 3771 si
882 3706 968 3771 aliud
991 3705 1181 3773 beneficium
1199 3709 1228 3770 ei
1244 3707 1397 3772 collatum
1420 3707 1521 3772 fuerit

345 3831 532 3916 inproprie
561 3831 746 3896 dioecesi».
772 3829 849 3902 Sed,
875 3831 964 3894 salva
989 3831 1175 3894 reverentia
1202 3829 1299 3895 incl.
1326 3833 1518 3908 Auctorem,

346 3977 409 4022 non
426 3977 553 4042 possum
570 3957 752 4021 consentire
777 3958 808 4019 in
833 3957 1105 4022 einssententiam
1130 3957 1189 4021 nisi
1214 3957 1391 4041 praemissa
1413 3955 1520 4020 distin·

346 4084 452 4147 ctione
476 4083 561 4146 inter
576 4081 722 4165 ‹afficium
747 4086 778 4146 et
802 4080 1020 4166 beneficium
1044 4083 1118 4164 quia
1140 4101 1159 4144 a
1183 4083 1367 4164 praemissis
1384 4101 1448 4146 non
1473 4079 1518 4144 ri·

346 4207 440 4272 detur
463 4205 565 4272 fluere
580 4207 750 4292 pancratis
766 4207 994 4289 consequentia
1010 4226 1103 4290 qnam
1121 4207 1186 4290 ipse
1204 4205 1340 4272 deducit.
1358 4205 1518 4290 Siquidem

346 4337 378 4394 et
390 4331 457 4414 ipse
470 4331 599 4409 Suarez,
613 4329 678 4392 XX
686 4329 759 4409 VH,
776 4331 803 4411 1,
817 4330 875 4410 26,
893 4335 1004 4414 aperte
1017 4329 1147 4400 fatetur,
1161 4349 1348 4415 suspensum
1361 4327 1402 4394 ab
1414 4327 1520 4393 officio

346 4454 397 4519 vel
420 4475 440 4520 a
462 4451 634 4526 beneficio.
662 4473 766 4521 «aon
789 4454 837 4518 ita
860 4473 930 4520 esse
957 4453 1167 4536 prohibitum
1190 4474 1250 4521 seu
1273 4455 1475 4538 impeditum
1498 4473 1517 4518 a
