3266 5102
506 310 550 357 os
574 307 729 357 samoris
753 307 795 354 ar
819 307 939 354 rosum
1253 286 1317 353 159

124 439 185 499 aut
221 433 452 501 absolutionem
488 432 594 500 datam
629 437 725 498 extra
760 431 995 498 confessionem
1032 431 1316 498 sacramentalem.

127 558 245 625 Manet
266 580 347 624 vero
370 557 454 625 idem
470 559 508 623 D.
525 559 559 623 in
582 555 858 624 commissionibus
881 557 912 622 S.
931 557 1209 622 Paenitentiariae
1233 557 1318 624 clau-

125 681 249 754 sulam,
274 687 310 746 ut
332 681 514 766 plurimum,
534 681 652 766 apponi
678 680 750 746 «ia
772 679 846 763 ipso
870 683 949 745 actu
971 679 1215 748 sacramentali
1238 699 1316 746 aaa·

122 805 288 888 [meionis
312 811 444 872 tantam
466 827 529 874 aec
551 806 652 872 aliter
674 825 738 873 aec
766 806 834 873 alio
859 807 960 873 moda
979 827 997 870 u
1016 812 1049 871 et
1065 811 1152 878 tunc,
1169 806 1202 872 vi
1222 804 1318 871 buius

125 933 313 1004 clausulae,
345 931 614 1016 dispensationem
647 935 704 996 aut
733 929 965 997 absolutionem
997 929 1220 1015 exequendam
1251 947 1316 998 non

127 1052 203 1123 ess'e
226 1061 323 1120 extra
346 1059 582 1122 sacramentum
606 1054 828 1120 confessionis.
852 1055 1079 1128 -Praeterea,
1105 1055 1138 1119 in
1163 1053 1316 1130 lubilaeo,

127 1181 381 1270 dispensandum
404 1184 437 1246 et
459 1177 690 1244 absolvendum
706 1185 756 1245 est
770 1183 895 1245 tantum
912 1181 944 1244 in
961 1185 1036 1246 actu
1053 1199 1076 1244 s.
1094 1179 1316 1256 confessionis

129 1311 177 1373 ita
207 1326 363 1392 expresse
394 1305 486 1370 iussit
516 1304 710 1370 Benedictus
735 1304 818 1370 XIV
848 1305 955 1370 Const.
981 1306 1075 1370 later
1098 1305 1315 1389 praeteritas,
1368 1313 1369 1320 ’

128 1431 231 1516 §63;
255 1430 381 1502 ubisit
401 1430 564 1512 Pontifex,
586 1449 622 1495 se
644 1429 784 1495 voluisse
800 1429 938 1496 emedio
961 1430 1080 1496 tollere
1096 1433 1317 1514 quaestionem

129 1558 291 1623 hactenus
314 1559 466 1642 agitatam
489 1555 577 1660 inter
592 1557 629 1620 D.
647 1557 695 1632 D.;
720 1560 752 1620 et
775 1555 807 1620 in
832 1555 1039 1641 propositum,
1064 1555 1241 1622 clausulam
1265 1555 1318 1621 ad·

130 1677 248 1753 hiberi,
273 1697 400 1762 nempe,
428 1676 698 1762 dispensationem
728 1683 784 1743 aut
807 1676 1039 1742 absolutionem
1064 1695 1178 1742 aaran
1201 1695 1316 1744 norun

128 1820 775 1884 sncaauaurnnrscoursssrou1s‚non
802 1822 873 1868 esse
896 1800 1135 1867 concedendam
1160 1799 1215 1886 (1).
1249 1800 1318 1866 Ad·

128 1931 280 1992 vertatur
296 1927 380 2012 quod
395 1927 551 1992 absolutio
567 1927 619 1992 vel
636 1927 832 2012 dispensatio
850 1947 918 2010 pro
942 1926 1020 2010 foro
1044 1930 1186 1994 catara
1210 1925 1316 1992 valide

128 2071 288 2117 concessa
314 2052 402 2116 valet
424 2053 521 2116 etiam
547 2071 616 2135 pro
639 2052 716 2136 foro
740 2051 884 2126 iuterna,
909 2071 984 2116 nam
1017 2051 1051 2116 in
1083 2050 1212 2116 interno
1244 2051 1316 2116 foro

128 2194 261 2260 semper
284 2175 404 2238 veritas
428 2172 613 2240 attenditur.
640 2173 688 2239 Cf.
713 2172 871 2238 Tbesaur.
898 2173 917 2236 l.
941 2193 969 2240 c.
994 2209 1022 2236 ·.

227 2298 299 2364 108.
325 2295 459 2372 Quando
490 2297 695 2382 dispensatur
716 2297 769 2361 vel
793 2295 972 2361 absolvitur
995 2316 1055 2382 pro
1078 2297 1151 2361 loro
1177 2301 1315 2363 externo

320 2403 443 2414 u..-

223 2511 261 2582 (1)
287 2513 449 2566 Thesaurus
469 2513 487 2564 l.
502 2512 545 2564 cit.
560 2510 670 2582 quaerit
684 2509 769 2566 etiam
788 2527 833 2576 ,an
851 2511 874 2564 si
893 2514 1003 2566 constet
1022 2509 1050 2564 in
1070 2512 1130 2566 foro
1149 2516 1266 2568 externo
1283 2513 1317 2568 de

130 2619 184 2674 tali
205 2620 412 2689 dispensatione
430 2617 475 2674 vel
494 2618 669 2673 absolutione
689 2635 819 2674 concessa
838 2618 867 2672 iu
886 2620 945 2673 foro
964 2619 1075 2673 interno
1091 2623 1120 2674 et
1138 2623 1254 2686 constet,
1271 2624 1317 2674 ut-

130 2731 202 2796 puta
220 2742 270 2794 per
288 2725 452 2779 schedulam
470 2725 644 2794 confessarii,
664 2741 699 2776 an
719 2723 801 2778 iudex
820 2724 957 2777 rationem
976 2722 1080 2780 babere
1100 2725 1200 2780 debeat
1220 2725 1316 2780 buius-

128 2830 207 2884 modi
227 2829 400 2900 probationis
418 2828 575 2893 admittens,
595 2827 681 2882 etiam
694 2842 745 2897 pro
757 2828 818 2880 foro
835 2830 959 2892 externo,
972 2829 1088 2882 effectus
1107 2827 1190 2882 buius
1208 2829 1318 2899 dispen-

128 2939 251 2992 setionis
263 2942 313 2991 aut
326 2935 517 2991 absolutionis.
531 2965 544 2977 -
557 2935 843 2999 statueramus
857 2935 887 2988 D.
899 2933 928 2987 D.
940 2934 968 2988 ln
982 2934 1034 2988 boc
1047 2937 1204 2999 convenire,
1218 2955 1318 3008 nempe

128 3043 311 3098 Ordiuerium
331 3058 418 3111 posse,
432 3042 457 3095 si
468 3041 536 3096 uelit
552 3059 615 3094 cum
634 3040 730 3095 taliter
748 3042 875 3094 absolata
896 3043 1013 3112 benique
1032 3059 1118 3110 apere
1132 3051 1158 3096 et
1170 3052 1318 3112 acceptare

129 3149 218 3202 illam
229 3147 432 3201 absolutionem
445 3155 474 3200 ut
486 3148 660 3216 suffrayetur
678 3147 762 3199 ctiam
777 3162 833 3216 pro
847 3149 910 3217 foro
925 3155 1042 3200 externo
1056 3155 1081 3199 et
1094 3145 1238 3216 repellere
1248 3145 1318 3199 Pro·

129 3266 270 3309 motorum
290 3253 438 3310 Fiscalem.
461 3283 476 3296 ·
494 3252 562 3318 Sed,
581 3271 616 3308 ex
640 3253 769 3323 legitima
792 3271 888 3320 causa,
909 3253 1070 3306 Ordiuarius
1088 3261 1181 3322 poseat
1198 3255 1248 3306 aut
1266 3253 1317 3307 de·

130 3363 212 3416 beret
231 3357 312 3413 nibili
331 3361 423 3414 facere
442 3358 646 3415 absolutionem
659 3365 710 3414 aut
722 3359 955 3430 dispensationem
969 3375 1127 3414 concessam
1145 3363 1252 3414 tanturn
1267 3375 1317 3429 pro

130 3469 193 3520 foro
206 3465 326 3520 interno.
346 3465 460 3536 inquam
473 3493 487 3507 ·
497 3475 592 3536 posset
605 3495 626 3531 ·‚
640 3466 780 3532 nimirum,
794 3465 904 3536 quando
918 3465 1021 3519 iudicet
1034 3465 1174 3534 expedire,
1188 3465 1221 3518 ad
1236 3481 1317 3535 repa·

130 3573 250 3627 randum
270 3571 439 3638 scandalum,
452 3573 565 3642 exigere
579 3577 610 3626 ut
623 3570 732 3641 publice
752 3571 891 3625 absolutio
904 3571 949 3625 vel
963 3571 1132 3640 dispensatio
1150 3570 1319 3626 concedetur

130 3678 269 3733 adhibitis
293 3678 517 3734 solemnitatibus
543 3678 725 3748 praescriptis
751 3695 800 3748 pro
825 3680 885 3732 foro
911 3683 1035 3732 externo.
1062 3679 1120 3732 imo
1138 3708 1152 3720 -
1171 3682 1284 3734 deberet
1303 3708 1317 3721 ·

130 3784 365 3857 quotiescumque
384 3785 445 3856 quis
463 3783 607 3839 absolutus
625 3783 654 3838 in
673 3785 734 3839 foro
751 3785 939 3839 conscientiae
956 3776 1078 3839 debitam
1097 3785 1317 3841 satisfactionem

133 3890 209 3961 parti
228 3889 322 3944 laesae
335 3905 388 3943 non
401 3888 477 3944 dedit
489 3893 518 3944 et
531 3905 594 3958 pers
609 3888 768 3958 expostulet
781 3888 833 3942 sibi
847 3904 1000 3958 congruam
1013 3888 1074 3944 dari
1088 3889 1317 3946 satisfactionem.

132 3997 214 4051 'lunc
231 3995 315 4050 iudex
333 3995 442 4051 edicere
460 3994 559 4061 debet,
578 4012 657 4050 reum
680 3994 824 4051 declarare
848 4013 965 4051 censura
990 4001 1040 4052 aut
1064 4013 1239 4069 quocumque
1260 3997 1318 4052 alio

132 4102 249 4157 uinculo
267 4101 377 4173 pecudi
397 4101 560 4156 innodatum
585 4105 615 4156 in
638 4106 704 4174 soro
728 4113 845 4158 caterno
864 4119 1008 4175 quousque
1027 4120 1081 4158 non
1101 4103 1270 4159 satisfecerit
1289 4109 1318 4160 et

131 4207 234 4264 deinde
252 4208 396 4262 absolutus
415 4207 460 4263 vel
478 4207 653 4277 dispensatus
670 4208 763 4263 fuerit.
783 4209 826 4263 lta
844 4209 949 4280 pluries
967 4209 1090 4265 decisum
1108 4211 1162 4264 fuit
1175 4227 1192 4264 a
1204 4209 1230 4264 S.
1245 4210 1319 4266 Rota

134 4313 231 4380 Rom.‚·
249 4313 324 4368 inter
348 4312 433 4378 alias,
452 4312 515 4368 vide
535 4313 624 4368 aeas.
646 4313 712 4367 659
725 4323 802 4385 part.
820 4310 843 4366 2'
864 4331 927 4369 aaa.
947 4316 1056 4371 collect.
1075 4315 1217 4384 Furinae,
1241 4319 1318 4388 apud

139 4424 278 4478 Thesaur-
299 4421 318 4475 l.
337 4425 380 4476 cit.
