3312 5108
788 195 800 232 Χ

520 327 564 372 ns
590 296 811 372 anticris'sr
833 325 953 401 sonnis
1282 307 1323 370 17

146 447 326 524 clesiastico
343 445 486 531 poenali,
512 447 545 509 in
568 449 706 528 utroque
719 443 841 531 (lihoc
860 443 951 510 adest
971 463 1139 511 commune
1163 449 1197 510 ut
1220 463 1323 529 poena

146 570 263 638 debeat
277 590 347 636 esse
370 569 494 636 ordinis
517 572 711 636 restauratio
735 569 875 651 moralis,
899 576 1056 668 quatenus
1080 571 1200 635 iustitia
1223 571 1325 656 exigit

147 704 182 764 ut
203 698 322 764 bonum
339 717 359 761 a
374 715 479 784 poena
503 694 667 782 profluens
691 696 848 761 resarciat
870 696 989 761 malum
1005 695 1123 767 delicti,
1141 695 1196 760 sed
1213 696 1246 760 in
1261 695 1324 760 hoc

150 822 237 888 adest
260 821 440 886 essentialis
463 817 653 892 differentia,
678 821 753 903 quia
775 819 880 885 civilis
904 819 1098 904 Respublica
1116 839 1176 904 per
1188 839 1324 905 poenam

148 946 217 1010 uult
239 945 367 1028 assequi
390 943 511 1008 ordinis
534 943 663 1008 socialis
685 943 954 1009 restaurationem
970 943 1002 1008 in
1022 943 1198 1026 praesenti
1213 963 1324 1008 rerum

150 1069 336 1144 ordinaeri
359 1087 422 1152 quo
444 1088 536 1134 sumn
559 1065 656 1132 finem
679 1069 807 1152 assequi
831 1065 938 1142 debet;
964 1066 1037 1132 dum
1062 1067 1210 1132 Ecclesia
1233 1089 1324 1132 suum

148 1195 244 1260 finem
268 1194 426 1260 ultimum
450 1215 507 1258 seu
529 1199 709 1268 reatorem,
739 1195 946 1276 consequitur
969 1194 1001 1257 in
1025 1193 1135 1258 futuro
1166 1213 1261 1268 aevo;
1292 1197 1325 1260 et

149 1319 183 1382 in
198 1319 263 1382 hoo
285 1316 401 1382 mundo
425 1337 485 1400 pro
509 1337 568 1382 suo
589 1313 654 1382 fine
678 1316 875 1382 itrtnrediato
899 1335 965 1380 non
988 1317 1109 1401 patitur
1132 1316 1247 1380 violari
1271 1335 1324 1378 or-

149 1443 256 1508 dinem
281 1463 411 1507 suarum
433 1442 552 1528 legum,
569 1461 706 1524 quarum
728 1447 989 1527 transgressores
1005 1442 1118 1527 poenis
1140 1443 1323 1526 compescit,

149 1586 191 1630 ne
222 1563 294 1632 finis
325 1568 451 1632 aeterni
485 1564 714 1656 praepediatur
745 1566 939 1630 consecutio.
965 1563 1074 1638 Quare
1102 1565 1135 1627 in
1161 1564 1325 1648 praesenti

150 1695 234 1756 statu
257 1689 408 1755 Ecclesia
439 1689 557 1774 satagit
590 1688 789 1774 singulorum
812 1685 954 1752 fidelium
978 1688 1125 1753 obtinere
1149 1687 1326 1754 sanctifica·

152 1819 256 1880 tonem
282 1818 317 1878 ut
346 1813 465 1898 singuli
487 1819 655 1906 aeternam
686 1813 785 1876 vitam
823 1816 1021 1879 mereantur.

237 1937 330 2004 Unde
313 1957 492 2034 ,poenae
516 1939 556 2002 ab
588 1939 736 2004 Ecclesia
765 1939 889 2004 latae
882 1960 914 2003 tn
933 1941 1062 2029 primis
1103 1945 1252 2026 spectant
1238 1941 1325 2005 tad

161 2063 308 2164 emendati
284 2069 407 2129 mem
423 2084 488 2140 rei
505 2066 664 2130 indirecte
680 2085 759 2130 vero
783 2065 823 2142 ad
847 2065 1019 2144 terrendos
1048 2071 1176 2132 ceteros
1204 2085 1246 2132 ne
1270 2067 1325 2132 de-

160 2185 305 2288 linqprant.
330 2188 602 2271 Quotiescumque
629 2187 803 2253 nullimode
834 2189 959 2274 sperari
987 2190 1087 2273 possit
1111 2188 1326 2274 delinquentis

157 2312 348 2385 emendatio,
374 2314 490 2398 quippe
522 2311 877 2399 incor1·egibilis,tuno
908 2314 1058 2378 Ecclesia
1092 2333 1156 2378 nun
1188 2313 1327 2380 abstinet

159 2440 297 2524 auirga,
314 2439 369 2505 sed
386 2441 497 2524 poenis
513 2440 566 2504 vel
591 2440 811 2505 severioribus
835 2441 969 2506 mulctat
984 2440 1138 2506 rebellem
1155 2439 1264 2522 filium,
1286 2462 1326 2506 ne

159 2563 222 2627 lues
252 2564 326 2628 mali
358 2563 499 2649 exempli
528 2563 609 2628 alios
641 2562 752 2628 fideles
783 2561 969 2628 inficiat-
1006 2566 1111 2648 Atque
1146 2564 1326 2630 huiusmodi

153 2683 284 2772 poenae,
301 2687 520 2755 tantummodo
537 2691 761 2771 ememptareS,
779 2709 889 2754 vocari
881 2690 1008 2754 ’teolen
1020 2690 1253 2764 vindicatione,
1271 2689 1328 2755 sed

154 2809 285 2894 impropt
318 2829 327 2870 r
351 2829 464 2884 sensu;
489 2809 643 2892 siquidem
667 2830 732 2875 non
756 2811 954 2876 contendunt
969 2811 1115 2876 ordinem
1139 2817 1326 2878 restaurare

152 2935 314 3000 societatis
344 2935 514 3000 iuridicum
538 2932 570 3000 et
593 2936 807 3010 materialem,
832 2937 941 3022 prouti
973 2957 1096 3022 poenae
1125 2938 1246 3011 civiles,
1271 2938 1328 3003 sed

150 3055 301 3120 dumtaxr
315 3105 329 3130 .,
353 3055 495 3122 subditos
518 3056 690 3122 deterrere
714 3077 734 3121 a
757 3057 971 3142 delinquendo
995 3077 1036 3122 ne
1059 3055 1156 3123 finem
1180 3059 1328 3124 amittant

149 3180 182 3244 in
205 3186 343 3245 aeterna
365 3181 432 3245 vita
455 3181 723 3266 consequendum.

243 3303 673 3388 Qanohremueaesstas
709 3304 927 3388 consequent
960 3305 1132 3381 nonnullos
1169 3290 1328 3372 salutares

158 3421 351 3504 effectusest
368 3426 610 3494 fundamentum
623 3431 805 3516 proximum
821 3449 999 3514 poenarum
1013 3429 1326 3504 Ecclesiasticarum,

243 3690 283 3759 (l)
302 3690 374 3744 Hinc
394 3695 472 3760 patet
490 3709 506 3744 a
524 3691 644 3746 veritate
657 3692 768 3762 longius
785 3694 929 3748 aberrasse
948 3691 982 3746 el.
1002 3693 1194 3747 Sebastianum
1215 3694 1327 3747 Berardi

152 3791 212 3858 (lus
237 3793 301 3848 Can.
322 3796 430 3851 Eccles.
451 3798 493 3850 De
513 3799 676 3852 staminibus
695 3799 768 3851 Diss.
782 3799 805 3864 Ι,
825 3817 847 3852 a.
861 3797 972 3870 l),dum
992 3800 1128 3868 approbat
1146 3798 1248 3852 Aulum
1269 3799 1330 3854 Gel-

151 3898 232 3968 lium,
253 3902 298 3971 qui
319 3903 347 3956 in
368 3903 415 3958 tit.
437 3904 457 3957 6
482 3905 599 3958 Notium
618 3907 735 3960 Atticar.
756 3923 815 3975 cap.
836 3906 871 3958 14
896 3905 990 3960 docuit
1017 3910 1074 3960 tres
1098 3921 1158 3959 esse
1178 3922 1329 3975 poenarum

151 4008 285 4074 rationes,
304 4025 404 4080 nempe
427 4010 649 4066 emendationem
677 4013 728 4078 rei,
755 4012 997 4082 exemplaritatem
1016 4028 1166 4082 poenarum
1190 4017 1219 4066 et
1247 4029 1327 4067 reve·

154 4115 271 4168 rentiam
290 4111 354 4169 inde
380 4109 568 4170 conciliatam
584 4117 613 4170 in
638 4116 799 4187 principem.
829 4116 898 4172 Dein
924 4121 1017 4173 antem
1037 4119 1122 4171 insert
1149 4134 1203 4171 non
1227 4118 1329 4171 discre-

152 4233 216 4285 pare
228 4221 406 4289 disciplinam
420 4222 637 4280 ecclesiasticam
650 4241 667 4277 a
680 4224 757 4278 civili
776 4225 804 4278 in
824 4225 932 4279 ratione
952 4240 1102 4294 poenarum
1115 4225 1328 4290 inferendarum,

151 4327 254 4398 quippe
273 4329 325 4384 illa
343 4330 462 4397 induxit,
481 4331 514 4386 ad
533 4330 599 4386 illos
617 4341 675 4388 tres
687 4333 758 4387 fines
776 4333 955 4400 obtinendos,
971 4336 1166 4404 poenitentias,
1186 4350 1329 4395 censiti-os,

1170 4527 1187 4585 2
