3266 5102
515 330 559 377 ns
583 328 738 378 narreris
762 331 805 378 aa
828 329 949 376 rearis
1259 307 1322 373 137

132 451 213 516 dnm
237 471 309 518 esse
332 454 479 518 censuris
502 471 541 517 ne
571 451 734 518 obsoletae
768 453 927 517 vilescant
951 457 983 516 et
1006 452 1108 537 magis
1142 450 1322 535 perniciem

132 595 234 659 quam
266 575 403 640 salutem
434 578 615 642 animarum
645 577 782 662 pariant.
813 577 861 644 Gi.
887 575 1008 642 Bened.
1036 575 1127 650 XIV,
1157 575 1208 640 De
1239 573 1320 658 Syn.

135 701 177 764 L.
201 701 256 765 10.
282 721 358 784 cap.
382 701 417 770 2,

229 821 408 889 Praeterea
419 826 487 889 sive
501 825 608 892 aiure
620 826 689 890 sire
705 823 744 890 ab
762 825 897 892 homine
909 823 1058 896 edantur,
1075 825 1107 887 in
1125 825 1163 888 iis
1179 819 1324 886 serendis

134 948 205 1011 tria
227 965 356 1032 semper
378 947 605 1030 requiruntur:
635 947 665 1032 1)
682 947 871 1012 iurisdictio
896 949 964 1010 sive
986 947 1021 1011 in
1040 945 1232 1031 lepislatore
1255 945 1325 1008 sive

136 1072 172 1135 in
188 1071 312 1144 iudice,
337 1071 371 1158 2)
387 1071 557 1155 sufficiens
579 1091 686 1138 caasa
709 1073 743 1158 3)
759 1077 790 1136 et
813 1091 969 1158 conpraa
992 1071 1082 1137 ratio
1102 1069 1324 1154 procedendi.

234 1197 265 1284 l)
283 1199 329 1262 De
345 1199 536 1263 necessitate
552 1197 780 1263 iurisdictionis
804 1217 861 1262 seu
885 1198 1116 1282 competentiae
1143 1215 1197 1260 res
1212 1194 1325 1279 explo-

139 1321 294 1385 ratissimi
318 1322 399 1386 iuris
422 1327 479 1394 est,
505 1339 585 1406 quae
609 1321 637 1386 si
660 1319 797 1394 deficiat,
816 1341 858 1385 ex
874 1320 1021 1407 generali
1042 1319 1156 1406 regula
1172 1319 1251 1384 iaris
1265 1336 1325 1400 per

138 1445 247 1530 legem
272 1445 463 1512 Barbariana
490 1450 664 1512 —sanatur
693 1464 791 1529 quum
821 1445 914 1510 adest
941 1465 1037 1510 error
1060 1443 1249 1509 communis.
1276 1441 1324 1507 Oi.

140 1570 218 1634 Vol.
243 1571 270 1639 Ι,
295 1591 327 1634 n.
351 1570 426 1636 352.
446 1569 565 1646 -Quia
587 1591 746 1637 censurae
769 1572 935 1656 pertinent
955 1569 996 1635 ad
1020 1571 1126 1634 iorum
1143 1573 1324 1640 externum,

140 1697 187 1760 ita
199 1713 260 1779 pro
273 1693 384 1759 iisdem
401 1695 545 1760 ferendis
563 1697 741 1780 requiritur
757 1695 935 1760 iurisdictio
951 1695 1015 1760 fori
1033 1695 1171 1760 externi.
1189 1692 1325 1767 Quinam

140 1841 222 1886 reno
246 1821 310 1885 hac
333 1821 507 1906 potiantur,
532 1822 715 1906 explicatur
740 1823 772 1886 in
796 1827 938 1887 tractatu
960 1822 1003 1888 de
1023 1821 1191 1904 personis.

231 1943 267 2029 2)
293 1944 412 2015 Quoad
434 1965 559 2012 causae
581 1945 777 2030 sufficientis
792 1945 1087 2032 requisitumhaec
1101 1943 1322 2008 advertantur.

140 2069 302 2144 Quoniam
325 2089 438 2153 poena,
464 2075 574 2156 utpote
597 2073 721 2136 sanctio
743 2071 827 2157 lepis
846 2070 898 2135 vel
924 2070 1051 2136 decreti
1066 2068 1205 2132 habetur
1226 2067 1328 2132 veluti

139 2194 382 2275 accessorium,
406 2213 503 2278 quum
526 2195 584 2260 lex
607 2196 659 2260 vel
683 2195 850 2260 decretum
875 2194 1011 2279 quodam
1028 2193 1176 2259 laborent
1199 2191 1329 2257 deiectu

141 2319 356 2390 substantiali.
381 2318 465 2384 unde
495 2325 551 2384 ant
581 2319 767 2386 iniustitiae
793 2325 848 2385 aut
870 2317 1189 2390 irrationabilitatis,
1218 2313 1252 2380 id
1280 2321 1330 2381 est

143 2443 310 2524 nullitatis,
323 2449 513 2529 arguantur,
539 2445 635 2509 etiam
660 2446 705 2510 uti
730 2444 820 2509 nulla
842 2465 899 2508 seu
919 2445 1014 2508 irrita
1029 2441 1176 2506 habenda
1194 2447 1242 2506 est
1259 2461 1330 2506 sen·

140 2567 245 2632 tentia
260 2587 428 2633 censurae.
447 2569 598 2634 Deiectus
615 2589 732 2634 causae
744 2567 978 2634 substantiatis
995 2587 1074 2632 vero
1091 2567 1197 2630 inesse
1213 2569 1328 2651 potest,

141 2693 198 2758 vel
221 2694 298 2777 quia
320 2700 467 2759 servatus
490 2715 556 2759 non
579 2695 640 2760 fuit
663 2695 742 2760 ordo
766 2695 921 2760 iuridicus
945 2700 981 2758 et
1004 2693 1120 2778 legalis
1143 2689 1330 2756 inferenda

140 2821 213 2904 ipsa
235 2817 319 2904 lege,
343 2819 397 2883 vel
419 2821 494 2903 quia
517 2839 581 2884 non
609 2819 700 2884 adest
721 2821 755 2884 in
779 2819 923 2884 subiecta
941 2819 1078 2882 materia
1104 2817 1160 2880 illa
1183 2816 1329 2901 gravitas

141 2943 261 3026 culpae
283 2941 541 3027 correspondens
557 2943 796 3008 ecclesiasticae
813 2961 981 3007 censurae.
1002 2977 1019 2990 -
1039 2941 1128 3016 Quae
1146 2938 1242 3023 culpa
1258 2959 1330 3024 pro-

142 3069 327 3154 portionata
351 3069 461 3152 gravis
483 3089 555 3134 esse
579 3067 674 3133 debet
697 3069 870 3133 coniuncta
893 3087 966 3133 cum
997 3088 1035 3132 ea
1056 3067 1178 3132 ordinis
1202 3065 1331 3130 socialis

141 3188 401 3261 deordinaiione,
426 3209 522 3275 quam
548 3195 736 3255 restaurare
758 3189 929 3255 intendunt
950 3191 1042 3276 leges
1065 3189 1216 3275 poenales
1240 3194 1330 3254 exte-

142 3315 245 3382 rioris
268 3313 343 3378 fori.

236 3433 300 3502 Sed
324 3434 399 3517 quid
423 3435 502 3500 iuris
525 3435 552 3500 si
574 3435 631 3500 lex
655 3438 696 3500 sit
718 3436 809 3500 iasta
832 3434 936 3518 quoad
959 3437 1152 3509 iussionem;
1178 3433 1331 3498 nimirum

142 3559 201 3624 vel
223 3557 346 3643 aliquid
368 3557 517 3632 faciendi,
542 3559 595 3624 vel
618 3558 798 3623 abstinendi
815 3579 835 3622 a
851 3563 941 3624 certo
957 3565 1042 3631 actu,
1067 3558 1122 3622 sed
1148 3558 1245 3621 iussio
1261 3575 1331 3620 ver-

142 3690 237 3750 setur
260 3686 351 3750 circa
373 3685 542 3749 materiam
557 3705 623 3749 non
639 3685 750 3770 gravis
773 3683 926 3770 ponderis
950 3683 1030 3748 adeo
1047 3691 1082 3748 nt
1104 3683 1204 3748 laesio
1220 3681 1331 3745 huius-

143 3807 233 3873 modi
255 3808 339 3894 legis
353 3810 411 3872 vix
426 3815 482 3874 aut
497 3827 538 3872 ne
553 3809 610 3873 vix
628 3808 756 3892 quidem
779 3809 953 3873 constituat
976 3828 1111 3894 gravem
1127 3807 1275 3890 culpam;
1300 3809 1333 3870 et

144 3931 357 3998 nihilominus
368 3931 425 3997 lex
436 3933 651 3997 comminetur
662 3950 799 4016 poenam
812 3933 922 4018 gravis
935 3951 1092 3996 censurae
1105 3933 1139 3994 in
1151 3934 1332 4013 transgres-

143 4055 258 4122 sores?
275 4054 332 4141 (1),
352 4059 499 4122 lamvero
517 4056 592 4141 quia
606 4056 662 4120 lex
683 4055 782 4121 habet
798 4056 877 4121 duas
892 4061 1013 4142 partes,
1035 4058 1212 4121 sustinetur
1228 4053 1333 4137 quoad

236 4337 278 4407 (l)
298 4335 413 4407 lnquam
430 4337 528 4406 pravis
547 4353 692 4404 censurae*
711 4353 776 4391 nam
795 4337 824 4390 in
843 4335 993 4408 hypothesi
1012 4334 1127 4391 levioris
1141 4351 1276 4389 censurae
1291 4333 1334 4388 vi·

143 4444 238 4498 dimus
257 4459 344 4512 supra
361 4442 391 4496 in
409 4453 463 4496 not.
478 4461 547 4515 pap.
566 4445 624 4497 132
642 4444 708 4514 quid
726 4443 901 4498 sentiendum
920 4443 965 4496 sit.
