3202 5104
306 249 372 314 234
830 270 914 316 rans
939 269 959 314 1.

306 394 394 459 licite
427 395 562 477 primam
598 400 763 459 tonsuram
799 413 880 477 quae
912 414 976 458 non
1001 399 1049 458 est
1073 394 1163 473 ordo,
1199 412 1263 456 non
1295 412 1376 456 vero
1405 392 1490 456 alios

306 521 456 584 minores.

395 645 428 732 2)
452 646 484 712 Si
509 648 578 730 quis
601 645 641 711 ab
666 666 729 711 uno
759 651 883 711 tantum
914 645 1029 711 ordine
1051 646 1277 730 suspendatur,
1307 651 1382 731 puta
1408 646 1490 730 Epi-

307 791 420 855 scopus
449 770 490 836 ah
521 771 634 836 ordino
669 772 873 846 diaconatus,
905 771 994 836 hunc
1025 791 1086 837 nec
1117 791 1277 836 exercere
1311 791 1373 835 nec
1407 791 1489 836 con-

306 895 395 960 ferre
419 897 522 972 valet;
546 903 580 962 at
601 896 688 962 licite
712 903 846 962 exercet
869 903 902 962 et
924 897 1053 962 confert
1075 895 1249 962 inferiores
1273 917 1315 961 ex
1329 873 1490 981 ¹prohabi-

305 1021 378 1084 liori
403 1022 559 1104 opinione,
578 1022 666 1085 iuxta
686 1023 792 1105 capita
815 1025 963 1106 superius
987 1023 1094 1086 citata.
1113 1022 1182 1086 Imo
1202 1042 1271 1106 arg.
1290 1041 1364 1104 cap.
1382 1021 1415 1084 4.
1437 1019 1491 1084 De

307 1148 497 1229 ternpore.
514 1149 552 1211 in
567 1148 591 1212 6
607 1146 692 1232 (1-9)
708 1147 835 1213 videtur
851 1150 1034 1232 superiores
1058 1146 1188 1211 ordines
1204 1147 1356 1212 conferre
1373 1167 1490 1231 posse:

306 1270 407 1335 verba
430 1273 542 1356 capitis
565 1273 645 1336 haec
671 1279 761 1348 sunt;
789 1296 806 1334 ‹
832 1272 895 1342 Qui
918 1291 997 1338 cero
1023 1277 1143 1337 conba
1169 1270 1288 1352 fecerit
1319 1269 1390 1356 (seu
1415 1271 1488 1334 ille-

306 1397 415 1481 gitime
438 1397 613 1462 contulerit
636 1399 771 1483 primam
796 1396 974 1480 tonsuram)
989 1401 1026 1460 ut
1042 1395 1079 1459 in
1095 1414 1133 1462 eo
1150 1397 1187 1460 im
1203 1413 1271 1480 quo
1290 1395 1491 1478 peccaverit

303 1523 479 1606 puniatur,
500 1542 567 1605 per
589 1542 697 1587 unum
721 1542 852 1588 uanum
876 1542 897 1587 a
922 1524 1100 1590 collatione
1131 1521 1300 1589 elmoaldo
1324 1526 1491 1586 loruurue

307 1650 489 1715 damloorul
515 1649 647 1713 noemi
673 1667 709 1713 re
735 1667 937 1730 suspensum
955 1670 983 1712 ›.
1011 1649 1068 1714 Est
1100 1649 1259 1714 sententia
1289 1643 1490 1730 probabilior

307 1779 339 1838 et
362 1793 494 1858 prorsus
519 1773 633 1838 rationi
658 1792 807 1837 consona.
826 1773 979 1847 Quamvis
1000 1775 1086 1838 enim
1109 1773 1240 1838 ordines
1265 1777 1490 1836 exerceantur

307 1898 380 1964 dum
393 1899 616 1970 conferuntur,
629 1905 736 1964 tamen
753 1898 925 1984 prohibitio
941 1905 1064 1965 tantum
1077 1897 1259 1984 percellens
1272 1897 1488 1964 collationem

307 2045 370 2090 non
390 2024 484 2090 debet
505 2025 634 2089 extendi
651 2025 690 2088 ad
708 2024 918 2096 caecilium,
940 2026 1014 2107 quia
1030 2044 1153 2109 poenae
1170 2044 1233 2087 non
1255 2019 1418 2088 excedunt
1435 2041 1488 2084 ca-

307 2170 376 2214 sum
399 2170 490 2214 suum
515 2155 547 2213 et
571 2151 652 2214 ratio
676 2147 774 2217 adest.
800 2149 999 2232 plerumque,
1025 2167 1084 2214 cur
1108 2149 1242 2215 collatio
1263 2145 1488 2232 prohibeatur,

307 2295 371 2340 non
395 2276 604 2356 emercilium,
633 2295 756 2359 nempe.
783 2279 818 2338 ut
840 2275 916 2358 quie
939 2275 975 2340 in
999 2295 1037 2342 eo
1058 2276 1228 2358 puniatur
1254 2275 1381 2358 inquo
1405 2291 1487 2354 pec·

307 2401 404 2466 coeit.
430 2401 476 2466 Cf.
502 2401 621 2466 Suarez
645 2401 770 2472 XXVI,
798 2403 827 2467 4.
853 2401 883 2474 2,
909 2420 955 2484 sq.

396 2526 432 2605 3)
456 2525 630 2600 Quaeritur
656 2526 797 2610 insuper,
822 2545 862 2588 an
891 2525 1076 2608 superiores
1106 2524 1236 2589 ordines
1266 2524 1364 2608 possit
1389 2541 1487 2586 exer-

306 2669 393 2714 cere.
418 2649 513 2716 Certe
538 2670 579 2715 ex
604 2653 674 2715 iure
698 2669 769 2713 can.
797 2669 860 2713 non
894 2655 1018 2734 prostat
1042 2656 1155 2733 aperta
1183 2647 1365 2734 prohibitio,
1390 2667 1487 2711 secus

307 2776 483 2857 quaestioni
507 2775 596 2839 locus
620 2793 683 2838 non
708 2778 802 2838 esset.
818 2809 834 2822 -
851 2771 1060 2854 D’Annihale,
1084 2776 1108 2850 Ι,
1128 2746 1210 2841 380.
1235 2777 1303 2838 aot.
1328 2772 1374 2835 lo
1396 2777 1487 2856 putat

306 2899 435 2964 obstare
466 2901 515 2966 ius
538 2899 686 2964 naturale
710 2899 872 2983 repellens
903 2900 1013 2963 taliter
1045 2918 1234 2983 suspensum
1266 2897 1365 2982 quusi
1394 2895 1486 2961 indi-

306 3044 433 3108 qnum:
455 3025 610 3108 siquidem
639 3026 708 3088 sine
739 3024 890 3088 scandalo
921 3024 1033 3088 taliter
1063 3043 1236 3108 suspensus
1264 3043 1328 3088 non
1358 3022 1488 3086 ridetur

307 3151 493 3213 ministrare
525 3168 617 3234 posse
649 3150 681 3211 in
712 3148 933 3233 superioribus
963 3147 1139 3213 ordinibus.
1166 3151 1209 3212 At
1240 3151 1362 3211 remoto
1392 3165 1486 3210 scan-

308 3275 389 3342 dalo.
417 3277 492 3358 quia
518 3294 640 3359 poenae
668 3294 732 3338 non
760 3273 922 3339 excedunt
952 3294 1044 3338 suum
1076 3294 1195 3340 casum.
1220 3273 1348 3339 videtur
1377 3271 1489 3336 taliter

308 3420 480 3484 suspensus
504 3420 567 3463 non
591 3399 757 3484 prohiberi
783 3398 822 3462 ab
847 3398 1039 3462 exercendis
1067 3397 1232 3462 ordinibus
1255 3395 1487 3482 superioribus·

308 3527 479 3610 Sequimur
501 3525 693 3590 sententiam
717 3523 757 3587 cl.
784 3525 938 3607 Gasparri
970 3523 1025 3587 Tr.
1044 3524 1086 3588 de
1111 3523 1144 3588 S.
1165 3521 1281 3588 Ordin.
1306 3521 1339 3586 V.
1356 3519 1383 3589 Ι,
1407 3519 1487 3601 149Ι

309 3649 465 3734 Equidem
500 3650 666 3734 suspensio
690 3668 710 3712 a
733 3648 917 3714 diaconatu
943 3647 995 3711 vel
1019 3667 1039 3710 a
1061 3647 1311 3714 subdiaconatu
1341 3647 1489 3730 irrogata

309 3773 474 3857 distinguit
497 3772 556 3837 hos
580 3770 698 3856 gradus
721 3769 761 3834 ab
785 3769 899 3834 ordine
924 3769 1101 3853 superiore,
1127 3776 1160 3832 et
1182 3767 1333 3854 sacerdos
1355 3769 1487 3830 missam

309 3899 478 3964 celebrans
494 3918 557 3962 non
574 3899 640 3982 agit
656 3896 823 3960 diaconum
842 3901 896 3959 aut
913 3893 1150 3966 subdiaconum.
1168 3893 1224 3958 sed
1247 3893 1485 3978 presbyterum.

310 4025 394 4090 Sane
418 4024 499 4088 haec
522 4022 692 4100 distinctio,
715 4022 751 4084 io
767 4041 802 4085 se
818 4040 905 4090 vera,
927 4019 1080 4102 practice
1104 4021 1197 4084 nimis
1221 4018 1344 4083 subtilis
1368 4019 1485 4103 populo

309 4149 412 4216 videri
430 4152 603 4234 continget,
621 4151 673 4232 qui
691 4147 860 4212 mirabitur
876 4149 1062 4211 ministrare
1085 4145 1125 4210 ad
1150 4146 1254 4211 altaro
1278 4146 1322 4209 uti
1342 4143 1485 4230 presby-

312 4281 421 4341 teram
443 4276 496 4358 qui
521 4275 565 4337 uti
589 4273 753 4338 diaeonus
777 4271 954 4354 prohibitus
978 4275 1035 4335 est
1056 4270 1142 4334 Hinc
1166 4270 1348 4333 sententiae
1364 4269 1405 4330 cl.
1423 4269 1485 4332 Ga-

310 4400 415 4486 sparri
438 4397 614 4463 addidimus
638 4395 823 4466 clausulam,
846 4394 986 4477 alioquin
1010 4391 1275 4474 subintellectam,
1294 4412 1407 4478 nempe
1429 4411 1483 4456 re—
