3080 5110
443 295 486 340 on
512 294 665 340 onereris
690 295 734 340 sr
757 295 876 341 nonnis
1180 276 1244 340 377

77 437 142 482 cum
165 418 289 482 orietur
312 415 440 481 dubium
465 437 507 481 an
531 415 633 482 verba
654 417 819 498 forrnalia
843 420 874 480 in
898 415 1104 482 conficiendis
1135 438 1244 485 sacra-

77 543 184 607 mentis
208 540 426 627 proferantur.
444 562 509 606 non
529 542 733 626 dispensatur·
757 563 798 607 ne
821 563 894 608 eum
913 545 1080 626 promotis
1103 544 1245 629 quidem;

77 669 116 732 uti
139 665 275 732 edictum
301 669 405 732 estin
429 665 562 732 Imolen.
588 668 643 733 die
666 667 708 731 14
731 672 795 751 Ap.
820 667 921 734 1852.
976 667 988 689 ‘

157 794 232 858 290.
258 795 391 858 Demum
416 792 518 878 quoad
542 793 687 858 defectus
716 795 748 858 in
782 793 938 869 brachiis,
963 795 996 858 in
1020 794 1186 870 manibus,
1212 796 1245 859 in

75 917 225 983 cruribtes
259 918 341 982 haec
375 923 558 983 teneantur.
592 955 608 966 -
642 919 703 992 Qui
739 924 830 982 earet
860 924 997 1002 utroque
1026 918 1161 984 brachio
1193 921 1244 986 vel
1377 969 1389 982 .

75 1052 239 1128 utrumque
262 1044 359 1110 habet
382 1044 437 1109 sed
460 1045 598 1110 motibus
630 1047 770 1130 ineptum
803 1065 866 1109 non
897 1051 946 1110 est
975 1045 1166 1132 irregularis
1189 1047 1244 1111 sed

74 1167 217 1234 inhabilis
240 1169 309 1233 iure
334 1174 469 1234 naturae
493 1170 603 1235 etheo
626 1169 794 1235 indubitati
819 1170 897 1234 iuris
912 1175 969 1236 est.
996 1204 1014 1218 ·
1039 1170 1100 1245 Qui
1120 1175 1244 1237 tantum

73 1293 224 1358 alterutro
248 1299 339 1358 caret
362 1301 394 1358 et
416 1293 613 1378 potissimum
638 1294 774 1361 sinistro
799 1299 831 1358 et
860 1293 1000 1360 defectui
1032 1295 1158 1380 supplet
1186 1315 1244 1381 per

72 1417 235 1484 brachium
258 1419 421 1504 fictitium,
447 1425 497 1486 est
518 1419 709 1504 irregularis
735 1425 770 1484 at
795 1419 1067 1505 dispensationum
1096 1422 1245 1506 exempla

71 1541 239 1616 abundant,
265 1542 397 1608 adiectis
420 1547 526 1608 tamen
552 1545 739 1629 opportunis
763 1544 907 1611 cautelis.
932 1544 1030 1610 veluti
1052 1543 1135 1628 quod
1158 1545 1242 1610 cele-

71 1667 173 1734 branti
188 1668 321 1734 adsistat
336 1670 418 1734 alius
433 1669 585 1735 sacerdos
608 1670 843 1755 superpelliceo
867 1669 996 1737 indutus
1013 1674 1045 1734 et
1059 1669 1244 1736 celebretur

69 1791 98 1855 in
122 1794 265 1858 oratorio
290 1794 426 1879 privato,
458 1798 491 1859 et
520 1792 664 1878 digitalis
695 1813 796 1858 aurea
824 1794 877 1858 vel
907 1799 1065 1879 argentea
1094 1794 1244 1879 religiose

68 1919 264 1984 asservamus
287 1918 501 1984 adhibeantur
524 1920 558 1983 in
582 1938 677 1983 manu
709 1916 831 1983 fictitia.
865 1917 995 1982 Revera
1025 1919 1058 1982 in
1090 1939 1155 1984 une
1181 1916 1242 1982 Pa-

68 2045 257 2116 normitana,
276 2043 408 2111 Oratori
432 2047 486 2128 qui
510 2045 695 2129 promoveri
718 2042 900 2129 postulabat
923 2045 1068 2127 quamvis
1088 2063 1152 2108 uno
1168 2042 1243 2108 bra-

68 2170 137 2234 cbio
161 2175 311 2236 uteretur
334 2167 455 2244 fictitio,
473 2169 506 2236 S.
532 2171 566 2235 O.
591 2171 624 2236 0.
650 2170 705 2236 die
725 2169 777 2234 20
797 2170 928 2253 Aprilis
949 2170 1042 2236 1850
1066 2172 1241 2256 rescripsit:

71 2315 88 2354 e
103 2295 248 2361 Attentis
258 2294 492 2378 peculiaribus
516 2294 779 2361 cirmtnrstantirs
794 2295 1038 2363 consulendum
1055 2295 1163 2363 SSnw
1175 2315 1243 2380 pro

64 2423 179 2506 pratia
203 2423 466 2507 dispensationis
489 2428 519 2488 et
542 2421 824 2488 rebabititationis
847 2441 924 2488 curn
947 2421 1138 2490 conditione
1161 2425 1242 2489 cele-

64 2546 189 2615 brandi
211 2550 249 2614 in
272 2549 423 2615 oratorio
450 2548 598 2630 privato,
624 2546 819 2633 dipitalibns
849 2548 965 2614 anrns
994 2550 1045 2614 vel
1073 2549 1244 2634 arpenteis

62 2691 151 2756 qnae
174 2674 309 2756 empteto
331 2673 498 2758 sacrificio
525 2677 720 2738 reverenter
749 2677 972 2755 reponantur,
997 2691 1039 2739 ac
1057 2677 1244 2755 propterea

61 2794 210 2877 quolibet
231 2813 324 2860 anno
346 2793 537 2860 renovandi
568 2793 838 2876 erperinrentnrn
869 2813 988 2859 eornm
1018 2793 1240 2860 caerimonia-

43 2903 140 2984 'rum
162 2921 328 3008 mcpistro
353 2919 396 2986 ab
419 2920 505 2986 Eme
528 2920 790 3002 Arcbiepiscopo
814 2921 864 2986 vet
894 2919 936 2986 ab
970 2919 1154 2986 ordinario
1174 2939 1241 3002 pro

59 3051 214 3128 ternpore
237 3047 441 3129 deputando,
466 3047 515 3111 ita
536 3051 574 3110 nt
596 3045 625 3110 si
649 3051 766 3111 orator
782 3017 826 3110 'in
848 3046 964 3130 aliquo
993 3045 1127 3130 deficiat
1148 3045 1241 3110 rein-

58 3171 150 3236 cidat
167 3171 206 3236 in
220 3171 514 3258 irrepntorituteni
529 3174 561 3235 et
576 3170 623 3236 ud
638 3166 671 3232 S.
694 3167 727 3234 O.
743 3187 923 3235 recurrere
937 3169 1062 3234 iternm
1077 3173 1239 3242 teneatur,

52 3314 120 3377 per
143 3297 301 3362 Breve».

149 3423 218 3486 Pro
233 3422 312 3488 locis
336 3422 520 3486 missionum
537 3420 590 3485 ubi
606 3421 739 3505 gravior
763 3423 858 3505 urget
881 3417 1084 3483 sacerdotum
1105 3417 1241 3504 penuria

55 3553 88 3612 et
111 3544 239 3612 affabre
254 3548 359 3632 aptari
375 3543 505 3612 difficile
520 3545 630 3610 valent
645 3544 782 3609 brachie
800 3541 922 3616 fictitia,
940 3542 1064 3607 indulta
1079 3548 1129 3607 est
1144 3543 1240 3606 etiam

54 3673 199 3738 facultas
221 3669 407 3736 celebrandi
432 3670 555 3735 cuidam
580 3669 745 3736 Sacerdoti
769 3670 822 3754 qui
846 3670 932 3735 inter
960 3666 1152 3748 venandum,
1169 3665 1241 3732 bra·

52 3796 168 3861 chium
182 3797 356 3877 sinistrum,
370 3796 464 3881 ignea
481 3792 609 3859 ballista
620 3813 639 3858 e
651 3813 708 3859 suo
725 3791 899 3878 ignitabolo
912 3791 1055 3877 explosa,
1068 3793 1113 3856 ita
1128 3789 1241 3856 habuit

51 3921 266 3986 vulneratum
290 3924 325 3985 ut
354 3919 436 3984 idem
467 3917 611 3983 abscindi
635 3916 797 3992 debuerit;
822 3937 896 3981 nam
927 3916 957 3981 S.
984 3916 1083 4001 Cong.
1109 3915 1239 3980 Rituum

49 4047 108 4112 die
134 4047 160 4112 8
185 4045 306 4111 Martii
329 4043 418 4111 1884
441 4044 526 4108 hanc
549 4042 636 4108 dedit
662 4043 903 4128 responsionem
935 4061 1030 4124 quam
1060 4027 1106 4106 ita
1136 4039 1240 4106 refert

48 4175 216 4260 Gasparri
240 4194 271 4238 n.
296 4173 362 4240 262
389 4170 560 4244 ‹SSrnns
590 4171 724 4236 attentis
754 4169 925 4252 subpositis,
953 4188 1073 4251 preces
1101 4167 1240 4234 remittit

47 4299 142 4365 linio
181 4297 313 4363 Vicario
350 4297 543 4379 Apostolico
574 4293 900 4377 Mudrnspotanensi
931 4293 991 4378 qni
1019 4293 1165 4366 oratori'
1181 4312 1238 4359 no-

45 4425 146 4490 rnine
177 4428 209 4488 et
239 4423 439 4489 anctoritate
471 4423 504 4488 S.
537 4420 635 4487 Sedis
665 4420 847 4504 empetitnrn
880 4418 1165 4501 dispensationem
1192 4419 1239 4483 nd
