3312 5108
310 305 355 372 20
834 321 917 368 rans
942 319 965 366 1.

309 442 478 512 obiectivo.
503 479 518 492 ·
544 446 692 509 lamvero
723 445 757 509 in
787 444 859 509 iure
889 463 1016 527 quoque
1040 461 1111 508 can.
1136 443 1283 536 adhiberi
1306 442 1402 508 debet
1424 442 1487 508 boc

309 571 487 645 criterium,
501 575 536 635 ut
547 569 811 638 discriminentur
823 569 945 634 delicto
960 589 980 632 a
997 567 1330 654 transmeatoribus.
1343 569 1488 651 Namque

311 693 469 770 haeream,
493 695 649 769 amenta,
673 693 903 780 samtlepiam,
929 693 1139 776 blasphemia
1162 698 1196 759 et
1221 694 1266 758 ita
1287 711 1385 778 porro
1413 697 1488 758 sunt

310 821 443 903 proprie
459 817 590 895 delicta3
607 837 664 884 seu
680 823 755 884 sunt
768 818 864 902 sacta
878 818 952 903 lege
967 818 1094 904 poenali
1111 815 1273 903 prohibita
1290 818 1363 900 quia
1379 817 1488 900 mato;

310 951 344 1011 et
366 963 462 1010 sensu
491 945 659 1030 explicato,
692 944 775 1009 haec
805 943 923 1010 delicta
954 949 1089 1028 possunt
1112 941 1175 1008 dici
1197 941 1292 1025 sacta
1315 962 1372 1007 seu
1396 941 1487 1007 aazia

310 1067 469 1134 iuridica.
493 1069 562 1132 -E
587 1072 703 1134 contra
732 1068 885 1136 infractio
915 1067 996 1154 legis
1027 1067 1146 1138 ieiunii,
1176 1083 1242 1130 non
1266 1065 1382 1130 solutio
1406 1063 1488 1130 deci-

311 1213 447 1269 marum,
472 1213 536 1258 non
560 1193 708 1257 recitatio
724 1192 880 1258 horarum
896 1191 1144 1266 canonicarnm;
1169 1195 1202 1256 et
1225 1190 1311 1253 aliae
1326 1188 1359 1252 id
1374 1207 1488 1274 genus,

311 1315 392 1402 legis
405 1317 604 1397 violationes
616 1321 695 1382 sunt
715 1316 1007 1402 iramspressiomes.
1020 1349 1032 1363 ·
1045 1315 1116 1379 Hoc
1132 1319 1238 1379 autem
1255 1313 1420 1398 proprium
1437 1319 1489 1378 est

311 1438 499 1523 disciplinae
523 1439 650 1520 eccles,
673 1439 825 1503 nimirum
849 1443 884 1502 ut
908 1437 1146 1522 frequentiores
1170 1444 1203 1502 et
1226 1439 1395 1522 graviores
1426 1439 1490 1502 sint

312 1562 598 1648 traaspresaionea
615 1562 649 1626 in
664 1561 737 1646 lege
754 1560 883 1645 poenali
900 1561 1121 1656 ecclesiastice
1135 1579 1230 1644 quam
1247 1561 1343 1625 cirili.
1361 1561 1489 1626 Etenim

313 1688 462 1754 Ecclesia
478 1688 581 1772 primo
604 1693 638 1754 et
660 1688 783 1754 directe
806 1694 899 1754 curat
925 1686 1213 1754 sanctificationem
1237 1689 1435 1775 singolorum
1459 1693 1491 1752 et

313 1812 505 1878 secundario
528 1811 646 1877 bonurn
670 1813 899 1884 universitatis,
932 1811 1102 1878 efficiendo
1126 1819 1161 1880 ut
1186 1819 1326 1879 externa
1353 1814 1491 1878 societas

314 1937 491 2022 christiana
514 1936 588 2002 Deo
611 1938 652 2002 sit
675 1936 809 2012 devota;
834 1936 910 2001 dum
934 1937 1071 2002 societas
1098 1938 1202 2004 civilis
1227 1936 1267 2002 de
1287 1939 1425 2023 'singulis
1448 1937 1491 2002 di·

314 2065 404 2126 recte
428 2080 540 2125 curam
563 2081 628 2124 non
652 2060 759 2134 habet,
784 2059 840 2125 sed
865 2061 982 2146 satagit
1005 2061 1036 2124 in
1066 2062 1177 2146 primis
1202 2067 1236 2126 ut
1260 2069 1435 2128 seruentur
1457 2061 1492 2126 il·

314 2185 403 2249 lesae
434 2186 610 2251 relationes
640 2184 807 2252 iariclicae
838 2187 933 2251 unius
955 2185 995 2250 ad
1023 2185 1161 2252 alterum
1193 2189 1313 2261 civem;
1339 2187 1491 2254 etunius

314 2305 356 2370 ad
379 2307 539 2392 integram
565 2309 769 2382 societatem;
794 2327 929 2392 quarum
954 2308 1183 2374 iamdicarum
1207 2307 1398 2372 relationum
1422 2310 1492 2372 vio·

315 2433 451 2499 latiores
478 2438 554 2500 aunt
573 2433 713 2516 delicta3
731 2439 765 2498 et
781 2433 1076 2520 transpressionea,
1102 2453 1166 2498 non
1190 2453 1325 2520 magnae
1349 2435 1493 2519 gravita-

315 2557 365 2630 tis,
382 2555 465 2622 fiunt
479 2559 512 2622 in
528 2558 618 2643 leges
638 2557 849 2623 defendentes
865 2578 930 2622 non
946 2559 1025 2624 iura
1041 2558 1096 2623 sed
1109 2565 1321 2644 procurantes
1337 2560 1492 2624 maiorem

318 2682 498 2770 profectum
517 2685 694 2759 societatis,
710 2703 766 2749 seu
783 2682 917 2765 bonam,
937 2683 985 2748 uti
1002 2683 1243 2768 explicavimus,
1265 2706 1298 2749 a.
1318 2685 1371 2749 12.
1389 2683 1493 2769 Leges

318 2827 399 2872 vero
430 2807 671 2872 ecclesiasticae
693 2807 856 2892 poenales,
882 2808 919 2872 iis
943 2807 1087 2892 exceptis
1111 2807 1233 2874 delicta
1257 2805 1491 2879 coercentibus,

319 2951 402 3016 pene
429 2951 541 2998 omnes
571 2933 724 3000 feruntur
742 2932 782 2997 ad
805 2931 1048 3017 provehendum
1075 2931 1201 2998 bonum
1233 2932 1434 3018 singulorum
1461 2935 1494 2997 et

317 3055 465 3139 integrae
487 3052 650 3119 societatis
673 3052 729 3138 (1).

390 3476 429 3548 (l)
449 3477 535 3531 Notat
558 3477 677 3531 Carrei-a
700 3495 744 3548 op.
773 3479 820 3533 cit.
847 3483 864 3544 ἓ
891 3479 927 3532 13
949 3488 1005 3534 not.
1028 3479 1051 3543 1,
1075 3481 1185 3532 tantum
1205 3477 1257 3532 hoo
1276 3479 1389 3532 saeculo
1408 3478 1495 3534 nitide

319 3582 479 3637 distinctum
498 3583 584 3637 luisse
603 3583 632 3637 iu
650 3584 785 3638 societate
803 3584 997 3653 magisterium
1017 3585 1136 3654 poenale
1155 3601 1172 3638 a
1191 3584 1353 3654 magisterio
1378 3585 1496 3654 politico

319 3710 368 3749 seu
387 3696 474 3748 bonae
493 3693 717 3763 paternationis3
736 3693 801 3762 quia
820 3692 928 3746 codices
947 3697 975 3746 ot
989 3691 1101 3747 scholae
1116 3693 1236 3761 vestigia
1249 3694 1414 3762 premebant
1427 3693 1496 3746 iuris

321 3801 519 3867 aeclesiastici,
538 3801 610 3871 quod
630 3817 685 3855 non
707 3800 830 3855 defendit
848 3805 877 3856 et
895 3805 999 3866 tuetur,
1019 3801 1047 3854 in
1068 3801 1172 3870 primis,
1192 3801 1344 3856 relationes
1362 3803 1496 3856 iuridicas

320 3917 454 3962 extentas
480 3905 606 3970 sociales,
625 3905 672 3960 sed
693 3905 843 3961 relationes
861 3908 985 3961 morales
1005 3911 1064 3960 tum
1084 3906 1205 3961 bominis
1223 3907 1257 3959 ad
1282 3907 1412 3976 seipsum,
1437 3910 1496 3961 tum

320 4012 441 4067 bominis
460 4013 494 4066 ad
514 4011 609 4078 Deum,
629 4017 687 4067 tum
706 4012 826 4068 bominis
844 4013 879 4067 ad
897 4014 968 4068 alios
986 4018 1015 4069 et
1033 4014 1067 4067 ad
1087 4015 1225 4083 integram
1251 4013 1414 4068 societatem
1437 4016 1496 4067 tum

321 4119 463 4174 societatis
488 4119 522 4172 ad
548 4117 642 4173 Deum.
672 4119 707 4173 at
731 4119 783 4174 hoc
808 4124 851 4174 est
868 4121 982 4176 veritati
1011 4122 1152 4176 conforma
1171 4125 1200 4176 et
1218 4121 1318 4190 probat
1337 4119 1380 4173 ius
1399 4119 1496 4174 eccles.

321 4245 408 4300 usque
436 4227 478 4282 sui
505 4229 554 4282 fini
574 4243 696 4297 congrue
729 4226 909 4298 respondisse.
936 4228 980 4284 lus
1005 4246 1071 4287 vero
1090 4229 1173 4284 civile
1200 4228 1299 4298 penale
1323 4229 1352 4282 in
1372 4228 1499 4299 pluribus

321 4331 479 4397 aberravit3
498 4334 527 4386 et
546 4331 719 4401 potissimum
731 4331 888 4386 barbariem
911 4332 1085 4386 ethnicorum
1111 4332 1251 4387 imitatum
1277 4337 1327 4399 est,
1347 4333 1414 4404 quia
1438 4332 1500 4388 eius

322 4435 406 4490 finem
426 4433 508 4503 plana
527 4435 678 4488 iuridicam
696 4449 793 4503 parum
813 4440 988 4504 perspectum
1007 4432 1112 4490 habuit.
