3266 5102
525 405 569 452 us
592 405 746 452 nanrcrrs
771 407 813 453 ur
836 405 956 454 roams
1287 387 1330 452 89

148 524 236 588 lacto
260 526 418 590 materiali
441 529 571 612 pensari
599 526 694 594 debet
725 525 782 593 sed
811 547 853 592 ex
884 529 1064 612 quantitate
1096 527 1177 603 doli;
1206 547 1330 614 poenae

146 667 227 713 vero
252 650 468 731 mutilationis,
493 651 525 714 in
549 670 680 736 genere,
705 671 770 716 non
794 649 990 736 respondent
1007 647 1062 714 flni
1079 670 1267 735 poenarum.
1285 686 1329 700 -

148 772 188 836 In
211 773 286 858 lege
308 794 388 838 vero
412 775 546 842 talionis
568 777 719 850 moralia,
745 778 891 860 quamvis
914 778 957 841 sit
980 777 1188 861 propositum,
1204 779 1330 840 tantum

148 897 225 964 boni
240 899 373 965 auferre
389 899 584 986 delinquenti
600 907 753 985 quantum
769 902 823 966 hic
839 901 1055 987 delinquendo
1073 901 1272 977 deturbavit;
1297 908 1332 967 at

150 1044 215 1089 non
238 1025 308 1089 rult
332 1025 470 1089 obtineri
501 1027 698 1110 comparatio
729 1025 928 1100 materialis,
954 1026 1010 1091 sed
1038 1026 1170 1091 moralis
1195 1045 1233 1090 eo
1257 1045 1331 1091 con·

150 1148 221 1212 silio
253 1153 288 1212 ut
322 1168 425 1233 poena
450 1149 493 1214 sit
519 1149 651 1216 ordinis
683 1150 906 1216 instauratio:
937 1150 999 1214 hoc
1027 1171 1123 1216 sensu
1155 1169 1259 1234 poena
1283 1153 1333 1215 est

149 1272 366 1346 diiudicatioa,
385 1278 417 1337 et
431 1293 491 1358 per
507 1294 643 1358 poenam
665 1275 840 1339 criminum
864 1273 899 1339 lit
925 1275 1085 1341 vindicta.
1113 1311 1129 1323 -
1147 1275 1183 1340 D.
1209 1274 1331 1339 Paulus

152 1431 170 1442 -
188 1395 244 1460 Ad
268 1393 441 1462 Romanos
458 1417 485 1462 c.
503 1395 546 1462 13
562 1431 580 1444 -
597 1397 637 1462 de
660 1397 724 1462 hac
741 1399 883 1463 vindicta
901 1399 962 1464 aii:
981 1419 999 1460 c
1017 1399 1183 1463 Siciliam
1199 1399 1331 1463 malum

149 1519 272 1602 feceris
296 1522 384 1603 time,
408 1541 478 1588 uon
501 1523 592 1588 euim
614 1523 687 1588 siue
710 1543 816 1590 causa
839 1525 995 1611 gladium
1015 1529 1142 1607 portal.
1161 1524 1224 1588 Dci
1239 1524 1331 1590 euim

150 1645 306 1710 minister
328 1652 395 1712 est:
424 1647 552 1712 vindam
582 1648 619 1712 iu
650 1649 742 1713 iram
777 1648 809 1714 ei
843 1650 902 1734 qui
934 1651 1066 1714 maltum
1097 1648 1168 1733 ugit
1200 1670 1231 1711 ›.
1267 1646 1330 1712 Sed

149 1768 294 1834 vindicta
317 1769 356 1832 ad
380 1769 525 1834 ordinem
555 1772 718 1844 socialem,
749 1791 813 1834 non
837 1777 887 1836 est
910 1771 1136 1836 confundenda
1160 1792 1234 1836 cum
1258 1772 1330 1835 viu-

150 1889 236 1954 dicta
259 1911 356 1974 quam
372 1893 457 1957 Deus
471 1895 612 1966 assumit,
631 1893 834 1980 perpendens
851 1895 995 1959 intimam
1012 1899 1157 1957 actorum
1175 1893 1331 1957 moralem

149 2015 342 2097 nequitiam3
368 2023 400 2081 et
421 2015 507 2081 hanc
530 2019 622 2102 punit
644 2017 684 2082 ad
709 2020 875 2084 inoratam
899 2017 1044 2082 ordinem
1065 2015 1332 2089 restaurandum;

149 2145 248 2221 atque
270 2138 334 2204 hoc
358 2141 406 2204 ius
429 2139 495 2204 Deo
511 2146 633 2204 tanturn
656 2143 825 2226 competit,
840 2142 954 2206 aienti:
984 2141 1106 2204 «Mihi
1129 2141 1278 2206 uindicta
1301 2147 1333 2206 el

149 2285 213 2352 epo
235 2266 425 2333 retribuum
449 2267 487 2332 iu
510 2273 660 2350 tempore
678 2289 707 2332 a.
732 2269 888 2358 Ecclesia
901 2288 1026 2353 quoque
1042 2287 1107 2332 non
1123 2267 1182 2332 sibi
1198 2273 1332 2353 arrogat

149 2391 238 2456 hanc
260 2391 434 2457 vindictam
458 2393 489 2456 in
514 2398 702 2478 peccatores
725 2394 782 2459 sed
806 2395 872 2458 Deo
902 2394 1064 2478 relinquit,
1097 2413 1216 2457 curans
1239 2396 1330 2458 utin

148 2515 214 2580 hac
236 2517 304 2580 vita
327 2515 393 2579 Deo
416 2521 649 2582 convertantur
673 2521 706 2580 et
728 2519 849 2580 vivant.
868 2516 1055 2614 Vindictam
1073 2521 1178 2580 autem
1196 2520 1330 2608 exercet

150 2639 334 2730 enirm—num.
344 2641 453 2724 prouti
470 2641 530 2705 ista
546 2641 615 2705 eius
631 2638 686 2704 fini
704 2641 878 2726 respondet
894 2660 950 2706 seu
970 2609 1127 2724 quatenus
1152 2646 1199 2704 est
1223 2640 1331 2723 aliqua

149 2765 254 2826 or''
297 2784 312 2817 s
356 2763 425 2827 ialis
449 2767 642 2848 restauratio
664 2765 883 2858 utauferatur
906 2765 1091 2830 scandalum
1116 2764 1332 2856 {lmeuffli

151 2887 669 2974 wmmfflmecengauur.
694 2888 927 2982 Quem
948 2909 1034 2984 eree
1058 2858 1210 2984 eluendi
1235 2907 1332 2984 ellit

151 3012 510 3099 inseruisset-dicuntur,
523 3013 759 3098 uindicaturus.
779 3013 850 3077 Hac
867 3015 1042 3077 rationein
1059 3015 1171 3098 poenis
1186 3011 1331 3076 inseren-

151 3135 199 3200 dis
215 3135 364 3200 Ecclesia
379 3135 537 3221 duplicem
554 3139 761 3221 persequitur
779 3134 885 3217 finem,
903 3137 1055 3202 nimirum
1075 3134 1331 3199 emendationem

151 3259 199 3322 rei
225 3263 257 3322 et
279 3259 547 3324 restaurationem
572 3257 694 3323 ordinis
717 3260 856 3331 socialis,
882 3277 1000 3324 curans
1024 3277 1122 3322 unum
1147 3263 1178 3322 et
1194 3257 1331 3321 alterum

151 3381 298 3450 obtinere
321 3381 402 3447 adeo
426 3389 461 3447 ut
485 3385 512 3447 si
535 3403 600 3448 non
624 3389 778 3467 sequatur
801 3386 849 3448 rei
874 3383 1064 3458 emendatio
1086 3403 1168 3468 quae
1192 3384 1332 3448 maxime

151 3506 321 3572 Ecclesiae
355 3507 445 3572 cordi
480 3514 544 3590 est,
576 3509 688 3574 saltem
721 3510 905 3574 scandalum
937 3515 970 3574 et
999 3509 1076 3574 mali
1100 3509 1239 3592 exempli
1262 3508 1332 3574 lues

150 3635 304 3694 arceatur
327 3650 387 3715 per
410 3650 528 3714 poenas
551 3632 784 3698 vindicatione.
812 3633 883 3697 Hoc
907 3651 1064 3716 expresse
1079 3630 1167 3696 iubet
1184 3633 1236 3696 cit.
1256 3650 1331 3713 cup.

151 3753 183 3829 8,
210 3755 252 3820 de
274 3755 339 3838 ref.
364 3753 449 3822 Sese.
479 3756 537 3821 24.
567 3757 691 3823 Coacil.
722 3757 817 3822 Tria.

240 3879 294 3945 56.
320 3879 415 3944 Modo
447 3881 638 3966 explicanda
666 3888 714 3946 est
742 3881 838 3954 notio,
866 3899 1010 3962 poenae,
1043 3900 1219 3956 censurae,
1248 3899 1334 3963 poe-

150 4002 322 4068 nitentiue.

241 4127 352 4194 Posito
374 4125 439 4192 fine
462 4128 514 4192 cui
538 4127 685 4192 Ecclesia
709 4127 818 4213 dirigit
841 4127 984 4193 remedia
1006 4129 1164 4212 poenalia,
1187 4129 1334 4211 sequitur

151 4251 270 4337 triplici
303 4253 336 4315 in
368 4271 446 4316 casu
475 4253 508 4316 in
536 4251 609 4316 foro
640 4255 778 4317 externo
810 4251 901 4316 hisce
929 4251 1080 4315 remediis
1107 4251 1212 4316 locum
1243 4249 1333 4326 fieri;

152 4373 276 4438 sedicet
301 4373 332 4461 l)
358 4373 484 4458 quando
507 4375 577 4458 quis
600 4394 732 4439 suorum
760 4375 931 4439 criminum
954 4393 1012 4437 seu
1035 4373 1237 4458 publicorum
1260 4391 1333 4457 pec·
1371 4378 1399 4466 t
1423 4433 1427 4442 ,
1457 4413 1459 4421 1

151 4503 298 4564 catorum
321 4501 490 4584 poenitens
513 4501 592 4583 petit
615 4499 655 4564 ab
680 4499 828 4564 Ecclesia
851 4497 1010 4564 salutares
1043 4496 1187 4581 publicas
1218 4499 1334 4582 poeni·
1367 4482 1372 4509 '¹
