<?xml version="1.0" encoding="UTF-8"?>
<!DOCTYPE html PUBLIC "-//W3C//DTD XHTML 1.0 Transitional//EN"
    "http://www.w3.org/TR/xhtml1/DTD/xhtml1-transitional.dtd">
<html xmlns="http://www.w3.org/1999/xhtml" xml:lang="en" lang="en">
 <head>
  <title>
</title>
<meta http-equiv="Content-Type" content="text/html;charset=utf-8" />
  <meta name='ocr-system' content='tesseract 3.04.00' />
  <meta name='ocr-capabilities' content='ocr_page ocr_carea ocr_par ocr_line ocrx_word'/>
</head>
<body>
  <div class='ocr_page' id='page_1' title='image "./praelectionesin02legagoog_0369.png"; bbox 0 0 3306 5102; ppageno 0'>
   <div class='ocr_carea' id='block_1_1' title="bbox 343 289 996 357">
    <p class='ocr_par' dir='ltr' id='par_1_1' title="bbox 343 289 996 357">
     <span class='ocr_line' id='line_1_1' title="bbox 343 289 996 357; baseline -0.002 -3"><span class='ocrx_word' id='word_1_1' title='bbox 343 289 408 354; x_wconf 86' lang='grc'><em>364</em></span> <span class='ocrx_word' id='word_1_2' title='bbox 867 309 949 357; x_wconf 71' lang='lat' dir='ltr'><em>eins</em></span> <span class='ocrx_word' id='word_1_3' title='bbox 975 311 996 354; x_wconf 87' lang='lat'><em>1.</em></span> 
     </span>
    </p>
   </div>
   <div class='ocr_carea' id='block_1_2' title="bbox 307 431 1517 2015">
    <p class='ocr_par' dir='ltr' id='par_1_2' title="bbox 307 431 1517 2015">
     <span class='ocr_line' id='line_1_2' title="bbox 335 431 1515 518; baseline 0 -25"><span class='ocrx_word' id='word_1_4' title='bbox 335 431 474 514; x_wconf 87' lang='lat' dir='ltr'><em>quinque</em></span> <span class='ocrx_word' id='word_1_5' title='bbox 498 436 569 514; x_wconf 85' lang='lat' dir='ltr'><em>pust</em></span> <span class='ocrx_word' id='word_1_6' title='bbox 592 431 686 494; x_wconf 90' lang='lat' dir='ltr'><em>annis</em></span> <span class='ocrx_word' id='word_1_7' title='bbox 710 451 729 494; x_wconf 92' lang='lat' dir='ltr'><em>a</em></span> <span class='ocrx_word' id='word_1_8' title='bbox 752 432 908 516; x_wconf 87' lang='lat' dir='ltr'><em>baptismo</em></span> <span class='ocrx_word' id='word_1_9' title='bbox 932 439 1090 518; x_wconf 87' lang='lat' dir='ltr'><em>suscepto,</em></span> <span class='ocrx_word' id='word_1_10' title='bbox 1116 433 1270 497; x_wconf 89' lang='lat' dir='ltr'><em>clericum</em></span> <span class='ocrx_word' id='word_1_11' title='bbox 1295 431 1362 496; x_wconf 85' lang='lat' dir='ltr'><em>fieri</em></span> <span class='ocrx_word' id='word_1_12' title='bbox 1389 437 1422 498; x_wconf 92' lang='lat' dir='ltr'><em>et</em></span> <span class='ocrx_word' id='word_1_13' title='bbox 1446 454 1515 518; x_wconf 89' lang='lat' dir='ltr'><em>pro-</em></span> 
     </span>
     <span class='ocr_line' id='line_1_3' title="bbox 334 554 1517 643; baseline 0.003 -26"><span class='ocrx_word' id='word_1_14' title='bbox 334 556 446 638; x_wconf 89' lang='lat' dir='ltr'><em>positis</em></span> <span class='ocrx_word' id='word_1_15' title='bbox 477 554 596 620; x_wconf 89' lang='lat' dir='ltr'><em>dubiis:</em></span> <span class='ocrx_word' id='word_1_16' title='bbox 631 555 659 618; x_wconf 91' lang='lat' dir='ltr'><em>l.</em></span> <span class='ocrx_word' id='word_1_17' title='bbox 692 557 747 620; x_wconf 90' lang='lat' dir='ltr'><em>An</em></span> <span class='ocrx_word' id='word_1_18' title='bbox 777 561 901 622; x_wconf 85' lang='lat' dir='ltr'><em>constet</em></span> <span class='ocrx_word' id='word_1_19' title='bbox 932 557 974 622; x_wconf 90' lang='lat' dir='ltr'><em>de</em></span> <span class='ocrx_word' id='word_1_20' title='bbox 1004 559 1258 643; x_wconf 70' lang='lat' dir='ltr'><em>irregularitate</em></span> <span class='ocrx_word' id='word_1_21' title='bbox 1288 559 1325 621; x_wconf 91' lang='lat' dir='ltr'><em>in</em></span> <span class='ocrx_word' id='word_1_22' title='bbox 1355 577 1446 623; x_wconf 80' lang='lat' dir='ltr'><em>casn</em></span> <span class='ocrx_word' id='word_1_23' title='bbox 1476 559 1517 622; x_wconf 85' lang='lat' dir='ltr'><em>Et</em></span> 
     </span>
     <span class='ocr_line' id='line_1_4' title="bbox 337 678 1514 763; baseline 0.003 -20"><span class='ocrx_word' id='word_1_24' title='bbox 337 685 494 763; x_wconf 89' lang='lat' dir='ltr'><em>quatenus</em></span> <span class='ocrx_word' id='word_1_25' title='bbox 518 678 721 746; x_wconf 87' lang='lat' dir='ltr'><em>affirmative.</em></span> <span class='ocrx_word' id='word_1_26' title='bbox 754 679 783 743; x_wconf 83' lang='lat'><em>2.</em></span> <span class='ocrx_word' id='word_1_27' title='bbox 815 680 871 744; x_wconf 86' lang='lat' dir='ltr'><em>An</em></span> <span class='ocrx_word' id='word_1_28' title='bbox 902 682 996 747; x_wconf 85' lang='lat' dir='ltr'><em>tocns</em></span> <span class='ocrx_word' id='word_1_29' title='bbox 1021 681 1064 746; x_wconf 90' lang='lat' dir='ltr'><em>sit</em></span> <span class='ocrx_word' id='word_1_30' title='bbox 1090 680 1334 763; x_wconf 74' lang='lat' dir='ltr'><em>dispensationi</em></span> <span class='ocrx_word' id='word_1_31' title='bbox 1360 681 1397 744; x_wconf 88' lang='lat' dir='ltr'><em>in</em></span> <span class='ocrx_word' id='word_1_32' title='bbox 1422 701 1514 746; x_wconf 81' lang='lat' dir='ltr'><em>casn-</em></span> 
     </span>
     <span class='ocr_line' id='line_1_5' title="bbox 336 806 1515 892; baseline 0.001 -21"><span class='ocrx_word' id='word_1_33' title='bbox 336 807 367 871; x_wconf 89' lang='lat' dir='ltr'><em>S.</em></span> <span class='ocrx_word' id='word_1_34' title='bbox 393 809 427 874; x_wconf 85' lang='lat' dir='ltr'><em>G.</em></span> <span class='ocrx_word' id='word_1_35' title='bbox 454 808 637 892; x_wconf 88' lang='lat' dir='ltr'><em>rescripsit:</em></span> <span class='ocrx_word' id='word_1_36' title='bbox 665 827 681 870; x_wconf 75' lang='lat' dir='ltr'><em>c</em></span> <span class='ocrx_word' id='word_1_37' title='bbox 708 806 757 872; x_wconf 81' lang='lat' dir='ltr'><em>Ad</em></span> <span class='ocrx_word' id='word_1_38' title='bbox 788 808 846 871; x_wconf 83' lang='lat' dir='ltr'><em>lum</em></span> <span class='ocrx_word' id='word_1_39' title='bbox 871 807 1091 892; x_wconf 77' lang='lat' dir='ltr'><em>Affirmatioe.</em></span> <span class='ocrx_word' id='word_1_40' title='bbox 1126 807 1175 872; x_wconf 85' lang='lat' dir='ltr'><em>Ad</em></span> <span class='ocrx_word' id='word_1_41' title='bbox 1207 807 1267 872; x_wconf 76' lang='lat'><em>2⁰⁰¹</em></span> <span class='ocrx_word' id='word_1_42' title='bbox 1291 807 1515 892; x_wconf 75' lang='lat' dir='ltr'><em>Affirnnotioc,</em></span> 
     </span>
     <span class='ocr_line' id='line_1_6' title="bbox 333 930 1517 1015; baseline -0.001 -19"><span class='ocrx_word' id='word_1_43' title='bbox 333 951 455 1015; x_wconf 87' lang='lat' dir='ltr'><em>nempe</em></span> <span class='ocrx_word' id='word_1_44' title='bbox 470 951 541 997; x_wconf 88' lang='lat' dir='ltr'><em>esse</em></span> <span class='ocrx_word' id='word_1_45' title='bbox 557 932 669 997; x_wconf 80' lang='lat' dir='ltr'><em>locuni</em></span> <span class='ocrx_word' id='word_1_46' title='bbox 685 930 931 1014; x_wconf 67' lang='lat' dir='ltr'><em>dispensationi</em></span> <span class='ocrx_word' id='word_1_47' title='bbox 946 931 1088 999; x_wconf 82' lang='lat' dir='ltr'><em>arbitrio</em></span> <span class='ocrx_word' id='word_1_48' title='bbox 1106 932 1266 1014; x_wconf 77' lang='lat' dir='ltr'><em>Episcopi</em></span> <span class='ocrx_word' id='word_1_49' title='bbox 1284 954 1313 996; x_wconf 68' lang='lat' dir='ltr'><em>i.</em></span> <span class='ocrx_word' id='word_1_50' title='bbox 1332 933 1428 1015; x_wconf 80' lang='lat' dir='ltr'><em>Atqui</em></span> <span class='ocrx_word' id='word_1_51' title='bbox 1453 933 1517 996; x_wconf 87' lang='lat' dir='ltr'><em>hoc</em></span> 
     </span>
     <span class='ocr_line' id='line_1_7' title="bbox 335 1055 1517 1142; baseline -0.001 -22"><span class='ocrx_word' id='word_1_52' title='bbox 335 1057 526 1140; x_wconf 88' lang='lat' dir='ltr'><em>rescriptum</em></span> <span class='ocrx_word' id='word_1_53' title='bbox 550 1074 614 1119; x_wconf 91' lang='lat' dir='ltr'><em>non</em></span> <span class='ocrx_word' id='word_1_54' title='bbox 639 1055 754 1140; x_wconf 90' lang='lat' dir='ltr'><em>probat</em></span> <span class='ocrx_word' id='word_1_55' title='bbox 777 1056 839 1140; x_wconf 81' lang='lat' dir='ltr'><em>agi,</em></span> <span class='ocrx_word' id='word_1_56' title='bbox 865 1055 902 1120; x_wconf 90' lang='lat' dir='ltr'><em>in</em></span> <span class='ocrx_word' id='word_1_57' title='bbox 925 1075 1017 1136; x_wconf 79' lang='lat' dir='ltr'><em>cana,</em></span> <span class='ocrx_word' id='word_1_58' title='bbox 1042 1055 1081 1120; x_wconf 89' lang='lat' dir='ltr'><em>da</em></span> <span class='ocrx_word' id='word_1_59' title='bbox 1105 1057 1346 1142; x_wconf 78' lang='lat' dir='ltr'><em>irregularitate</em></span> <span class='ocrx_word' id='word_1_60' title='bbox 1368 1055 1517 1138; x_wconf 82' lang='lat' dir='ltr'><em>propria</em></span> 
     </span>
     <span class='ocr_line' id='line_1_8' title="bbox 332 1178 1517 1264; baseline 0.001 -21"><span class='ocrx_word' id='word_1_61' title='bbox 332 1181 407 1264; x_wconf 86' lang='lat' dir='ltr'><em>quia</em></span> <span class='ocrx_word' id='word_1_62' title='bbox 430 1178 576 1245; x_wconf 87' lang='lat' dir='ltr'><em>decernit</em></span> <span class='ocrx_word' id='word_1_63' title='bbox 599 1198 670 1245; x_wconf 88' lang='lat' dir='ltr'><em>esse</em></span> <span class='ocrx_word' id='word_1_64' title='bbox 693 1180 805 1245; x_wconf 82' lang='lat' dir='ltr'><em>locum</em></span> <span class='ocrx_word' id='word_1_65' title='bbox 829 1180 1074 1264; x_wconf 79' lang='lat' dir='ltr'><em>dispensationi</em></span> <span class='ocrx_word' id='word_1_66' title='bbox 1097 1181 1239 1247; x_wconf 88' lang='lat' dir='ltr'><em>arbitrio</em></span> <span class='ocrx_word' id='word_1_67' title='bbox 1264 1181 1432 1264; x_wconf 81' lang='lat' dir='ltr'><em>Episcopi.</em></span> <span class='ocrx_word' id='word_1_68' title='bbox 1451 1180 1517 1245; x_wconf 90' lang='lat' dir='ltr'><em>Sed</em></span> 
     </span>
     <span class='ocr_line' id='line_1_9' title="bbox 333 1303 1515 1390; baseline 0 -22"><span class='ocrx_word' id='word_1_69' title='bbox 333 1306 414 1368; x_wconf 88' lang='lat' dir='ltr'><em>haec</em></span> <span class='ocrx_word' id='word_1_70' title='bbox 430 1304 667 1389; x_wconf 83' lang='lat' dir='ltr'><em>irregularitas,</em></span> <span class='ocrx_word' id='word_1_71' title='bbox 685 1309 793 1388; x_wconf 90' lang='lat' dir='ltr'><em>utpote</em></span> <span class='ocrx_word' id='word_1_72' title='bbox 817 1323 862 1370; x_wconf 79' lang='lat' dir='ltr'><em>ed</em></span> <span class='ocrx_word' id='word_1_73' title='bbox 885 1303 1029 1386; x_wconf 79' lang='lat' dir='ltr'><em>defectu,</em></span> <span class='ocrx_word' id='word_1_74' title='bbox 1053 1305 1079 1369; x_wconf 90' lang='lat' dir='ltr'><em>si</em></span> <span class='ocrx_word' id='word_1_75' title='bbox 1099 1305 1248 1388; x_wconf 79' lang='lat' dir='ltr'><em>propria</em></span> <span class='ocrx_word' id='word_1_76' title='bbox 1271 1310 1365 1375; x_wconf 85' lang='lat' dir='ltr'><em>esset.</em></span> <span class='ocrx_word' id='word_1_77' title='bbox 1387 1303 1515 1390; x_wconf 89' lang='lat' dir='ltr'><em>dispen-</em></span> 
     </span>
     <span class='ocr_line' id='line_1_10' title="bbox 307 1427 1516 1516; baseline 0.002 -22"><span class='ocrx_word' id='word_1_78' title='bbox 307 1467 308 1470; x_wconf 61' lang='lat'><em>=</em></span> <span class='ocrx_word' id='word_1_79' title='bbox 332 1435 504 1494; x_wconf 84' lang='lat' dir='ltr'><em>seratura</em></span> <span class='ocrx_word' id='word_1_80' title='bbox 528 1431 567 1494; x_wconf 82' lang='lat' dir='ltr'><em>R.</em></span> <span class='ocrx_word' id='word_1_81' title='bbox 594 1427 750 1495; x_wconf 87' lang='lat' dir='ltr'><em>Pontifice</em></span> <span class='ocrx_word' id='word_1_82' title='bbox 774 1435 807 1496; x_wconf 87' lang='lat' dir='ltr'><em>et</em></span> <span class='ocrx_word' id='word_1_83' title='bbox 829 1429 906 1494; x_wconf 89' lang='lat' dir='ltr'><em>hinc</em></span> <span class='ocrx_word' id='word_1_84' title='bbox 930 1430 1163 1495; x_wconf 81' lang='lat' dir='ltr'><em>decerneretur</em></span> <span class='ocrx_word' id='word_1_85' title='bbox 1186 1429 1400 1516; x_wconf 89' lang='lat' dir='ltr'><em>dispensanda</em></span> <span class='ocrx_word' id='word_1_86' title='bbox 1421 1428 1516 1511; x_wconf 81' lang='lat' dir='ltr'><em>sacto</em></span> 
     </span>
     <span class='ocr_line' id='line_1_11' title="bbox 330 1553 1515 1640; baseline 0 -20"><span class='ocrx_word' id='word_1_87' title='bbox 330 1553 432 1620; x_wconf 84' lang='lat' dir='ltr'><em>verbo</em></span> <span class='ocrx_word' id='word_1_88' title='bbox 465 1575 542 1620; x_wconf 80' lang='lat' dir='ltr'><em>curn</em></span> <span class='ocrx_word' id='word_1_89' title='bbox 567 1553 684 1621; x_wconf 81' lang='lat' dir='ltr'><em>SSnto.</em></span> <span class='ocrx_word' id='word_1_90' title='bbox 711 1557 748 1618; x_wconf 89' lang='lat' dir='ltr'><em>ln</em></span> <span class='ocrx_word' id='word_1_91' title='bbox 780 1557 874 1640; x_wconf 85' lang='lat' dir='ltr'><em>praxi</em></span> <span class='ocrx_word' id='word_1_92' title='bbox 905 1560 1055 1622; x_wconf 86' lang='lat' dir='ltr'><em>teneatur</em></span> <span class='ocrx_word' id='word_1_93' title='bbox 1087 1557 1239 1620; x_wconf 90' lang='lat' dir='ltr'><em>monitum</em></span> <span class='ocrx_word' id='word_1_94' title='bbox 1273 1555 1392 1620; x_wconf 88' lang='lat' dir='ltr'><em>Bened.</em></span> <span class='ocrx_word' id='word_1_95' title='bbox 1418 1555 1515 1620; x_wconf 89' lang='lat' dir='ltr'>XIV.</span> 
     </span>
     <span class='ocr_line' id='line_1_12' title="bbox 331 1678 1516 1766; baseline 0 -21"><span class='ocrx_word' id='word_1_96' title='bbox 331 1681 380 1747; x_wconf 87' lang='lat' dir='ltr'><em>Dc</em></span> <span class='ocrx_word' id='word_1_97' title='bbox 404 1682 484 1765; x_wconf 72' lang='lat' dir='ltr'><em>Syn.</em></span> <span class='ocrx_word' id='word_1_98' title='bbox 510 1678 699 1766; x_wconf 80' lang='lat' dir='ltr'>(xl1.1,6)</span> <span class='ocrx_word' id='word_1_99' title='bbox 724 1682 777 1764; x_wconf 91' lang='lat' dir='ltr'><em>qui</em></span> <span class='ocrx_word' id='word_1_100' title='bbox 802 1681 921 1746; x_wconf 90' lang='lat' dir='ltr'><em>docens</em></span> <span class='ocrx_word' id='word_1_101' title='bbox 937 1680 1117 1766; x_wconf 87' lang='lat' dir='ltr'><em>neophytos</em></span> <span class='ocrx_word' id='word_1_102' title='bbox 1134 1701 1199 1746; x_wconf 91' lang='lat' dir='ltr'><em>non</em></span> <span class='ocrx_word' id='word_1_103' title='bbox 1223 1702 1293 1746; x_wconf 88' lang='lat' dir='ltr'><em>esse</em></span> <span class='ocrx_word' id='word_1_104' title='bbox 1310 1681 1516 1766; x_wconf 79' lang='lat' dir='ltr'><em>irregulares</em></span> 
     </span>
     <span class='ocr_line' id='line_1_13' title="bbox 332 1801 1515 1889; baseline 0 -21"><span class='ocrx_word' id='word_1_105' title='bbox 332 1803 482 1869; x_wconf 88' lang='lat' dir='ltr'><em>advertit.</em></span> <span class='ocrx_word' id='word_1_106' title='bbox 503 1824 520 1868; x_wconf 78' lang='lat' dir='ltr'><em>s</em></span> <span class='ocrx_word' id='word_1_107' title='bbox 538 1803 635 1870; x_wconf 84' lang='lat' dir='ltr'><em>Aliud</em></span> <span class='ocrx_word' id='word_1_108' title='bbox 651 1807 767 1889; x_wconf 90' lang='lat' dir='ltr'><em>quippe</em></span> <span class='ocrx_word' id='word_1_109' title='bbox 783 1811 841 1876; x_wconf 76' lang='lat' dir='ltr'><em>est,</em></span> <span class='ocrx_word' id='word_1_110' title='bbox 859 1804 1091 1870; x_wconf 84' lang='lat' dir='ltr'><em>descendentes</em></span> <span class='ocrx_word' id='word_1_111' title='bbox 1105 1802 1147 1868; x_wconf 91' lang='lat' dir='ltr'><em>ab</em></span> <span class='ocrx_word' id='word_1_112' title='bbox 1163 1801 1344 1869; x_wconf 87' lang='lat' dir='ltr'><em>infidelibus</em></span> <span class='ocrx_word' id='word_1_113' title='bbox 1366 1803 1406 1868; x_wconf 92' lang='lat' dir='ltr'><em>ab</em></span> <span class='ocrx_word' id='word_1_114' title='bbox 1423 1803 1515 1868; x_wconf 91' lang='lat' dir='ltr'><em>crdi-</em></span> 
     </span>
     <span class='ocr_line' id='line_1_14' title="bbox 329 1928 1515 2015; baseline -0.001 -23"><span class='ocrx_word' id='word_1_115' title='bbox 329 1929 422 1994; x_wconf 89' lang='lat' dir='ltr'><em>nibus</em></span> <span class='ocrx_word' id='word_1_116' title='bbox 440 1949 573 2015; x_wconf 88' lang='lat' dir='ltr'><em>prorsus</em></span> <span class='ocrx_word' id='word_1_117' title='bbox 591 1929 780 2004; x_wconf 79' lang='lat' dir='ltr'><em>excludere3</em></span> <span class='ocrx_word' id='word_1_118' title='bbox 804 1929 891 1994; x_wconf 86' lang='lat' dir='ltr'><em>aliud</em></span> <span class='ocrx_word' id='word_1_119' title='bbox 908 1950 979 1994; x_wconf 92' lang='lat' dir='ltr'><em>cum</em></span> <span class='ocrx_word' id='word_1_120' title='bbox 997 1929 1124 1994; x_wconf 88' lang='lat' dir='ltr'><em>cautela</em></span> <span class='ocrx_word' id='word_1_121' title='bbox 1147 1934 1180 1996; x_wconf 86' lang='lat' dir='ltr'><em>et</em></span> <span class='ocrx_word' id='word_1_122' title='bbox 1202 1928 1330 1996; x_wconf 84' lang='lat' dir='ltr'><em>delectu</em></span> <span class='ocrx_word' id='word_1_123' title='bbox 1346 1929 1417 1993; x_wconf 87' lang='lat' dir='ltr'><em>illos</em></span> <span class='ocrx_word' id='word_1_124' title='bbox 1434 1949 1515 2014; x_wconf 90' lang='lat' dir='ltr'><em>pro-</em></span> 
     </span>
    </p>
   </div>
   <div class='ocr_carea' id='block_1_3' title="bbox 330 2054 1515 2148">
    <p class='ocr_par' dir='ltr' id='par_1_3' title="bbox 330 2054 1515 2148">
     <span class='ocr_line' id='line_1_15' title="bbox 330 2054 1515 2148; baseline 0 -30"><span class='ocrx_word' id='word_1_125' title='bbox 330 2074 461 2119; x_wconf 88' lang='lat' dir='ltr'><em>movere</em></span> <span class='ocrx_word' id='word_1_126' title='bbox 463 2100 513 2118; x_wconf 91' lang='grc'>.....</span> <span class='ocrx_word' id='word_1_127' title='bbox 540 2056 667 2148; x_wconf 85' lang='lat' dir='ltr'><em>Etenim</em></span> <span class='ocrx_word' id='word_1_128' title='bbox 692 2072 882 2137; x_wconf 85' lang='lat' dir='ltr'><em>quamquam</em></span> <span class='ocrx_word' id='word_1_129' title='bbox 907 2055 1055 2119; x_wconf 79' lang='lat' dir='ltr'><em>Ecclesia</em></span> <span class='ocrx_word' id='word_1_130' title='bbox 1078 2073 1120 2118; x_wconf 79' lang='lat' dir='ltr'><em>ex</em></span> <span class='ocrx_word' id='word_1_131' title='bbox 1144 2054 1327 2119; x_wconf 91' lang='lat' dir='ltr'><em>hominibus</em></span> <span class='ocrx_word' id='word_1_132' title='bbox 1351 2054 1515 2119; x_wconf 82' lang='lat' dir='ltr'><em>coaluerit</em></span> 
     </span>
    </p>
   </div>
   <div class='ocr_carea' id='block_1_4' title="bbox 323 2179 1515 3882">
    <p class='ocr_par' dir='ltr' id='par_1_4' title="bbox 327 2179 1515 2495">
     <span class='ocr_line' id='line_1_16' title="bbox 328 2179 1515 2265; baseline -0.002 -19"><span class='ocrx_word' id='word_1_133' title='bbox 328 2181 368 2246; x_wconf 90' lang='lat' dir='ltr'><em>ab</em></span> <span class='ocrx_word' id='word_1_134' title='bbox 392 2179 579 2246; x_wconf 83' lang='lat' dir='ltr'><em>infidelitate</em></span> <span class='ocrx_word' id='word_1_135' title='bbox 603 2181 778 2262; x_wconf 85' lang='lat' dir='ltr'><em>conversis,</em></span> <span class='ocrx_word' id='word_1_136' title='bbox 796 2199 957 2264; x_wconf 90' lang='lat' dir='ltr'><em>nunquam</em></span> <span class='ocrx_word' id='word_1_137' title='bbox 975 2184 1082 2244; x_wconf 75' lang='lat' dir='ltr'><em>tamm</em></span> <span class='ocrx_word' id='word_1_138' title='bbox 1099 2179 1280 2265; x_wconf 86' lang='lat' dir='ltr'><em>neophytos</em></span> <span class='ocrx_word' id='word_1_139' title='bbox 1296 2180 1384 2246; x_wconf 90' lang='lat' dir='ltr'><em>inter</em></span> <span class='ocrx_word' id='word_1_140' title='bbox 1397 2199 1515 2244; x_wconf 88' lang='lat' dir='ltr'><em>sacros</em></span> 
     </span>
     <span class='ocr_line' id='line_1_17' title="bbox 327 2306 1514 2392; baseline -0.002 -20"><span class='ocrx_word' id='word_1_141' title='bbox 327 2306 494 2372; x_wconf 87' lang='lat' dir='ltr'><em>Ecclesiae</em></span> <span class='ocrx_word' id='word_1_142' title='bbox 518 2307 680 2371; x_wconf 90' lang='lat' dir='ltr'><em>ministros</em></span> <span class='ocrx_word' id='word_1_143' title='bbox 705 2307 847 2391; x_wconf 87' lang='lat' dir='ltr'><em>coaptari</em></span> <span class='ocrx_word' id='word_1_144' title='bbox 864 2307 1018 2391; x_wconf 87' lang='lat' dir='ltr'><em>permisit,</em></span> <span class='ocrx_word' id='word_1_145' title='bbox 1037 2307 1097 2370; x_wconf 90' lang='lat' dir='ltr'><em>nisi</em></span> <span class='ocrx_word' id='word_1_146' title='bbox 1113 2310 1210 2372; x_wconf 86' lang='lat' dir='ltr'><em>antea</em></span> <span class='ocrx_word' id='word_1_147' title='bbox 1233 2306 1359 2392; x_wconf 89' lang='lat' dir='ltr'><em>probati</em></span> <span class='ocrx_word' id='word_1_148' title='bbox 1382 2319 1514 2372; x_wconf 88' lang='lat' dir='ltr'><em>certum</em></span> 
     </span>
     <span class='ocr_line' id='line_1_18' title="bbox 327 2427 972 2495; baseline -0.002 -2"><span class='ocrx_word' id='word_1_149' title='bbox 327 2449 404 2495; x_wconf 87' lang='lat' dir='ltr'><em>suae</em></span> <span class='ocrx_word' id='word_1_150' title='bbox 428 2427 500 2494; x_wconf 84' lang='lat' dir='ltr'><em>fidei</em></span> <span class='ocrx_word' id='word_1_151' title='bbox 524 2429 686 2495; x_wconf 85' lang='lat' dir='ltr'><em>dedissent</em></span> <span class='ocrx_word' id='word_1_152' title='bbox 709 2429 925 2495; x_wconf 90' lang='lat' dir='ltr'><em>testimonium</em></span> <span class='ocrx_word' id='word_1_153' title='bbox 943 2449 972 2493; x_wconf 83' lang='lat'><em>›.</em></span> 
     </span>
    </p>

    <p class='ocr_par' dir='ltr' id='par_1_5' title="bbox 323 2552 1515 3882">
     <span class='ocr_line' id='line_1_19' title="bbox 416 2552 1515 2642; baseline 0.001 -21"><span class='ocrx_word' id='word_1_154' title='bbox 416 2555 491 2621; x_wconf 78' lang='lat'><strong>276.</strong></span> <span class='ocrx_word' id='word_1_155' title='bbox 519 2555 640 2622; x_wconf 86' lang='lat' dir='ltr'><em>Clinici</em></span> <span class='ocrx_word' id='word_1_156' title='bbox 655 2577 713 2621; x_wconf 92' lang='lat' dir='ltr'><em>seu</em></span> <span class='ocrx_word' id='word_1_157' title='bbox 729 2557 782 2639; x_wconf 90' lang='lat' dir='ltr'><em>qui</em></span> <span class='ocrx_word' id='word_1_158' title='bbox 797 2556 988 2639; x_wconf 87' lang='lat' dir='ltr'><em>baptismum</em></span> <span class='ocrx_word' id='word_1_159' title='bbox 1005 2552 1159 2622; x_wconf 82' lang='lat' dir='ltr'><em>differunt</em></span> <span class='ocrx_word' id='word_1_160' title='bbox 1173 2557 1206 2619; x_wconf 92' lang='lat' dir='ltr'><em>in</em></span> <span class='ocrx_word' id='word_1_161' title='bbox 1223 2561 1376 2620; x_wconf 87' lang='lat' dir='ltr'><em>eventum</em></span> <span class='ocrx_word' id='word_1_162' title='bbox 1399 2559 1515 2642; x_wconf 76' lang='lat' dir='ltr'><em>cepti·</em></span> 
     </span>
     <span class='ocr_line' id='line_1_20' title="bbox 328 2678 1512 2766; baseline 0.003 -23"><span class='ocrx_word' id='word_1_163' title='bbox 328 2679 454 2746; x_wconf 84' lang='lat' dir='ltr'><em>tudinis</em></span> <span class='ocrx_word' id='word_1_164' title='bbox 477 2699 560 2764; x_wconf 88' lang='lat' dir='ltr'><em>pene</em></span> <span class='ocrx_word' id='word_1_165' title='bbox 583 2680 737 2746; x_wconf 82' lang='lat' dir='ltr'><em>mortalis</em></span> <span class='ocrx_word' id='word_1_166' title='bbox 760 2681 875 2744; x_wconf 88' lang='lat' dir='ltr'><em>merito</em></span> <span class='ocrx_word' id='word_1_167' title='bbox 895 2685 969 2746; x_wconf 87' lang='lat' dir='ltr'><em>sunt</em></span> <span class='ocrx_word' id='word_1_168' title='bbox 985 2685 1152 2766; x_wconf 84' lang='lat' dir='ltr'><em>suspectae</em></span> <span class='ocrx_word' id='word_1_169' title='bbox 1169 2678 1261 2754; x_wconf 88' lang='lat' dir='ltr'><em>fidei;</em></span> <span class='ocrx_word' id='word_1_170' title='bbox 1285 2679 1512 2762; x_wconf 87' lang='lat' dir='ltr'><em>quamobrem,</em></span> 
     </span>
     <span class='ocr_line' id='line_1_21' title="bbox 326 2802 1513 2888; baseline 0.001 -21"><span class='ocrx_word' id='word_1_171' title='bbox 326 2804 353 2867; x_wconf 92' lang='lat' dir='ltr'><em>si</em></span> <span class='ocrx_word' id='word_1_172' title='bbox 377 2803 612 2884; x_wconf 85' lang='lat' dir='ltr'><em>convaluerint,</em></span> <span class='ocrx_word' id='word_1_173' title='bbox 636 2823 656 2867; x_wconf 92' lang='lat' dir='ltr'><em>a</em></span> <span class='ocrx_word' id='word_1_174' title='bbox 679 2823 772 2868; x_wconf 88' lang='lat' dir='ltr'><em>sacro</em></span> <span class='ocrx_word' id='word_1_175' title='bbox 797 2803 975 2867; x_wconf 84' lang='lat' dir='ltr'><em>ministerio</em></span> <span class='ocrx_word' id='word_1_176' title='bbox 1004 2802 1226 2888; x_wconf 88' lang='lat' dir='ltr'><em>prohibentur.</em></span> <span class='ocrx_word' id='word_1_177' title='bbox 1253 2803 1334 2868; x_wconf 86' lang='lat' dir='ltr'><em>Nam</em></span> <span class='ocrx_word' id='word_1_178' title='bbox 1359 2803 1513 2870; x_wconf 84' lang='lat' dir='ltr'><em>Ecclesia</em></span> 
     </span>
     <span class='ocr_line' id='line_1_22' title="bbox 326 2926 1511 3012; baseline 0.004 -24"><span class='ocrx_word' id='word_1_179' title='bbox 326 2926 422 2998; x_wconf 88' lang='lat' dir='ltr'><em>iubat,</em></span> <span class='ocrx_word' id='word_1_180' title='bbox 435 2927 498 2990; x_wconf 87' lang='lat' dir='ltr'><em>iam</em></span> <span class='ocrx_word' id='word_1_181' title='bbox 515 2946 535 2990; x_wconf 92' lang='lat' dir='ltr'><em>a</em></span> <span class='ocrx_word' id='word_1_182' title='bbox 551 2929 724 2992; x_wconf 84' lang='lat' dir='ltr'><em>remotiore</em></span> <span class='ocrx_word' id='word_1_183' title='bbox 736 2931 854 3000; x_wconf 86' lang='lat' dir='ltr'><em>aetate,</em></span> <span class='ocrx_word' id='word_1_184' title='bbox 868 2927 1008 2992; x_wconf 87' lang='lat' dir='ltr'><em>infantes</em></span> <span class='ocrx_word' id='word_1_185' title='bbox 1026 2946 1141 2992; x_wconf 90' lang='lat' dir='ltr'><em>recens</em></span> <span class='ocrx_word' id='word_1_186' title='bbox 1153 2933 1255 2999; x_wconf 82' lang='lat' dir='ltr'><em>natus,</em></span> <span class='ocrx_word' id='word_1_187' title='bbox 1270 2928 1511 3012; x_wconf 88' lang='lat' dir='ltr'><em>quamprimum</em></span> 
     </span>
     <span class='ocr_line' id='line_1_23' title="bbox 326 3050 1511 3137; baseline 0.001 -22"><span class='ocrx_word' id='word_1_188' title='bbox 326 3050 489 3116; x_wconf 91' lang='lat' dir='ltr'><em>commode</em></span> <span class='ocrx_word' id='word_1_189' title='bbox 513 3052 640 3137; x_wconf 87' lang='lat' dir='ltr'><em>poterit,</em></span> <span class='ocrx_word' id='word_1_190' title='bbox 666 3071 735 3117; x_wconf 90' lang='lat' dir='ltr'><em>esse</em></span> <span class='ocrx_word' id='word_1_191' title='bbox 759 3050 973 3136; x_wconf 85' lang='lat' dir='ltr'><em>baptizandos.</em></span> <span class='ocrx_word' id='word_1_192' title='bbox 998 3051 1082 3117; x_wconf 89' lang='lat' dir='ltr'><em>Sane</em></span> <span class='ocrx_word' id='word_1_193' title='bbox 1110 3051 1197 3116; x_wconf 90' lang='lat' dir='ltr'><em>hanc</em></span> <span class='ocrx_word' id='word_1_194' title='bbox 1226 3051 1333 3135; x_wconf 83' lang='lat' dir='ltr'><em>legem</em></span> <span class='ocrx_word' id='word_1_195' title='bbox 1365 3070 1511 3116; x_wconf 89' lang='lat' dir='ltr'><em>comme-</em></span> 
     </span>
     <span class='ocr_line' id='line_1_24' title="bbox 325 3173 1512 3259; baseline 0.001 -21"><span class='ocrx_word' id='word_1_196' title='bbox 325 3181 431 3240; x_wconf 89' lang='lat' dir='ltr'><em>morat</em></span> <span class='ocrx_word' id='word_1_197' title='bbox 454 3175 622 3241; x_wconf 86' lang='lat' dir='ltr'><em>Gcrnelius</em></span> <span class='ocrx_word' id='word_1_198' title='bbox 647 3175 735 3258; x_wconf 91' lang='lat' dir='ltr'><em>Papa</em></span> <span class='ocrx_word' id='word_1_199' title='bbox 758 3177 790 3239; x_wconf 91' lang='lat' dir='ltr'><em>in</em></span> <span class='ocrx_word' id='word_1_200' title='bbox 816 3176 914 3259; x_wconf 85' lang='lat' dir='ltr'><em>Epist.</em></span> <span class='ocrx_word' id='word_1_201' title='bbox 941 3174 980 3238; x_wconf 88' lang='lat' dir='ltr'><em>ad</em></span> <span class='ocrx_word' id='word_1_202' title='bbox 1006 3173 1146 3239; x_wconf 80' lang='lat' dir='ltr'><em>Fabium</em></span> <span class='ocrx_word' id='word_1_203' title='bbox 1171 3175 1365 3259; x_wconf 84' lang='lat' dir='ltr'><em>Episcopum</em></span> <span class='ocrx_word' id='word_1_204' title='bbox 1390 3177 1512 3240; x_wconf 81' lang='lat' dir='ltr'><em>Antio-</em></span> 
     </span>
     <span class='ocr_line' id='line_1_25' title="bbox 325 3299 1510 3389; baseline -0.002 -21"><span class='ocrx_word' id='word_1_205' title='bbox 325 3304 474 3374; x_wconf 83' lang='lat' dir='ltr'><em>chenum</em></span> <span class='ocrx_word' id='word_1_206' title='bbox 499 3302 582 3386; x_wconf 90' lang='lat' dir='ltr'><em>apud</em></span> <span class='ocrx_word' id='word_1_207' title='bbox 609 3301 792 3372; x_wconf 81' lang='lat' dir='ltr'><em>Eusebium.</em></span> <span class='ocrx_word' id='word_1_208' title='bbox 819 3301 908 3367; x_wconf 90' lang='lat' dir='ltr'><em>Hist.</em></span> <span class='ocrx_word' id='word_1_209' title='bbox 935 3303 1068 3376; x_wconf 84' lang='lat' dir='ltr'><em>Eccles,</em></span> <span class='ocrx_word' id='word_1_210' title='bbox 1100 3300 1153 3366; x_wconf 88' lang='lat' dir='ltr'><em>lib.</em></span> <span class='ocrx_word' id='word_1_211' title='bbox 1188 3301 1241 3372; x_wconf 83' lang='lat' dir='ltr'><em>Vr,</em></span> <span class='ocrx_word' id='word_1_212' title='bbox 1274 3320 1347 3384; x_wconf 91' lang='lat' dir='ltr'><em>cap.</em></span> <span class='ocrx_word' id='word_1_213' title='bbox 1374 3299 1425 3367; x_wconf 78' lang='lat'><em>43</em></span> <span class='ocrx_word' id='word_1_214' title='bbox 1449 3301 1510 3389; x_wconf 86' lang='lat' dir='ltr'><em>(l).</em></span> 
     </span>
     <span class='ocr_line' id='line_1_26' title="bbox 326 3421 1509 3496; baseline -0.002 -8"><span class='ocrx_word' id='word_1_215' title='bbox 326 3425 367 3488; x_wconf 86' lang='lat' dir='ltr'><em>Et</em></span> <span class='ocrx_word' id='word_1_216' title='bbox 390 3427 421 3488; x_wconf 91' lang='lat' dir='ltr'><em>in</em></span> <span class='ocrx_word' id='word_1_217' title='bbox 447 3425 585 3489; x_wconf 85' lang='lat' dir='ltr'><em>Decreta</em></span> <span class='ocrx_word' id='word_1_218' title='bbox 616 3425 648 3488; x_wconf 92' lang='lat' dir='ltr'><em>in</em></span> <span class='ocrx_word' id='word_1_219' title='bbox 680 3443 754 3489; x_wconf 91' lang='lat' dir='ltr'><em>can.</em></span> <span class='ocrx_word' id='word_1_220' title='bbox 779 3421 868 3489; x_wconf 81' lang='lat' dir='ltr'><em>nnio.</em></span> <span class='ocrx_word' id='word_1_221' title='bbox 894 3423 969 3488; x_wconf 89' lang='lat' dir='ltr'><em>dist.</em></span> <span class='ocrx_word' id='word_1_222' title='bbox 994 3423 1052 3496; x_wconf 85' lang='lat'><em>57,</em></span> <span class='ocrx_word' id='word_1_223' title='bbox 1078 3423 1222 3486; x_wconf 81' lang='lat' dir='ltr'><em>reicitur</em></span> <span class='ocrx_word' id='word_1_224' title='bbox 1252 3441 1356 3488; x_wconf 88' lang='lat' dir='ltr'><em>canon</em></span> <span class='ocrx_word' id='word_1_225' title='bbox 1381 3421 1509 3489; x_wconf 85' lang='lat' dir='ltr'><em>Concil.</em></span> 
     </span>
     <span class='ocr_line' id='line_1_27' title="bbox 325 3547 1508 3634; baseline 0 -19"><span class='ocrx_word' id='word_1_226' title='bbox 325 3551 605 3615; x_wconf 87' lang='lat' dir='ltr'><em>Neocaesariensis</em></span> <span class='ocrx_word' id='word_1_227' title='bbox 629 3550 672 3615; x_wconf 87' lang='lat' dir='ltr'><em>ita</em></span> <span class='ocrx_word' id='word_1_228' title='bbox 696 3555 883 3634; x_wconf 89' lang='lat' dir='ltr'><em>conceptus:</em></span> <span class='ocrx_word' id='word_1_229' title='bbox 912 3549 979 3614; x_wconf 79' lang='lat' dir='ltr'><em>«si</em></span> <span class='ocrx_word' id='word_1_230' title='bbox 1003 3549 1073 3631; x_wconf 91' lang='lat' dir='ltr'><em>quis</em></span> <span class='ocrx_word' id='word_1_231' title='bbox 1097 3551 1129 3612; x_wconf 91' lang='lat' dir='ltr'><em>in</em></span> <span class='ocrx_word' id='word_1_232' title='bbox 1152 3547 1357 3633; x_wconf 86' lang='lat' dir='ltr'><em>aegritudine</em></span> <span class='ocrx_word' id='word_1_233' title='bbox 1385 3553 1508 3615; x_wconf 86' lang='lat' dir='ltr'><em>consti-</em></span> 
     </span>
     <span class='ocr_line' id='line_1_28' title="bbox 323 3671 1506 3759; baseline 0.003 -23"><span class='ocrx_word' id='word_1_234' title='bbox 323 3677 418 3754; x_wconf 88' lang='lat' dir='ltr'><em>tutus,</em></span> <span class='ocrx_word' id='word_1_235' title='bbox 436 3673 534 3738; x_wconf 85' lang='lat' dir='ltr'><em>suerit</em></span> <span class='ocrx_word' id='word_1_236' title='bbox 556 3672 743 3758; x_wconf 69' lang='lat' dir='ltr'><em>baptizatus,</em></span> <span class='ocrx_word' id='word_1_237' title='bbox 761 3673 933 3759; x_wconf 90' lang='lat' dir='ltr'><em>presbyter</em></span> <span class='ocrx_word' id='word_1_238' title='bbox 948 3672 1092 3738; x_wconf 88' lang='lat' dir='ltr'><em>ordinari</em></span> <span class='ocrx_word' id='word_1_239' title='bbox 1117 3693 1181 3736; x_wconf 92' lang='lat' dir='ltr'><em>non</em></span> <span class='ocrx_word' id='word_1_240' title='bbox 1198 3671 1302 3738; x_wconf 89' lang='lat' dir='ltr'><em>debet.</em></span> <span class='ocrx_word' id='word_1_241' title='bbox 1322 3675 1393 3738; x_wconf 88' lang='lat' dir='ltr'><em>Nun</em></span> <span class='ocrx_word' id='word_1_242' title='bbox 1418 3677 1506 3740; x_wconf 89' lang='lat' dir='ltr'><em>enim</em></span> 
     </span>
     <span class='ocr_line' id='line_1_29' title="bbox 323 3797 1509 3882; baseline 0.005 -21"><span class='ocrx_word' id='word_1_243' title='bbox 323 3797 402 3862; x_wconf 89' lang='lat' dir='ltr'><em>fides</em></span> <span class='ocrx_word' id='word_1_244' title='bbox 424 3797 508 3863; x_wconf 89' lang='lat' dir='ltr'><em>illius</em></span> <span class='ocrx_word' id='word_1_245' title='bbox 534 3799 724 3873; x_wconf 86' lang='lat' dir='ltr'><em>voluntaria,</em></span> <span class='ocrx_word' id='word_1_246' title='bbox 742 3799 799 3862; x_wconf 91' lang='lat' dir='ltr'><em>sed</em></span> <span class='ocrx_word' id='word_1_247' title='bbox 823 3819 865 3864; x_wconf 83' lang='lat' dir='ltr'><em>ex</em></span> <span class='ocrx_word' id='word_1_248' title='bbox 889 3801 1081 3866; x_wconf 84' lang='lat' dir='ltr'><em>necessitate</em></span> <span class='ocrx_word' id='word_1_249' title='bbox 1105 3803 1167 3873; x_wconf 89' lang='lat' dir='ltr'><em>est;</em></span> <span class='ocrx_word' id='word_1_250' title='bbox 1191 3797 1261 3864; x_wconf 83' lang='lat' dir='ltr'><em>nisi</em></span> <span class='ocrx_word' id='word_1_251' title='bbox 1282 3797 1374 3880; x_wconf 74' lang='lat' dir='ltr'><em>forte</em></span> <span class='ocrx_word' id='word_1_252' title='bbox 1396 3800 1509 3882; x_wconf 78' lang='lat' dir='ltr'><em>ipsius</em></span> 
     </span>
    </p>
   </div>
   <div class='ocr_carea' id='block_1_5' title="bbox 320 4009 1508 4508">
    <p class='ocr_par' dir='ltr' id='par_1_6' title="bbox 320 4009 1508 4508">
     <span class='ocr_line' id='line_1_30' title="bbox 411 4009 1508 4081; baseline 0 -17"><span class='ocrx_word' id='word_1_253' title='bbox 411 4010 450 4081; x_wconf 89' lang='lat' dir='ltr'><em>(l)</em></span> <span class='ocrx_word' id='word_1_254' title='bbox 470 4009 658 4064; x_wconf 89' lang='lat' dir='ltr'><em>Nihilominus</em></span> <span class='ocrx_word' id='word_1_255' title='bbox 672 4011 711 4064; x_wconf 88' lang='lat' dir='ltr'><em>uli</em></span> <span class='ocrx_word' id='word_1_256' title='bbox 724 4011 845 4065; x_wconf 89' lang='lat' dir='ltr'><em>advertit</em></span> <span class='ocrx_word' id='word_1_257' title='bbox 858 4012 958 4066; x_wconf 90' lang='lat' dir='ltr'><em>Bened.</em></span> <span class='ocrx_word' id='word_1_258' title='bbox 974 4011 1048 4076; x_wconf 85' lang='lat' dir='ltr'>X1V,</span> <span class='ocrx_word' id='word_1_259' title='bbox 1062 4013 1103 4064; x_wconf 86' lang='lat' dir='ltr'><em>Dc</em></span> <span class='ocrx_word' id='word_1_260' title='bbox 1120 4013 1182 4078; x_wconf 79' lang='lat' dir='ltr'><em>Syn.</em></span> <span class='ocrx_word' id='word_1_261' title='bbox 1198 4009 1271 4078; x_wconf 82' lang='grc' dir='ltr'>(ΧΗ,</span> <span class='ocrx_word' id='word_1_262' title='bbox 1284 4011 1310 4076; x_wconf 89' lang='lat'><em>6,</em></span> <span class='ocrx_word' id='word_1_263' title='bbox 1323 4011 1362 4078; x_wconf 85' lang='lat'><em>7),</em></span> <span class='ocrx_word' id='word_1_264' title='bbox 1376 4010 1508 4066; x_wconf 83' lang='lat' dir='ltr'><em>homines</em></span> 
     </span>
     <span class='ocr_line' id='line_1_31' title="bbox 320 4118 1507 4189; baseline 0 -17"><span class='ocrx_word' id='word_1_265' title='bbox 320 4119 419 4187; x_wconf 83' lang='lat' dir='ltr'><em>sancti,</em></span> <span class='ocrx_word' id='word_1_266' title='bbox 433 4120 519 4174; x_wconf 86' lang='lat' dir='ltr'><em>veluti</em></span> <span class='ocrx_word' id='word_1_267' title='bbox 531 4119 729 4173; x_wconf 84' lang='lat' dir='ltr'><em>Constantinus</em></span> <span class='ocrx_word' id='word_1_268' title='bbox 743 4121 808 4189; x_wconf 87' lang='lat' dir='ltr'><em>lmp.</em></span> <span class='ocrx_word' id='word_1_269' title='bbox 820 4125 849 4174; x_wconf 88' lang='lat' dir='ltr'><em>et</em></span> <span class='ocrx_word' id='word_1_270' title='bbox 863 4121 913 4188; x_wconf 85' lang='lat' dir='ltr'><em>ipsi</em></span> <span class='ocrx_word' id='word_1_271' title='bbox 927 4121 1100 4188; x_wconf 86' lang='lat' dir='ltr'><em>Augustinus</em></span> <span class='ocrx_word' id='word_1_272' title='bbox 1113 4123 1143 4173; x_wconf 86' lang='lat' dir='ltr'><em>et</em></span> <span class='ocrx_word' id='word_1_273' title='bbox 1155 4119 1319 4172; x_wconf 81' lang='lat' dir='ltr'><em>Ambrosius</em></span> <span class='ocrx_word' id='word_1_274' title='bbox 1333 4118 1507 4186; x_wconf 88' lang='lat' dir='ltr'><em>baptismum</em></span> 
     </span>
     <span class='ocr_line' id='line_1_32' title="bbox 321 4225 1507 4295; baseline -0.002 -16"><span class='ocrx_word' id='word_1_275' title='bbox 321 4227 488 4281; x_wconf 83' lang='lat' dir='ltr'><em>distulerunt</em></span> <span class='ocrx_word' id='word_1_276' title='bbox 508 4227 535 4278; x_wconf 91' lang='lat' dir='ltr'><em>in</em></span> <span class='ocrx_word' id='word_1_277' title='bbox 555 4227 682 4281; x_wconf 83' lang='lat' dir='ltr'><em>adultam</em></span> <span class='ocrx_word' id='word_1_278' title='bbox 700 4237 837 4290; x_wconf 64' lang='lat' dir='ltr'><em>oetatem</em></span> <span class='ocrx_word' id='word_1_279' title='bbox 856 4227 904 4280; x_wconf 88' lang='lat' dir='ltr'><em>sed</em></span> <span class='ocrx_word' id='word_1_280' title='bbox 924 4227 953 4280; x_wconf 90' lang='lat' dir='ltr'><em>iu</em></span> <span class='ocrx_word' id='word_1_281' title='bbox 972 4228 1012 4280; x_wconf 74' lang='lat' dir='ltr'><em>eis</em></span> <span class='ocrx_word' id='word_1_282' title='bbox 1032 4225 1145 4295; x_wconf 88' lang='lat' dir='ltr'><em>pietatis</em></span> <span class='ocrx_word' id='word_1_283' title='bbox 1159 4227 1281 4278; x_wconf 78' lang='lat' dir='ltr'><em>stadican</em></span> <span class='ocrx_word' id='word_1_284' title='bbox 1301 4229 1330 4278; x_wconf 90' lang='lat' dir='ltr'><em>et</em></span> <span class='ocrx_word' id='word_1_285' title='bbox 1348 4226 1421 4292; x_wconf 76' lang='lat' dir='ltr'><em>fides</em></span> <span class='ocrx_word' id='word_1_286' title='bbox 1436 4241 1507 4295; x_wconf 85' lang='lat' dir='ltr'><em>pro·</em></span> 
     </span>
     <span class='ocr_line' id='line_1_33' title="bbox 321 4331 1507 4405; baseline -0.003 -15"><span class='ocrx_word' id='word_1_287' title='bbox 321 4337 419 4390; x_wconf 86' lang='lat' dir='ltr'><em>babilis</em></span> <span class='ocrx_word' id='word_1_288' title='bbox 431 4337 494 4405; x_wconf 78' lang='lat' dir='ltr'><em>fuit.</em></span> <span class='ocrx_word' id='word_1_289' title='bbox 508 4363 521 4375; x_wconf 93' lang='lat'>-</span> <span class='ocrx_word' id='word_1_290' title='bbox 535 4335 625 4395; x_wconf 83' lang='lat' dir='ltr'><em>Quare</em></span> <span class='ocrx_word' id='word_1_291' title='bbox 638 4337 660 4388; x_wconf 85' lang='lat' dir='ltr'><em>si</em></span> <span class='ocrx_word' id='word_1_292' title='bbox 675 4335 743 4389; x_wconf 89' lang='lat' dir='ltr'><em>baec</em></span> <span class='ocrx_word' id='word_1_293' title='bbox 757 4335 829 4388; x_wconf 85' lang='lat' dir='ltr'><em>ratio</em></span> <span class='ocrx_word' id='word_1_294' title='bbox 843 4351 896 4387; x_wconf 89' lang='lat' dir='ltr'><em>non</em></span> <span class='ocrx_word' id='word_1_295' title='bbox 910 4338 1032 4400; x_wconf 86' lang='lat' dir='ltr'><em>excuset,</em></span> <span class='ocrx_word' id='word_1_296' title='bbox 1049 4335 1096 4404; x_wconf 90' lang='lat' dir='ltr'><em>qni</em></span> <span class='ocrx_word' id='word_1_297' title='bbox 1112 4333 1205 4386; x_wconf 81' lang='lat' dir='ltr'><em>differt</em></span> <span class='ocrx_word' id='word_1_298' title='bbox 1217 4331 1387 4401; x_wconf 85' lang='lat' dir='ltr'><em>baptismum</em></span> <span class='ocrx_word' id='word_1_299' title='bbox 1405 4339 1507 4400; x_wconf 75' lang='lat' dir='ltr'><em>peccat</em></span> 
     </span>
     <span class='ocr_line' id='line_1_34' title="bbox 321 4438 1191 4508; baseline -0.003 -17"><span class='ocrx_word' id='word_1_300' title='bbox 321 4439 350 4492; x_wconf 90' lang='lat' dir='ltr'><em>in</em></span> <span class='ocrx_word' id='word_1_301' title='bbox 368 4439 459 4508; x_wconf 86' lang='lat' dir='ltr'><em>legem</em></span> <span class='ocrx_word' id='word_1_302' title='bbox 479 4438 552 4492; x_wconf 88' lang='lat' dir='ltr'><em>Eccl.</em></span> <span class='ocrx_word' id='word_1_303' title='bbox 572 4444 601 4494; x_wconf 88' lang='lat' dir='ltr'><em>et</em></span> <span class='ocrx_word' id='word_1_304' title='bbox 620 4442 652 4492; x_wconf 85' lang='lat' dir='ltr'><em>fit</em></span> <span class='ocrx_word' id='word_1_305' title='bbox 671 4439 842 4508; x_wconf 86' lang='lat' dir='ltr'><em>irregularis,</em></span> <span class='ocrx_word' id='word_1_306' title='bbox 862 4438 909 4492; x_wconf 90' lang='lat' dir='ltr'><em>sed</em></span> <span class='ocrx_word' id='word_1_307' title='bbox 928 4456 1009 4492; x_wconf 78' lang='lat' dir='ltr'><em>serien</em></span> <span class='ocrx_word' id='word_1_308' title='bbox 1028 4439 1191 4508; x_wconf 83' lang='lat' dir='ltr'><em>improprio.</em></span> 
     </span>
    </p>
   </div>
   <div class='ocr_carea' id='block_1_6' title="bbox 0 0 1658 5102">
    <p class='ocr_par' dir='ltr' id='par_1_7' title="bbox 0 0 1658 5102">
     <span class='ocr_line' id='line_1_35' title="bbox 0 0 1658 5102; baseline 0 4"><span class='ocrx_word' id='word_1_309' title='bbox 0 0 1658 5102; x_wconf 95' lang='lat' dir='ltr'><em> </em></span> 
     </span>
    </p>
   </div>
  </div>
 </body>
</html>
