3312 5108
297 287 341 351 58
698 349 700 352 .
803 260 804 268 ἵ
827 309 911 356 raas
934 309 956 354 1.

297 433 361 497 lem
384 435 566 500 instantiam
591 455 673 519 quae
693 433 764 500 fieri
781 440 885 520 potest
900 435 940 500 de
955 436 1211 522 irregularitate
1226 435 1278 500 vel
1295 436 1358 500 alia
1372 435 1479 500 adniti

297 559 506 634 inhabilitate,
524 551 650 645 quaudo
665 581 730 626 non
747 563 920 646 imponitur
932 561 990 626 sub
1003 563 1135 648 propria
1147 568 1181 627 et
1193 563 1339 648 rigorose
1352 562 1478 626 ratione

297 703 430 769 poenae,
451 686 507 752 sed
531 694 663 772 propter
687 687 901 754 indecentiam
919 707 948 752 ›.
971 687 1043 752 Hac
1059 687 1098 752 de
1116 707 1213 754 causa
1228 707 1270 752 ex
1287 705 1361 769 cap.
1379 688 1438 772 fin.
1457 721 1475 734 -

297 807 347 874 De
364 809 487 875 aarum.
512 811 549 876 in
571 811 602 874 6.
626 831 668 875 ex
693 809 872 876 homicidia
897 810 1027 876 coartati
1051 809 1214 876 inducitur
1237 809 1475 894 irregularitas.

298 933 460 1000 Videlicet
482 938 552 1020 quis
576 936 656 1000 dans
679 955 811 1022 operam
836 937 885 1000 rei
900 935 996 1000 valde
1020 936 1222 1020 periculosae
1246 940 1359 1020 utputa
1381 954 1478 998 vena-

298 1058 376 1121 tioni
400 1064 493 1123 actae
508 1079 585 1126 cam
607 1060 750 1144 strepitu
774 1081 831 1126 seu
854 1061 1028 1126 condiente
1051 1065 1243 1125 venatorum
1259 1057 1476 1136 multitudine,

299 1181 357 1243 etsi
381 1179 532 1246 adhibeat
554 1202 681 1247 omnem
696 1182 894 1268 diligentiam
911 1182 967 1247 sed
984 1201 1027 1248 ex
1042 1181 1232 1263 infortunio
1256 1182 1395 1266 aliquem
1420 1201 1479 1245 oc-

299 1301 386 1368 cidat
408 1305 460 1369 vel
484 1307 617 1380 mutilet,
643 1305 679 1372 fit
702 1308 903 1392 irregularis,
927 1326 1042 1391 nempe
1066 1305 1105 1369 ob
1129 1310 1283 1378 mortem,
1308 1306 1361 1371 vel
1384 1306 1478 1370 muti·

298 1427 450 1492 lationem
467 1431 541 1496 inde
556 1437 733 1516 sequutam.
752 1467 770 1479 -
789 1433 869 1496 Item
893 1433 1018 1496 ratione
1041 1430 1215 1506 simoniae,
1241 1432 1311 1514 quis
1326 1430 1476 1496 incurrit

298 1551 544 1620 inhabilitatem
563 1555 603 1620 ad
627 1555 818 1622 beneficium
837 1557 1010 1622 simoniace
1033 1561 1213 1640 acceptum,
1231 1557 1376 1638 quamvis
1399 1555 1477 1622 alte·

299 1675 367 1740 rius
394 1697 495 1762 opera
517 1681 652 1744 simonia
676 1683 844 1746 commissa
867 1681 977 1748 fuerit.

388 1800 422 1886 3)
446 1803 651 1906 quantia
673 1805 760 1872 iuris
782 1825 852 1872 non
883 1810 1031 1911 cannot.
1066 1804 1133 1870 Sed
1157 1805 1238 1870 baec
1260 1810 1308 1870 ast
1330 1804 1481 1887 simplem

295 1928 531 2009 praesumptio
555 1948 644 2014 qaae
667 1930 753 1996 aedit
776 1929 910 1995 veritati
933 1927 989 2012 (l).
1016 1930 1084 1993 Etsi
1109 1927 1264 1993 Doctores
1288 1929 1415 2012 passim,
1434 1929 1479 1991 uti

298 2047 417 2114 Suarez
430 2053 450 2116 t
465 2073 492 2118 c.
506 2060 654 2119 asserant
667 2057 698 2119 in
717 2057 786 2120 iure
802 2055 962 2120 criminali
979 2054 1090 2118 valere
1105 2055 1303 2121 contrariam
1330 2055 1480 2140 regulam

300 2191 416 2256 nempe
439 2175 525 2241 iaris
547 2177 781 2262 ignorantiam
804 2197 982 2258 excusare,
1006 2183 1115 2244 tamen
1137 2177 1258 2245 addunt
1281 2179 1367 2244 hanc
1390 2180 1480 2264 igno·

300 2299 438 2360 rentiam
463 2319 527 2363 non
554 2303 716 2384 praesumi
747 2301 802 2367 sed
831 2302 1028 2387 probandam
1059 2321 1139 2374 esse,
1172 2321 1229 2367 seu
1259 2301 1379 2367 debere
1409 2321 1482 2368 esse

300 2425 514 2492 naincibitam
530 2447 587 2493 seu
603 2429 851 2511 inculpabilem,
873 2428 1028 2513 siquidem
1045 2449 1139 2493 nemo
1156 2433 1307 2493 censetur
1324 2429 1481 2513 ignorare

300 2565 393 2630 egem
424 2547 475 2612 vel
510 2550 745 2632 exprimentem
777 2553 825 2617 ius
855 2552 1004 2617 naturale
1032 2552 1084 2615 vel
1116 2551 1177 2614 iuri
1208 2551 1350 2616 naturali
1389 2557 1484 2616 arcte

302 2675 561 2736 consentaneam.
586 2673 765 2738 Praeterea
795 2672 968 2738 advertunt
998 2673 1213 2758 ignorantiam
1246 2673 1393 2757 graviter
1417 2675 1485 2739 cnl-

297 2791 448 2875 peditem
472 2812 529 2857 seu
552 2793 744 2860 vincibilem
766 2813 831 2859 uon
854 2814 1013 2859 excusare
1044 2815 1117 2859 cum
1145 2791 1266 2860 nemini
1296 2788 1393 2878 ‹ulpa
1416 2793 1482 2858 sui-

300 2914 425 3000 fragari
452 2914 576 2982 debeat.
610 2917 799 3002 Ignorantia
830 2937 907 2982 vero
937 2916 1055 2982 leviter
1086 2916 1264 3001 culpabilis,
1291 2917 1324 2980 in
1348 2935 1482 3001 genere,

300 3041 580 3108 aestimaturuon
608 3039 784 3124 culpabilis,
817 3041 933 3125 quippe
957 3041 989 3103 in
1013 3060 1050 3104 re
1079 3039 1238 3104 criminali
1264 3057 1393 3120 parant
1413 3057 1483 3121 pro

301 3165 406 3233 nihilo
424 3165 574 3232 habetur.
589 3201 606 3214 -
622 3165 826 3251 Quapropter
843 3167 943 3250 magis
960 3165 1167 3230 acccmcdum
1184 3169 1233 3230 est
1253 3165 1375 3249 regulis
1392 3164 1483 3238 iuris,

301 3293 492 3376 principium
516 3292 670 3377 generale
694 3293 891 3358 constituere
915 3311 934 3354 a
957 3291 1048 3356 uobis
1079 3292 1283 3376 praestitum,
1316 3289 1392 3372 quia
1422 3307 1481 3374 pos

301 3414 383 3480 sidet
405 3417 631 3500 praesumptio
656 3416 827 3482 nerninem
850 3417 1013 3500 ignorare
1036 3415 1099 3492 ino,
1125 3434 1207 3500 quae
1230 3415 1369 3500 simplex
1391 3434 1484 3499 prae-

302 3543 438 3624 sumptio
461 3541 546 3606 cedit
569 3543 753 3608 contrariae
776 3541 919 3606 directae
945 3540 1137 3625 probationi,
1163 3561 1206 3606 sc.
1233 3541 1265 3604 in
1290 3560 1367 3605 casu
1390 3541 1484 3625 igno·

301 3664 440 3727 rautiam
472 3665 611 3730 adfuisse
639 3665 846 3748 eamdemque
874 3684 939 3728 non
969 3663 1170 3749 culpabilem.
1200 3663 1344 3728 Probata
1374 3669 1483 3728 autem

301 3788 485 3873 ignorantia
500 3790 682 3855 excluditur
698 3791 894 3874 propositum
910 3788 1117 3873 delinquendi
1132 3809 1189 3854 seu
1206 3788 1306 3853 dolus.
1321 3789 1369 3852 Eo
1382 3789 1485 3872 magis

301 3911 385 3995 quod
401 3933 465 3977 nou
483 3917 617 3977 excusat
632 3913 815 3998 ignorantia
830 3914 910 3978 iuris
925 3913 1054 3996 positivi
1071 3912 1202 3977 humani
1218 3911 1346 3997 quando
1362 3912 1486 3976 factum

301 4043 413 4124 aperte
429 4039 622 4125 reprobatur
638 4059 657 4102 a
672 4039 746 4123 lege
761 4039 917 4114 naturali3
934 4038 1024 4124 leges
1043 4059 1126 4103 vero
1146 4039 1300 4125 poenales
1322 4039 1486 4104 humanae

372 4216 411 4286 (l)
431 4217 473 4270 lta
491 4216 519 4268 in
538 4214 596 4268 cod.
612 4213 671 4268 ltal.
692 4230 770 4283 poen.
789 4214 911 4284 rigente,
931 4213 1023 4268 editur
1043 4213 1096 4268 hoc
1112 4215 1280 4284 principium
1299 4219 1328 4269 et
1347 4213 1486 4282 absolute,

301 4346 350 4383 seu
368 4329 527 4398 ignorantia
545 4325 616 4378 iuris
635 4341 690 4377 non
710 4333 833 4380 excusat,
854 4323 901 4378 sed
920 4341 975 4377 non
995 4322 1160 4392 prohibetur
1179 4325 1326 4394 quominus
1351 4325 1488 4394 probetur

301 4433 331 4487 iu
348 4431 442 4502 aliquo
460 4445 535 4494 casu,
555 4427 742 4497 ignorantiam
761 4425 855 4480 dolum
874 4425 1059 4496 prohibuisse.
