3302 5100
637 347 843 396 manseron
867 348 903 395 n.
1292 331 1355 398 551

288 463 329 520 Ex
349 481 387 521 ns
405 481 555 524 counione:

254 567 272 624 1.
293 569 432 642 Distingui
451 574 551 629 debere
571 573 716 644 paroeciae
735 573 921 644 privationem
934 590 1005 646 quae
1018 573 1122 630 habeat
1140 575 1278 630 rationem
1291 591 1358 646 poe·

179 691 243 742 nae,
261 695 280 730 a
297 677 417 750 simplici
436 682 615 735 oeconomice
634 681 799 747 remotione,
817 697 891 749 quae
913 684 947 736 flt
972 681 1031 738 sive
1055 682 1089 737 ad
1114 687 1233 752 tempus,
1251 681 1310 738 eive
1329 681 1358 736 in

96 819 98 824 -
180 790 354 856 perpetuum.

251 889 284 946 11.
303 891 453 949 Peroeciae
467 893 651 963 privationem
664 892 726 949 fieri
740 909 794 947 non
805 909 894 963 posse,
907 891 960 948 nisi
974 898 1085 950 constet
1096 895 1130 950 de
1144 894 1233 964 culpis
1245 895 1358 951 omnino

180 999 321 1082 gravibus,
334 999 434 1070 quibus
452 1016 486 1055 ex
505 1000 566 1056 inre
584 999 750 1070 gravissime
762 999 832 1056 haec
845 1000 1010 1070 privationis
1023 1017 1113 1070 poena
1126 1001 1272 1072 infligitur,
1285 1001 1358 1056 iudi·

178 1103 245 1159 ciali
264 1106 361 1161 ordine
380 1112 501 1173 servato,
519 1108 566 1179 qui
585 1107 613 1161 in
632 1105 677 1161 hie
695 1107 787 1162 causis
806 1107 1015 1177 praescribitur.
1102 1131 1104 1136 ·

250 1212 295 1267 111.
315 1212 527 1270 Oeconomicam
546 1218 640 1268 autem
659 1213 842 1270 remotionem
861 1230 896 1269 en
914 1212 1018 1284 duplici
1038 1231 1123 1270 causa
1141 1213 1211 1279 fieri,
1223 1231 1258 1270 ax
1271 1215 1358 1285 impe-

179 1317 247 1373 ritia
265 1335 365 1391 nempe
383 1325 412 1376 et
431 1320 613 1377 inidoneitate
633 1317 750 1376 Perochi
770 1320 804 1374 ed
822 1321 980 1392 paroeciam
1000 1321 1041 1376 uti
1061 1338 1111 1392 per
1133 1325 1176 1376 est
1198 1321 1359 1392 regendam,

177 1423 225 1480 vel
243 1440 276 1480 ex
296 1426 377 1495 gravi
395 1427 459 1481 odio
478 1431 506 1482 et
524 1425 669 1484 aversione
688 1427 786 1499 plebis,
806 1427 907 1500 quibus
921 1427 1091 1494 cxnnubus,
1106 1427 1248 1482 Perochue
1261 1444 1358 1499 paroe-

176 1530 239 1586 ciae
256 1549 324 1588 suae
343 1533 488 1589 consulere
507 1534 628 1604 emplius
647 1551 701 1590 non
719 1536 818 1606 possit.

248 1637 295 1692 lv,
314 1638 344 1693 ln
366 1640 506 1709 praesenti
524 1645 619 1696 evitem
632 1659 697 1696 casu
711 1641 804 1697 locum
817 1640 948 1697 habuisse
963 1641 1171 1697 oeconomicam
1183 1640 1256 1696 hanc
1268 1657 1357 1696 remo-

178 1744 285 1801 tionem
310 1746 396 1800 variis
420 1747 650 1802 concurrentibus
674 1747 774 1814 causis,
798 1749 874 1803 inter
901 1765 970 1819 ques
994 1747 1095 1802 ultime
1119 1763 1174 1802 non
1198 1751 1260 1802 erat
1283 1747 1357 1801 ratio

177 1853 280 1924 egerim
300 1853 428 1923 Perochi,
446 1857 493 1926 qui
513 1857 590 1927 gravi
611 1875 662 1912 sue
679 1857 855 1927 negligentia
874 1856 965 1926 plebis
983 1855 1122 1911 aversioni
1141 1871 1254 1910 causam
1273 1853 1355 1910 dede·

177 1963 232 2025 rat,
253 1974 371 2031 eamque
390 1979 439 2016 sua
460 1963 622 2032 arrogantia
640 1965 758 2017 suxerat
776 1959 823 2032 (Ι).

246 4429 278 4485 (1)
292 4429 329 4473 Ex
343 4425 486 4484 ephemeride
500 4429 560 4474 Acta
576 4431 598 4476 S.
615 4429 681 4473 Selia
696 4429 749 4473 Vci.
764 4429 787 4481 1,
798 4441 824 4484 p.
840 4431 894 4474 51³.
