3290 5100
456 328 459 336 ·
556 337 600 384 us
624 337 777 384 uuurcrrs
801 337 844 382 ur
868 337 988 384 ronurs
1294 319 1361 384 507

184 461 269 526 suris
284 479 308 525 a
323 460 398 526 iure
412 460 438 544 f.
452 481 477 527 s.
492 461 649 548 impedire
663 463 855 528 sententiam
869 461 1174 528 condemnatoriam.
1193 462 1240 528 cf.
1254 460 1362 528 D’An·

184 583 291 649 nibale
314 585 335 648 t.
362 604 388 650 c.
977 655 979 660 ,

274 709 441 775 Hactenus
464 709 504 774 de
527 711 748 795 complicibus
771 711 1018 798 principalibus;
1046 715 1097 776 ast
1119 731 1290 777 censuram
1316 712 1363 776 in-

184 840 322 900 currunt
344 853 470 920 quoque
485 835 667 910 auaritiam,
684 836 851 920 fauorem,
870 837 1048 903 consilium
1067 841 1280 921 praestantes.
1298 837 1361 904 Sed

183 959 265 1025 haec
280 967 492 1046 praestantes,
506 981 565 1046 pro
578 963 693 1048 regula
710 963 881 1033 communi,
895 962 1073 1046 puniuntur
1089 981 1228 1026 censura
1244 959 1360 1027 effectu

183 1089 327 1168 sequuto.
345 1085 520 1151 censuram
538 1105 603 1151 non
619 1086 793 1152 incurrunt
808 1090 1034 1170 exequutores
1050 1084 1264 1160 decretorum,
1281 1105 1361 1171 quos

183 1212 340 1294 praeterit
363 1211 470 1278 Consi.
495 1217 615 1278 nostra.

272 1335 347 1398 443.
371 1335 572 1400 Inerticula
603 1335 809 1418 subsequenti
842 1355 899 1400 seu
925 1335 947 1399 7
974 1333 1084 1402 Consi.
1117 1335 1232 1418 Apost.
1263 1333 1362 1402 Sedis

185 1461 385 1544 protegitur,
410 1459 443 1523 in
466 1459 569 1544 prima
594 1465 703 1545 parte,
728 1461 920 1525 exercitium
952 1461 1180 1526 iurisdictionis
1203 1461 1361 1527 iudicialis

182 1586 393 1669 competentis
410 1585 577 1650 Ecclesiae
593 1606 653 1670 pro
670 1605 728 1650 suo
752 1585 829 1650 iure
848 1585 986 1668 publico
1003 1585 1163 1652 societatis
1179 1585 1360 1671 perfectam

182 1706 256 1771 dnm
280 1710 312 1772 in
336 1709 446 1774 altera
470 1717 563 1794 parte
586 1710 716 1774 articuli
740 1730 794 1775 res
818 1715 867 1774 est
889 1709 929 1775 de
954 1709 1057 1774 libera
1073 1711 1287 1795 explicatione
1311 1712 1360 1776 sui

181 1833 268 1900 iuris
276 1834 416 1916 privati,
431 1853 492 1918 quo
505 1835 625 1900 lruitur
638 1840 796 1919 quatenus
809 1841 858 1900 est
870 1835 1013 1921 legitima
1024 1837 1170 1900 societas.
1185 1835 1269 1902 Sane
1281 1835 1360 1901 arti-

181 1959 278 2025 culus
294 1958 317 2024 7
333 1958 480 2025 decernit
502 1980 672 2026 censuram
697 1961 1040 2026 excommunicationis
1063 1979 1112 2042 sp.
1134 1962 1224 2028 mccl.
1251 1962 1360 2047 Papae

183 2089 369 2149 reservatae
382 2084 414 2148 in
429 2103 447 2147 c
464 2083 624 2171 Ooqentes
635 2085 706 2151 sice
717 2085 843 2150 directe
854 2085 924 2151 siue
935 2085 1100 2150 indirecte
1111 2085 1239 2152 iudices
1255 2086 1361 2153 laicos
1433 2107 1436 2112 ’

181 2207 228 2272 acl
244 2207 450 2274 trallensium
466 2210 513 2274 acl
527 2227 630 2275 auum
646 2209 797 2276 tribunat
808 2228 979 2291 personas
993 2209 1234 2276 ecclesiasticas
1252 2229 1359 2292 prae·

182 2335 233 2396 ter
248 2331 428 2397 canonicas
445 2331 698 2415 dispositionem
721 2333 866 2417 itemque
883 2333 1017 2399 edentes
1040 2334 1137 2419 tapes,
1155 2335 1206 2398 ael
1223 2334 1359 2400 decreta

181 2461 301 2523 contra
325 2455 512 2522 libertatem
534 2462 594 2522 aut
616 2457 698 2523 iura
721 2458 893 2524 Ecclesiae
910 2479 940 2522 a.

206 2555 208 2558 ¹
270 2578 485 2654 Quamobrem
513 2579 567 2646 hic
593 2580 750 2646 articulus
777 2585 888 2646 tuetur
919 2579 1174 2646 iurisdictionem
1205 2581 1358 2647 ccclesia·

180 2705 293 2769 sticam
317 2703 421 2788 quoad
442 2703 560 2786 sorum
585 2704 788 2771 clericorum
807 2704 1075 2790 privileqiatunt.
1093 2705 1218 2770 Verum
1238 2703 1361 2772 Consti·

180 2830 259 2894 tutio
275 2835 387 2894 nostra
402 2848 615 2894 censurarum
632 2849 802 2894 numerum
817 2828 974 2895 reducere
991 2829 1169 2906 intendens,
1187 2849 1358 2897 censuram

180 2952 245 3019 edit
268 2953 435 3019 dumtaxat
463 2959 577 3018 contra
611 2958 765 3039 coqentes
795 2953 924 3020 iudices
955 2953 1059 3020 laicos
1082 2955 1129 3019 acl
1152 2954 1357 3020 trahendum

179 3079 227 3146 ad
248 3099 350 3145 suum
374 3079 524 3146 imbuunt
544 3099 715 3163 personas
738 3079 989 3146 ecclesiasticae.
1016 3081 1165 3145 lamvero

317 3205 347 3292 1)
375 3209 538 3289 coqeulm,
567 3222 609 3268 ex
636 3204 904 3287 interpretatione
929 3203 1115 3270 authentica
1142 3225 1202 3291 per
1225 3205 1256 3272 S.
1282 3205 1357 3272 offi-

179 3330 264 3395 cium
287 3331 370 3396 data
391 3329 456 3412 ser.
474 3329 537 3412 IV,
562 3327 862 3404 dietmarum,
887 3348 951 3394 non
975 3335 1049 3396 sunt
1072 3331 1132 3394 nisi
1150 3330 1359 3417 teqislatores

179 3453 232 3519 vel
255 3453 338 3518 aliae
361 3453 578 3520 auctoritates
600 3473 657 3518 seu
681 3453 891 3540 magistratus
914 3456 979 3537 qui,
1004 3455 1129 3522 scilicet
1150 3474 1212 3519 nec
1235 3474 1257 3520 a
1285 3456 1359 3542 leqe

179 3593 240 3638 nec
252 3573 295 3640 ab
312 3575 447 3642 nemim
458 3576 571 3654 coacti,
588 3575 782 3660 pertrahere
798 3581 927 3661 cogunt,
944 3577 1136 3642 auctoritate
1152 3595 1221 3656 sua,
1235 3576 1358 3644 iudices

176 3700 368 3784 laicosque
390 3701 503 3772 laicos.
521 3721 635 3786 nempe
659 3721 703 3766 ea
726 3701 833 3785 officio
854 3701 944 3768 ciuili
959 3721 1022 3786 quo
1037 3702 1168 3787 pollent,
1187 3704 1246 3768 etsi
1266 3705 1356 3770 clero

177 3827 242 3907 sint
257 3826 421 3912 adscripti,
438 3825 478 3891 ad
495 3827 632 3892 clericos
647 3826 825 3892 trahendos
841 3826 882 3892 ad
897 3827 1017 3891 laicum
1037 3826 1189 3902 tribunal,
1206 3829 1356 3895 nimirum

177 3953 218 4019 ad
240 3951 383 4038 agendas
398 3973 511 4018 causas
527 3954 595 4018 sive
611 3952 723 4018 civiles
743 3953 811 4019 sive
835 3953 1023 4018 criminales
1046 3972 1157 4019 coram
1180 3954 1257 4040 ipsis
1279 3955 1358 4022 iudi-

177 4077 313 4144 cialiter.
332 4077 412 4140 Item
436 4073 648 4143 confirmatur
663 4077 727 4142 alio
743 4075 875 4142 decreto
898 4075 929 4141 S.
949 4077 985 4143 U.
1003 4079 1029 4142 l.
1045 4077 1095 4142 26
1110 4077 1233 4142 Martii
1247 4079 1338 4144 1874
1342 4100 1357 4164 ,·

177 4205 210 4265 et
231 4219 275 4264 ex
296 4199 415 4264 litteris
438 4199 525 4265 iussu
547 4198 664 4265 Leonis
688 4200 771 4264 Xlll
797 4198 902 4264 editae
930 4199 985 4264 die
1007 4198 1059 4266 23
1082 4201 1158 4266 lan.
1183 4201 1275 4266 1886
1298 4199 1355 4288 (l).

266 4357 307 4428 (ll
324 4357 351 4411 S.
370 4357 495 4412 Officium
521 4357 572 4412 has
597 4357 680 4412 dedit·
697 4358 743 4412 die
761 4357 804 4410 23
822 4357 883 4411 lan.
903 4357 986 4411 1886
1006 4359 1116 4432 litteras
1140 4360 1297 4414 circulares
1315 4361 1356 4415 ila

175 4469 333 4534 conceptas.
352 4464 452 4518 «Cum
470 4481 537 4520 uero
555 4464 589 4520 de
608 4481 689 4520 sensu
709 4469 738 4520 et
757 4463 947 4534 intelligentia
963 4463 1045 4519 burins
1058 4465 1158 4535 capitis
1175 4483 1259 4537 saepe
1277 4467 1357 4522 dnbi-
