3296 5108
118 36 403 82 ff*-

365 307 432 372 368
891 323 973 370 runs
1000 323 1020 367 ι.

364 451 527 518 saeculum
563 451 706 535 quintum
741 449 873 514 decreta
911 447 1121 514 conciliorum
1156 451 1189 512 st
1226 447 1326 512 Rom.
1366 441 1524 510 Pontificun

365 578 523 661 rescripta
546 573 592 660 (l)
622 575 807 660 expressius
830 573 1097 644 determinarunt.
1124 573 1257 656 quinam
1287 569 1425 636 dicendi
1450 580 1527 633 essen

364 702 563 788 irregulares
586 721 628 766 ex
651 701 780 766 defectu
805 701 961 784 corporis.
987 699 1160 764 Postrema
1188 697 1339 770 decreta,
1366 693 1529 761 haedere

365 826 459 908 edita,
484 827 691 892 continentur
714 826 746 889 in
771 824 963 892 collectione
986 824 1138 910 Gregorii
1165 823 1224 888 lX.

453 952 528 1016 281.
553 949 648 1015 Modo
679 947 910 1034 explicabimus
941 949 1072 1034 regulas
1103 967 1186 1032 quae
1219 946 1442 1013 moderantur
1471 947 1532 1012 bunt·

364 1079 501 1163 speciem
526 1075 802 1162 irregularitatum
826 1076 972 1157 quamvis
996 1075 1163 1142 abstracte
1187 1076 1270 1139 certi
1300 1074 1426 1146 limites
1454 1073 1535 1137 deter-

364 1205 478 1269 minari
503 1224 567 1268 non
592 1204 723 1289 possint,
755 1201 811 1268 sed
835 1205 1033 1289 potissimum
1061 1201 1260 1269 attendenda
1290 1208 1370 1268 sunt
1401 1203 1536 1269 adiuncta

364 1328 442 1393 facti
466 1326 629 1394 concreti:

499 1453 532 1532 l)
556 1451 785 1537 irregularitas
808 1453 914 1516 oritur
930 1471 975 1530 ea
991 1451 1126 1535 defectu
1142 1451 1301 1536 corperis
1317 1454 1388 1518 sive
1406 1453 1538 1537 ingentu

363 1581 432 1646 sive
455 1579 611 1662 acquisito
635 1580 704 1642 sive
728 1597 787 1663 per
810 1577 936 1662 culpam
959 1577 1029 1642 sive
1060 1577 1181 1662 absque
1212 1577 1319 1664 culpa,
1348 1578 1480 1661 quando
1502 1577 1541 1640 de

364 1703 467 1769 fectus
490 1703 563 1767 talis
585 1702 627 1766 sit
650 1707 684 1767 ut
708 1701 759 1766 vel
784 1703 970 1766 necessario
995 1703 1037 1767 sit
1059 1707 1237 1787 perpetuus
1261 1702 1316 1766 vel
1339 1703 1366 1766 si
1387 1703 1486 1766 etiam
1509 1699 1543 1764 di

364 1848 497 1914 sparere
527 1831 640 1912 potest,
673 1827 735 1891 hoc
766 1831 874 1891 tamen
908 1847 971 1892 non
1007 1828 1158 1912 arguitur
1193 1832 1286 1894 certo
1322 1847 1364 1891 ex
1396 1827 1543 1910 qualitate

364 1951 519 2024 defectus,
536 1949 654 2036 (prouti
670 1949 765 2016 fleret
786 1953 819 2016 in
844 1951 973 2017 defectu
993 1955 1138 2017 staturae
1162 1951 1195 2014 in
1222 1950 1338 2035 puero)
1362 1949 1417 2014 sed
1438 1951 1544 2013 forsan

364 2074 416 2138 vel
446 2094 489 2139 ex
520 2073 709 2160 operatione
738 2075 926 2160 chirurgica
952 2074 1005 2139 vel
1033 2094 1075 2139 ex
1106 2074 1171 2138 alia
1201 2093 1302 2142 causa
1326 2073 1492 2139 eventuali
1519 2079 1546 2135 et

365 2201 501 2266 incerta.

497 2324 533 2404 2)
556 2323 665 2397 Quare
681 2323 726 2388 illi
747 2323 861 2396 morbi,
879 2325 924 2388 uti
940 2323 1101 2408 epilepsis,
1115 2325 1168 2408 qui
1184 2322 1360 2408 aliquando
1376 2341 1547 2408 progressu
1563 2368 1565 2376 .

363 2450 517 2534 temporis
540 2449 705 2534 disparent
727 2450 778 2514 vel
803 2449 916 2514 saltem
941 2449 1138 2535 disparuisse
1166 2448 1321 2514 videntur
1351 2449 1407 2514 sed
1437 2453 1547 2534 postea

364 2577 480 2640 iterum
506 2576 675 2663 insurgunt
697 2579 753 2639 aut
779 2575 1023 2660 ingravescunt,
1048 2577 1249 2643 constituunt
1274 2575 1547 2660 irregularitatem

365 2705 397 2765 et
413 2701 543 2785 proprie
555 2699 780 2784 dispensantur
795 2721 815 2764 a
830 2701 861 2766 S.
876 2699 1045 2772 Pontifice,
1063 2707 1096 2766 et
1109 2706 1241 2787 possent
1253 2701 1433 2786 dispensari
1450 2699 1547 2765 abso·

365 2826 433 2890 tute
455 2823 510 2888 sed
534 2823 639 2890 solent
660 2823 839 2906 dispensari
862 2824 1012 2897 relative,
1039 2844 1154 2909 nempe
1177 2824 1237 2889 sub
1261 2825 1408 2890 clausula
1430 2823 1547 2888 reinci-

365 2947 508 3012 deatiae.
526 2945 647 3010 Eadem
671 2945 710 3010 de
735 2947 859 3012 ratione
875 2946 1071 3032 dispensatio
1089 2949 1302 3034 restringitur
1316 2945 1487 3031 aliquando
1507 2945 1547 3008 ad

366 3077 490 3137 certum
513 3077 647 3157 tempus.
672 3071 728 3137 sub
753 3071 907 3142 clausula,
931 3075 1125 3156 usquedum
1148 3073 1291 3139 morbus
1322 3074 1545 3159 ingravescat.

364 3197 418 3260 vel
442 3197 488 3262 ad
511 3195 694 3260 laterculum
718 3200 750 3260 et
771 3201 939 3278 quatenus
962 3195 1102 3262 morbus
1125 3215 1195 3262 aon
1219 3196 1445 3282 inpraoescat.

499 3321 535 3399 3)
553 3318 702 3384 Defectus
719 3339 796 3382 vero
811 3319 885 3384 talis
902 3339 973 3384 esse
985 3319 1090 3402 debet,
1106 3321 1210 3386 relate
1222 3320 1264 3385 ad
1279 3340 1392 3384 sacres
1407 3317 1545 3386 ordines,

365 3450 408 3530 ut,
424 3447 493 3528 quis
517 3445 555 3510 ob
579 3445 765 3511 carentiam
789 3443 924 3509 alicuius
947 3445 1082 3512 membri
1107 3447 1232 3530 aliquos
1256 3447 1338 3510 ritus
1368 3463 1482 3509 sacrae
1508 3443 1543 3506 li-

366 3571 493 3655 turgias
512 3588 655 3654 congrue
671 3589 727 3634 seu
742 3569 806 3636 rite
822 3589 983 3656 peragere
999 3591 1063 3634 non
1079 3571 1198 3652 valeat,
1214 3572 1268 3636 vel
1285 3571 1324 3636 ob
1341 3569 1544 3637 delibitatcm

367 3695 500 3760 membri
531 3713 656 3770 sectore,
681 3695 734 3760 vel
757 3694 797 3760 ob
820 3694 1057 3764 deformitatem
1087 3697 1235 3781 corporis
1258 3716 1325 3761 non
1348 3697 1418 3760 sine
1434 3707 1542 3760 'scun-

365 3817 443 3885 dulo
468 3825 501 3884 et
523 3819 629 3904 populi
652 3818 881 3886 admiratione
905 3817 1064 3904 perficere
1088 3823 1198 3905 possit.
1222 3821 1352 3886 Revera
1373 3821 1406 3882 in
1430 3817 1544 3900 cap?

367 3943 419 4008 De
441 3943 550 4009 cleric.
575 3948 702 4027 aequat.
728 3943 817 4028 Papa
840 3942 1033 4031 presbytero
1058 3945 1109 4011 cui
1133 3945 1195 4009 duo
1219 3944 1309 4029 digiti
1335 3963 1407 4009 curn
1431 3939 1543 4006 medie·

365 4075 430 4135 tate
453 4072 578 4156 palmae
601 4069 732 4137 abscissi
757 4071 889 4136 fuerant
911 4090 931 4134 a
955 4071 1119 4156 praedone
1150 4091 1214 4136 non
1239 4069 1388 4156 permisit
1417 4070 1542 4134 missam

456 4355 496 4423 (l)
509 4355 549 4407 Cf.
562 4353 613 4407 CC.
630 4355 735 4408 Decret.
755 4353 830 4407 Grat.
847 4355 888 4419 10,
901 4355 964 4408 dist.
980 4354 1026 4418 34;
1042 4354 1074 4408 10
1088 4355 1149 4408 dist.
1163 4355 1207 4420 553
1226 4353 1243 4406 3
1259 4355 1322 4407 dist.
1336 4353 1380 4418 333
1399 4354 1419 4417 l,
1431 4367 1503 4404 cans.
1515 4349 1541 4410 7,

367 4481 392 4532 q.
412 4463 443 4526 2;
462 4479 521 4530 cap.
541 4463 570 4525 4,
590 4462 630 4515 De
649 4461 743 4548 cleric.
762 4471 867 4530 aeprot.
890 4461 919 4514 X
937 4460 1042 4528 <111,o).
