3312 5108
836 328 921 376 PARS
945 327 968 374 1.

397 455 428 506 ut
447 451 521 506 actio
540 449 615 504 mala
633 451 670 504 sit
695 449 836 504 delictum.
862 451 989 506 Pertinet
1008 449 1042 503 ad
1062 450 1202 520 publicam
1222 452 1389 518 potestatem
1410 465 1490 504 men·

396 539 491 614 aurare
511 559 563 612 hoc
581 559 711 613 damnum
729 576 777 614 eeu
797 559 891 614 delicti
911 560 1073 614 obiectioam
1097 557 1299 628 quantitatem
1326 575 1375 613 seu
1400 559 1492 614 deter-

396 667 503 722 minare
522 683 660 738 quaenam
679 668 755 721 facta
774 671 803 722 et
827 667 966 738 quomodo
984 665 1142 720 habeantur
1160 667 1201 720 uti
1221 665 1331 720 delicte.
1353 665 1488 720 Damnum

395 773 471 828 aliud
498 777 541 829 est
565 746 766 842 immediatum,
786 771 861 826 aliud
880 774 1049 838 mediatum
1067 776 1096 826 et
1115 773 1188 825 ratio
1207 771 1301 827 delicti
1327 789 1361 827 err
1388 772 1490 828 damno

394 881 516 936 mediato
541 881 730 950 perpenditur.
756 880 787 938 Io
809 880 869 934 iure
888 897 948 934 cau.
968 879 1051 933 huius
1069 879 1162 933 damni
1183 878 1343 934 aestimatio
1364 896 1418 934 nou
1446 887 1489 935 eet

394 1004 503 1058 semper
520 990 658 1055 tumeliam·
676 991 706 1042 ct
725 985 789 1040 huic
808 986 923 1056 regulae
947 988 1067 1041 refertur
1086 985 1231 1040 distinctio
1251 1001 1358 1056 poenae
1378 988 1406 1039 in
1425 1001 1492 1056 poe·

395 1103 459 1148 nam
478 1099 528 1148 aut
548 1095 567 1147 l.
583 1110 605 1147 s.
625 1097 675 1147 aut
693 1097 750 1163 fis.
763 1121 800 1134 -
812 1093 855 1146 25.
875 1091 935 1154 Qua
948 1094 1057 1146 ratione
1083 1092 1214 1145 damnum
1237 1091 1266 1145 in
1292 1093 1427 1148 societate
1447 1109 1491 1147 re·

394 1201 495 1271 ligiose
519 1200 623 1254 afficiat
647 1199 771 1253 ordinem
794 1198 942 1264 socialem,
961 1202 990 1253 et
1015 1197 1079 1252 binc
1098 1216 1153 1270 qua
1174 1200 1283 1255 ratione
1309 1207 1486 1256 mensuretur

396 1308 540 1363 delictum.
557 1307 761 1362 -Praeterea
780 1323 830 1376 pro
849 1324 978 1361 mensura
997 1307 1093 1361 delicti
1118 1310 1258 1362 abstracta
1277 1312 1307 1362 et
1327 1311 1486 1382 onrolopica

395 1417 587 1471 consideratur
605 1414 699 1470 delicti
719 1415 841 1486 qualitas
861 1419 890 1468 et
905 1415 1057 1485 quantiam·
1078 1431 1128 1483 pro
1147 1425 1276 1471 concreta
1294 1423 1324 1472 et
1341 1418 1488 1474 individua

393 1525 578 1598 imputatione
603 1523 794 1578 consideratur
811 1524 934 1594 prades,-
952 1523 1024 1577 uude
1043 1523 1140 1577 eadem
1159 1523 1262 1578 delicta
1287 1527 1433 1593 abstracte,
1457 1527 1487 1580 in

394 1635 532 1697 concreto,
552 1629 661 1684 diverso
678 1633 772 1698 produ
791 1629 985 1700 imputationis
1003 1629 1160 1684 consistunt
1176 1659 1209 1671 -
1223 1631 1266 1684 26.
1287 1629 1326 1687 De
1345 1630 1416 1698 dolo,
1436 1648 1485 1687 seu

392 1737 427 1791 de
452 1737 561 1790 ratione
586 1737 737 1790 subiectiva
763 1735 868 1790 delicti.
889 1765 926 1777 -
943 1736 986 1788 27.
1006 1735 1198 1790 Recensentur
1214 1753 1314 1791 causae
1338 1753 1410 1808 quae
1435 1743 1486 1792 aut

393 1847 524 1900 auserunt
543 1849 592 1899 aut
611 1847 766 1900 extenuant
785 1847 865 1897 actus
885 1843 1140 1912 imputribilitatem.
1161 1875 1194 1887 -
1214 1845 1256 1898 28.
1272 1844 1311 1899 De
1329 1849 1432 1900 aetate.
1452 1875 1486 1888 -

391 1951 435 2005 29.
462 1952 502 2005 De
527 1951 659 2018 amentia,
687 1965 792 2017 somno,
820 1949 998 2020 hypnotismo
1025 1949 1143 2020 aliisque
1163 1949 1190 2004 id
1209 1967 1297 2020 genus
1322 1951 1423 2006 causis.
1441 1980 1479 1993 -

392 2051 435 2106 30.
463 2053 501 2108 De
519 2051 546 2106 ri
567 2056 596 2108 et
615 2060 698 2107 metu.
720 2081 757 2092 -
777 2052 808 2108 31
831 2053 870 2107 De
889 2058 967 2108 aestu
987 2053 1179 2122 cupiditatum,
1203 2053 1248 2106 ubi
1278 2058 1307 2107 et
1332 2053 1365 2108 de
1391 2055 1481 2110 ebria·

391 2163 459 2214 tate.
478 2188 515 2201 -
533 2159 576 2212 32.
596 2157 635 2212 De
654 2159 816 2238 ignorantia
835 2165 864 2214 et
883 2176 988 2214 errore.

391 2339 445 2406 23.
478 2339 524 2403 De
559 2341 688 2404 notione
718 2338 827 2405 delicti
861 2337 1019 2406 hacteuus
1053 2341 1301 2425 explicavimus,
1327 2340 1484 2425 quomodo

302 2464 386 2528 actio
409 2462 462 2527 vel
486 2463 614 2526 omissio
645 2463 818 2528 criminosa
848 2467 989 2528 externe
1019 2469 1255 2530 consummata
1286 2483 1408 2549 poenas
1432 2465 1483 2529 in-

302 2592 424 2653 currat.
441 2585 503 2652 Sed
515 2591 687 2671 praeterea
709 2585 750 2650 ad
772 2585 925 2651 delictum
942 2587 1121 2670 requiritur
1143 2587 1285 2653 enormis
1306 2589 1482 2674 imputatio,

301 2712 381 2778 adeo
397 2716 433 2778 ut
447 2711 637 2794 delinquens
652 2715 817 2775 mereatur
832 2730 986 2796 poenam,
1004 2710 1044 2776 ob
1061 2713 1218 2778 ordinem
1233 2712 1393 2779 socialem
1413 2711 1484 2778 loc-

300 2857 386 2903 sum.
418 2873 436 2886 -
468 2835 598 2934 ξκίηᾲθ
626 2835 687 2900 duo
710 2836 789 2936 3²5³.
806 2836 1101 2926 habenturdelicti
1135 2838 1299 2921 requisita,
1328 2839 1480 2903 nimirum

293 2961 399 3060 dolus
423 2982 480 3034 seu
508 2961 694 3028 deliberato
717 2962 875 3027 celemion
902 2961 1122 3050 delinquendi
1129 2981 1143 3044 ;
1168 2968 1201 3026 et
1223 2963 1408 3038 domnum,
1437 2964 1482 3028 ni·

300 3087 417 3174 mirum
441 3089 669 3150 nocumentum
699 3083 775 3148 inde
802 3090 1042 3170 pcipetratum
1065 3085 1102 3150 in
1126 3086 1283 3152 ordinem
1310 3085 1481 3152 socialem.

390 3209 488 3274 Dolus
511 3215 561 3274 est
583 3209 776 3275 elementum
795 3209 1014 3275 subiecticnm
1038 3215 1071 3275 et
1101 3209 1240 3275 formale
1265 3209 1385 3285 delicti,
1408 3211 1483 3294 quia

300 3336 384 3401 actio
407 3341 546 3400 externa
568 3335 627 3400 etsi
652 3341 881 3408 consummata,
899 3337 927 3400 si
950 3353 1015 3400 non
1032 3334 1187 3420 procedat
1209 3355 1229 3400 a
1251 3333 1356 3400 libera
1371 3336 1483 3400 volun-

187 3505 191 3510 -
299 3469 365 3528 tate
388 3463 522 3548 agentis,
548 3482 614 3527 uon
638 3467 687 3530 est
709 3463 876 3544 moralis,
900 3483 957 3529 seu
980 3482 1045 3526 nou
1070 3468 1118 3528 est
1144 3463 1271 3528 auctori
1296 3483 1353 3528 suo
1376 3465 1481 3551 impu·

299 3586 416 3651 labilis.

388 3711 442 3777 24.
467 3711 625 3776 Damnum
645 3713 694 3775 est
709 3710 903 3776 elementum
928 3709 1126 3778 obiectionm
1143 3729 1169 3796 a
1191 3730 1264 3794 quo,
1282 3713 1372 3795 quasi
1388 3732 1408 3776 a
1422 3732 1482 3778 suo

299 3833 374 3918 fine,
399 3833 492 3902 dolus
513 3838 664 3900 numam
686 3833 790 3900 induit
813 3831 932 3907 delicti,
957 3831 1112 3916 siquidem
1137 3852 1233 3898 omne
1256 3832 1409 3900 delictum
1433 3841 1482 3900 est

298 3959 382 4023 actio
407 3957 576 4023 moraliter
599 3956 693 4038 mala,
717 3955 775 4023 sed
798 3975 865 4021 non
890 3957 994 4021 omnis
1016 3957 1100 4022 actio
1123 3957 1294 4021 moraliter
1315 3957 1402 4022 mala
1433 3961 1483 4024 est

298 4084 460 4150 delictum.
475 4085 560 4150 Saue
572 4083 775 4169 obligationis
789 4084 1020 4150 contractualis
1032 4083 1166 4149 violatio
1186 4090 1236 4150 est
1255 4087 1347 4150 actus
1366 4084 1480 4162 malus,

297 4206 354 4272 sed
370 4226 435 4272 uon
451 4213 501 4274 est
517 4206 679 4272 delictum.
698 4207 751 4270 Fit
766 4205 919 4272 delictum
933 4206 1034 4271 laesio
1050 4206 1190 4272 alicuius·
1203 4207 1294 4280 iuris,
1312 4226 1409 4290 quum
1424 4207 1480 4274 ha·

298 4328 392 4394 betur
407 4329 541 4396 ordinis
562 4327 700 4395 sociatis
723 4327 941 4413 perturbatio:
965 4328 1048 4394 haec
1064 4347 1143 4393 vero
1159 4326 1286 4412 quando
1305 4332 1338 4393 et
1357 4333 1479 4412 quanta

295 4452 464 4536 habeatur,
481 4450 679 4518 aestimanda
705 4449 934 4536 actapublice
957 4453 1116 4536 potestate
1140 4449 1297 4535 punitiva.
