3306 5102
518 349 562 394 ou
586 347 744 394 nanrcrrs·
762 347 805 393 ar
829 346 948 394 ronrus
1261 327 1324 392 341

145 473 223 542 tem,
241 488 280 534 ea
303 467 458 534 subiectio
481 489 564 553 quae
588 473 659 534 iure
682 471 841 535 communi
858 470 1063 544 constituitur
1083 469 1208 534 ratione
1232 468 1328 534 dorni·

142 593 223 668 ciiii,
248 594 309 658 nisi
329 593 415 658 aliud
439 598 594 659 caveatur
617 614 781 680 expresse.

237 719 312 784 249.
339 720 471 784 Damam
495 739 554 805 per
572 719 822 802 professionem
851 719 1047 805 retipiosom
1077 720 1108 783 in
1136 718 1250 783 ordine
1273 737 1327 804 ap-

144 845 281 930 probato
305 846 453 910 emissam
472 865 540 928 per
562 851 639 912 vota
661 845 826 911 solemnia
843 844 965 909 tollitur
981 843 1206 930 irregularitas
1221 843 1326 928 quoad

141 971 278 1036 ordines
300 991 411 1036 sacros
426 969 644 1057 suscipiendos
665 988 765 1053 usque
788 969 829 1034 ad
853 969 1123 1056 presbyteratum,
1141 971 1326 1055 episcopatu

143 1099 180 1160 et
202 1097 396 1181 praelaturis
420 1097 518 1180 ipsius
542 1095 663 1160 ordinis
687 1095 828 1180 religiosi
853 1093 1004 1159 exclusis.
1025 1095 1146 1159 -Vota
1169 1095 1325 1180 simplicia

143 1237 211 1284 non
233 1219 332 1285 talem
356 1224 532 1304 operantur
556 1215 704 1284 effectum
728 1221 786 1284 atsi
817 1219 1012 1300 emittantur,
1037 1239 1078 1284 ex
1101 1218 1259 1283 hodierna
1282 1218 1327 1282 di-

142 1344 290 1428 soiplina
316 1350 447 1428 peracto
476 1344 630 1408 novitiatu
655 1342 695 1408 ab
718 1344 768 1409 his
799 1346 850 1426 qui
883 1342 1072 1409 solemniter
1102 1340 1246 1428 profiteri
1274 1362 1326 1406 cu·

143 1467 254 1551 pinni,
286 1467 318 1530 in
352 1465 572 1551 Religionibus
603 1465 787 1552 approbatis
816 1485 888 1529 cum
922 1466 1003 1530 votis
1032 1463 1246 1536 solemnibus,
1279 1465 1324 1529 uti

140 1589 325 1656 declararit
341 1591 371 1656 S.
390 1591 423 1655 C.
441 1592 545 1675 Super
568 1598 625 1657 sta.
645 1611 713 1676 reg.
731 1590 820 1655 -die
842 1589 894 1654 20
909 1591 983 1655 lan.
1001 1589 1102 1654 1860.
1122 1623 1139 1636 -
1156 1589 1324 1673 Exceptio.

144 1715 294 1800 regulam
325 1712 459 1778 firmans
489 1716 697 1788 contrariam,
724 1699 812 1780 facta
843 1715 902 1778 luit
932 1733 991 1799 pro
1023 1718 1097 1778 roto
1128 1713 1265 1798 simplici
1292 1714 1325 1777 in

142 1839 308 1905 Societate
331 1837 406 1905 iesu
433 1860 476 1904 ex
500 1841 599 1926 Greg.
626 1841 684 1913 tx,
710 1841 817 1905 Consi.
845 1837 1096 1905 «aseendente
1119 1837 1269 1904 Domino
1294 1861 1325 1904 a.

236 1967 289 2032 Ex
313 1967 422 2032 Const.
446 1967 545 2052 Greg.
569 1967 662 2042 XIV,
690 1967 978 2050 «Circumspectis
1001 1966 1071 2050 filio
1096 1987 1113 2026 a
1142 1965 1326 2051 illegitimus

143 2093 249 2177 recipi
272 2111 337 2156 non
359 2095 465 2176 potest
487 2093 519 2155 in
543 2091 657 2157 ordine
681 2092 832 2176 religioso
856 2093 888 2155 in
912 2110 974 2174 quo
1002 2095 1094 2175 pater
1122 2091 1190 2154 eius
1219 2089 1325 2154 adhuc

142 2217 236 2282 vivit.
268 2213 433 2281 Professio
462 2237 542 2281 vero
578 2217 728 2302 religiosa
759 2235 877 2280 revera
909 2215 993 2280 tollit
1028 2214 1320 2299 irregularitatem

143 2338 232 2404 unde
262 2341 314 2423 qui
347 2339 480 2404 discedit
509 2339 550 2403 ab
582 2341 695 2405 ordine
727 2338 877 2424 religioso
909 2345 1069 2419 censetur,
1102 2340 1196 2403 etiam
1229 2344 1326 2403 extra

140 2463 322 2528 claustrum
346 2470 501 2550 perpetuo
527 2466 639 2528 vivens
662 2484 682 2527 a
705 2483 906 2548 quocumque
921 2464 1050 2528 vinculo
1074 2463 1325 2548 irregularitatis

142 2587 278 2651 solutus.
296 2621 314 2634 ·
333 2587 528 2672 irregularis
544 2591 651 2651 autem
674 2585 795 2670 absque
814 2585 1049 2670 dispensatione
1073 2585 1248 2659 ordinatus,
1266 2587 1319 2670 qui

140 2710 363 2796 inpractiatnr
377 2709 598 2796 Retiyionem.
623 2716 727 2795 potest
743 2712 848 2776 statim
873 2711 905 2773 in
929 2712 1069 2795 receptis
1089 2709 1253 2775 ordinibus
1270 2712 1323 2774 mi·

143 2833 287 2896 nistrare
307 2837 340 2897 et
355 2832 487 2898 altiores
504 2833 659 2917 usquead
676 2832 935 2918 presbyteratum
952 2834 1131 2918 suscipere..
1146 2867 1164 2881 ·
1183 2833 1324 2897 Proinde

139 2955 290 3020 exclusio
306 2955 345 3020 ab
363 2957 557 3042 Episcopatu
579 2961 612 3022 et
634 2977 654 3022 a
673 2957 872 3022 Praetaturis
895 2963 943 3022 est
966 2957 1103 3040 simplex
1122 2955 1319 3040 probibitio,

141 3098 209 3143 non
234 3080 471 3166 irregularitas.

398 3368 420 3450 ἓ
442 3367 473 3434 2.
498 3365 548 3432 De
571 3367 824 3454 irrepntaritole
846 3387 892 3432 em
915 3365 1072 3450 infamio.

137 3611 407 3670 summarium-
420 3615 480 3668 250.
502 3615 578 3668 Bona
596 3617 670 3668 fama
689 3621 717 3670 et
737 3616 851 3668 iirsamia
871 3621 1015 3670 versantur
1035 3614 1121 3669 relati
1135 3615 1226 3685 quoad
1244 3631 1322 3668 suam

233 3722 389 3786 materiam,
410 3721 438 3774 in
457 3721 664 3776 existimatione
684 3720 834 3775 hominum.
854 3751 887 3762 -
906 3723 1261 3792 251.1nfamia,quannus
1280 3733 1323 3776 ost

231 3827 317 3886 etiam
337 3844 443 3882 merum
462 3831 577 3898 sactum,
596 3829 745 3883 secumfart
765 3829 893 3882 effectum
914 3829 1059 3882 iuridicum
1077 3829 1271 3899 incapacitatis
1290 3829 1324 3882 ad

230 3934 326 3988 munia
346 3933 466 4001 publica.
484 3965 520 3976 -
539 3937 598 3990 252.
619 3935 671 3990 Sed
691 3935 760 3990 haec
779 3937 894 3990 infamia
918 3953 973 3990 non
999 3942 1041 3991 est
1067 3936 1268 4006 irregularitas.
1287 3965 1325 3978 -

231 4037 292 4092 253.
313 4037 389 4092 Haec
411 4040 563 4093 constituta
582 4041 634 4094 suit
654 4057 702 4109 por
721 4041 864 4094 infamiam
878 4042 954 4108 iuris,
967 4042 1068 4112 quippe
1088 4041 1157 4096 haec
1177 4042 1325 4096 constituit

230 4145 378 4216 quamdam
397 4147 535 4202 moralem
545 4149 689 4217 pubiicum
703 4149 933 4218 reprobationem.
949 4177 982 4190 -
996 4149 1055 4202 254.
1071 4149 1227 4204 Hodiernae
1248 4149 1326 4218 leges

231 4254 366 4321 respuunt
379 4255 524 4322 infamiam
538 4254 616 4320 iuris,
631 4259 726 4323 utpote
741 4271 881 4326 nunquam
892 4255 1051 4309 distinctam
1064 4257 1099 4309 ab
1114 4257 1232 4328 infamio
1245 4255 1325 4326 sacti.

232 4355 271 4409 at
289 4353 361 4409 hanc
380 4357 475 4411 iubere
495 4356 576 4411 hodie
589 4357 667 4427 leges
679 4357 776 4412 civiles
789 4375 818 4412 sa
831 4359 952 4429 impares
964 4376 1024 4414 asse
1037 4361 1176 4425 fatentur3
1195 4360 1241 4414 aad
1262 4361 1323 4416 iura

231 4462 333 4516 merito
358 4463 483 4519 eamdem
508 4467 623 4519 tuentur
647 4465 724 4534 leges
749 4465 964 4521 ecclesiasticae.
982 4495 1019 4509 -
1039 4467 1101 4522 255.
1126 4467 1325 4538 lrregularitaa
