3306 5102
339 308 405 373 290
861 323 944 370 raas
970 323 990 369 r.

340 451 475 534 demque
503 448 731 521 ministrandis,
755 454 790 514 at
812 447 888 512 huie
911 447 1046 532 imperio
1069 445 1201 512 subesse
1224 465 1288 510 non
1312 447 1400 512 valet
1421 445 1544 528 Rom..

257 635 262 647 ,
341 575 493 641 Pontifex
509 575 654 658 quamvis
670 575 768 658 possit
791 570 927 658 obligari
950 574 1015 637 suis
1035 569 1159 656 legibus
1175 570 1279 654 quoad
1295 571 1363 636 uim
1380 571 1521 637 directi·

338 720 428 766 vam.
445 700 493 765 Gi.
510 700 639 780 suarez,
656 698 726 772 XL,
745 698 777 779 7,
792 717 827 764 a.
846 698 878 762 7.
903 693 1203 782 Schmalzgrueber‚
1231 695 1264 778 V,
1282 693 1340 772 37,
1357 717 1392 761 a.
1410 697 1462 760 71.

428 825 578 910 Episcopi
601 828 707 888 autem
729 827 762 890 et
777 821 965 888 Gurdinales
989 819 1310 906 comprehenduntur
1333 821 1366 884 in
1389 819 1522 906 legibus

338 949 596 1036 irregularitates
620 947 887 1014 constituentibus
911 948 970 1012 etsi
987 946 1027 1012 de
1044 947 1082 1012 iis
1098 945 1187 1012 nulla
1203 947 1324 1012 mentio
1347 943 1420 1021 fiat;
1446 966 1521 1031 arg.

340 1097 367 1142 c.
384 1097 410 1142 c.
428 1074 480 1140 10.
504 1079 524 1157 ξ
547 1075 729 1141 Personae.
756 1073 805 1139 De
827 1073 1018 1140 renunciat.
1041 1073 1075 1136 X
1097 1068 1137 1156 (1,
1154 1071 1188 1157 9)
1212 1077 1244 1138 et
1267 1072 1283 1135 1
1307 1072 1357 1138 De
1379 1076 1461 1138 sent.
1488 1077 1523 1137 el

340 1197 747 1284 mmmfflffld

431 1324 504 1390 197.
529 1323 704 1400 Quaeritur
727 1343 768 1388 an
792 1325 863 1408 quis
883 1324 1037 1409 ignorans
1062 1329 1117 1388 aut
1139 1323 1304 1388 reluctans
1326 1321 1522 1407 irregulari-

340 1455 439 1516 tatem
462 1451 658 1516 contrahere
681 1451 798 1516 valeat.
817 1484 835 1498 ·
854 1450 896 1514 Et
918 1449 1071 1534 distingui
1087 1447 1182 1514 debet
1202 1467 1266 1512 una
1286 1449 1410 1532 speeies
1434 1449 1523 1512 irre·

341 1576 523 1662 gularitatis
553 1575 592 1640 ab
621 1577 734 1640 altera.
768 1576 847 1640 Nam
875 1575 1134 1660 irregularitates
1158 1593 1204 1640 em
1227 1572 1375 1656 defectu,
1401 1575 1523 1658 quippe

341 1701 567 1785 provenientes
591 1719 632 1764 ex
656 1698 742 1763 iacto
766 1697 849 1781 quod
873 1717 932 1762 nos
951 1695 1005 1762 uei
1029 1717 1093 1761 non
1118 1698 1280 1782 posuimus
1300 1696 1351 1760 uel
1374 1694 1471 1761 liberi
1488 1705 1523 1760 et

342 1826 487 1891 volentes
511 1845 575 1890 non
599 1825 770 1910 posuimus,
794 1823 887 1888 nobis
911 1823 1021 1888 inseiis
1044 1829 1077 1888 et
1100 1822 1209 1888 invitis
1232 1822 1482 1888 contrabuntur.
1503 1859 1521 1870 -

343 1952 369 2015 ii
394 1957 508 2017 contra
531 1950 789 2035 irregularitates
812 1968 858 2014 em
880 1948 999 2014 delicto
1023 1949 1261 2031 provenientes,
1278 1949 1523 2013 contrahuntur

341 2095 383 2140 ex
408 2075 494 2141 facto
518 2075 632 2142 doloso
656 2078 712 2138 aut
734 2051 870 2156 calposo
895 2077 1035 2139 emtmmo
1067 2077 1300 2139 consummato
1324 2073 1386 2138 eus·
1409 2074 1522 2138 octaci-

344 2201 480 2269 tissime.

431 2324 647 2400 Quamobrem
672 2343 789 2390 causae
812 2343 934 2396 omnes,
952 2341 1009 2388 suo
1026 2321 1097 2386 loco
1113 2322 1304 2406 explicatae,
1329 2321 1522 2387 dirimentes

341 2449 450 2514 delicti
486 2451 744 2536 imputationem,
770 2449 1043 2535 irregularitatem
1079 2445 1265 2532 impediunt.
1300 2446 1363 2512 Sed
1387 2449 1521 2531 inquam

344 2611 361 2623 -
379 2595 421 2640 en
445 2576 530 2643 iacto
554 2577 669 2642 doloso
693 2580 749 2642 aut
772 2593 916 2642 ouuroso
935 2610 952 2623 -
974 2573 1129 2658 siquidem
1150 2575 1246 2640 etiam
1270 2593 1312 2638 ex
1335 2576 1439 2657 culpo
1462 2595 1520 2639 seu

342 2719 384 2764 ex
408 2700 506 2784 quusi
529 2701 648 2767 delicto
665 2701 827 2765 enascitur
850 2699 1093 2785 irregularitas;
1117 2701 1266 2765 nimirum
1287 2719 1330 2764 ex
1346 2699 1521 2765 homicidio

342 2844 405 2890 non
430 2825 552 2892 directe
576 2827 768 2918 uoluntario,
792 2824 849 2890 sed
873 2831 999 2911 patrato
1027 2845 1069 2890 ex
1096 2826 1267 2890 omissione
1293 2823 1420 2890 debitae
1444 2824 1521 2890 deli·

340 2952 485 3038 gentiae;
510 2947 762 3034 quandoquidem
779 2953 903 3014 tantum
926 2948 1052 3014 facinus
1076 2953 1204 3033 poterat
1219 2953 1251 3013 et
1267 2946 1405 3012 debebat
1423 2968 1520 3033 prae-

341 3075 453 3141 videri.
474 3073 522 3140 Of.
539 3093 621 3159 quae
645 3072 810 3139 docuimus
833 3078 966 3158 agentes
989 3073 1031 3138 ele
1054 3073 1154 3157 quasi
1177 3071 1321 3145 deliciis,
1346 3091 1380 3137 rt.
1403 3071 1455 3138 33
1470 3093 1518 3158 sq.

341 3202 380 3267 In
403 3201 465 3265 hoc
480 3201 677 3286 propositum
693 3200 802 3286 gravis
825 3201 858 3264 et
881 3199 1014 3284 elegans
1031 3197 1222 3264 resolvenda
1245 3201 1295 3264 est
1317 3200 1475 3282 quaestio.

430 3324 476 3390 Ol.
505 3323 678 3408 Gasparri,
707 3342 760 3406 op.
788 3323 841 3390 cit.
869 3343 903 3387 a.
933 3323 991 3387 191
1019 3320 1133 3387 tradit:
1161 3341 1179 3384 α
1275 3321 1520 3406 irrepulorilus

341 3451 440 3536 quasi
451 3469 566 3534 poema
581 3449 788 3535 pravissime
802 3449 963 3531 supponit
980 3449 1117 3531 culpam
1132 3465 1283 3532 prooem
1305 3449 1360 3512 Ita
1379 3447 1520 3532 quidem

340 3576 377 3640 ia
398 3593 540 3662 periere:
561 3574 622 3640 sed
645 3593 722 3640 oum
756 3573 997 3660 irregularitas
1031 3591 1109 3638 aare
1136 3591 1250 3655 poena
1275 3592 1346 3640 aon
1360 3572 1423 3644 'sit
1448 3591 1521 3639 noa

339 3665 510 3787 repupaot
532 3699 649 3766 induci
672 3719 718 3766 ear
737 3704 874 3782 peccato
899 3695 984 3780 levi,
1007 3697 1036 3763 si
1059 3697 1185 3765 scilicet
1205 3702 1301 3764 actus
1324 3698 1401 3764 ticet
1423 3698 1462 3762 in
1485 3717 1520 3763 se

341 3825 457 3890 leviter
472 3821 649 3907 culpabilis
669 3823 919 3906 promotionem
939 3823 1132 3889 clericalem
1154 3821 1280 3888 reddat
1301 3819 1457 3907 praviter
1471 3821 1520 3886 ia·

340 3947 510 4014 decentem
541 3947 633 4032 quod
655 3946 859 4012 nominatim
882 3945 919 4011 ia
943 3945 1123 4012 homicidio
1154 3944 1326 4030 verificari
1351 3949 1466 4026 potest
1489 3967 1518 4007 ›.

341 4073 402 4138 Sed
426 4075 532 4158 prouti
547 4072 678 4139 adnotat
693 4071 776 4136 idem
793 4069 927 4146 Auctor,
949 4072 1149 4138 contrarium
1166 4069 1284 4134 docent
1299 4071 1520 4135 communiter

342 4202 505 4270 Doctores„
522 4219 580 4264 seu
603 4199 724 4282 requiri
748 4197 874 4281 culpam
898 4217 1032 4282 gravem
1056 4215 1172 4281 nempe
1195 4200 1364 4280 peccatum
1386 4195 1519 4268 lethale.

342 4328 385 4390 ita
408 4325 538 4406 Suaraz,
562 4325 632 4396 XL,
650 4323 683 4399 3,
702 4323 743 4388 17
767 4327 799 4388 et
822 4323 912 4395 XLI,
938 4323 984 4405 5,·
1007 4320 1311 4408 Sohmalzgrueber‚
1336 4321 1437 4386 XXX
1444 4321 1519 4402 VII,

341 4471 374 4514 a.
393 4449 439 4514 76
446 4469 460 4532 ,·
485 4449 520 4514 [Υ
535 4449 702 4516 Annibale.
723 4451 748 4522 l,
774 4448 856 4513 109.
881 4447 966 4514 Sane
989 4467 1071 4531 quae
1092 4466 1139 4514 em
1161 4447 1297 4530 defectu
1322 4449 1519 4532 proveniunt
