3202 5104
504 320 548 366 nn
572 318 726 366 nnurcrrs
750 319 793 366 nr
817 320 936 367 nonnis
1241 301 1306 368 277

126 445 185 504 tur
200 441 277 505 satis
293 439 452 507 efficaces.
467 478 484 491 -
501 443 581 508 Item
598 444 672 527 quia
689 443 914 528 irregularitas
928 461 994 506 non
1011 440 1149 507 habetur
1159 443 1309 526 proprio

127 569 191 632 nisi
207 569 243 640 in
256 570 327 632 iure
343 588 507 654 expressa,
525 570 608 635 haec
624 569 761 654 qualitas
776 569 955 635 distinctius
971 565 1183 654 significanda
1198 574 1249 634 est
1264 570 1309 634 ita

126 691 340 778 concipiendo
360 691 579 758 definitionem
599 693 860 779 irregularitatis,
885 698 1043 777 quatenus
1055 694 1108 772 ¹sit
1130 691 1309 776 ‹Impedi-

124 822 283 883 mcntum
313 824 520 902 perpetuum
550 838 596 885 cm
624 838 662 886 ae
689 819 815 886 directe
845 838 887 885 ac
911 817 1085 903 primario
1120 816 1308 902 impediens

126 939 293 1004 ordinum
315 941 428 1006 eccles.
452 941 699 1024 acceptionem
722 947 753 1007 et
766 959 832 1025 per
848 959 1056 1027 consequerer
1070 958 1191 1007 eorum
1206 959 1307 1008 urum

126 1083 154 1127 a
175 1063 404 1150 iurepositico
428 1066 645 1132 constitutum
661 1065 702 1134 ob
717 1067 943 1134 reuerentiam
959 1066 1069 1133 divini
1082 1065 1307 1133 ministerii».

128 1189 286 1256 Addimus
310 1193 406 1257 etiam
429 1189 604 1258 definitioni
635 1192 849 1258 Suaresiauae
878 1193 1127 1279 explicationem
1157 1191 1229 1259 linis
1256 1195 1308 1259 cui

127 1315 301 1380 ordinatur
323 1316 557 1402 irregularitas,
582 1337 696 1403 nempe
719 1319 767 1384 od
788 1319 1014 1385 reuerentiam
1030 1317 1138 1384 divini
1161 1319 1308 1385 minate-

126 1441 178 1506 rii
185 1461 199 1522 ,·
220 1460 358 1527 namque
382 1442 554 1527 prohibitio
577 1443 707 1509 ordines
735 1444 927 1530 suscipiendi
958 1449 991 1512 et
1020 1463 1081 1530 per
1110 1465 1309 1530 consequens

126 1567 307 1632 exercendi
330 1569 393 1632 iam
416 1574 590 1655 susceptos,
615 1569 739 1635 directe
761 1571 794 1634 in
814 1589 963 1654 poenam
986 1589 1043 1636 seu
1066 1571 1309 1638 invindictam

127 1711 258 1776 quoque
290 1694 434 1760 criminis
464 1695 631 1780 irrogatur
654 1700 687 1759 et
709 1701 787 1760 tunc
810 1713 873 1760 non
906 1699 957 1760 est
984 1695 1226 1782 maculositas
1253 1697 1310 1763 sed

128 1818 307 1899 maciaco
331 1825 387 1884 aut
409 1819 473 1884 alia
495 1820 592 1885 huius
615 1821 745 1906 generis
767 1840 882 1906 poena.

225 1945 297 2010 185.
323 1946 449 2011 Exinde
472 1947 730 2032 irregularitates
753 1948 946 2014 constitutae
970 1967 989 2012 a
1016 1948 1087 2013 iure
1110 1949 1245 2034 positivo
1268 1949 1308 2013 ob

130 2071 350 2135 reverentiam
366 2071 468 2137 divini
483 2073 663 2146 ministerii,
680 2077 794 2158 suapte
809 2077 935 2154 natura,
955 2075 1118 2159 pertinent
1141 2073 1181 2138 ad
1205 2073 1310 2139 lorum

132 2196 315 2258 externum.
332 2229 375 2244 -
392 2195 548 2260 Doctores
562 2195 732 2279 inquirunt
747 2214 789 2259 an
805 2194 881 2260 iure
892 2195 1100 2279 particulari
1115 2194 1223 2261 induci
1238 2215 1310 2282 pos-

131 2321 198 2384 sint
220 2319 488 2405 irregularitates
508 2321 693 2407 Respondet
708 2340 779 2406 cap.
797 2321 839 2386 18
854 2322 917 2386 iam
934 2321 986 2387 cit.
1004 2340 1067 2406 quo
1083 2327 1217 2387 cavetur
1231 2321 1311 2386 irre

132 2445 321 2530 gularitates
344 2447 381 2512 in
407 2447 483 2513 iure
510 2448 647 2533 exprimi
672 2447 808 2514 debere:
832 2448 881 2512 ius
900 2467 981 2514 vero
1004 2447 1196 2535 intelligitur
1219 2467 1310 2516 com·

133 2588 247 2652 mune,
272 2572 362 2636 cuius
378 2576 426 2637 est
440 2571 587 2637 conditor
602 2591 743 2638 summus
759 2571 922 2652 Pontifex,
946 2591 1012 2636 non
1031 2571 1256 2655 particulare.
1274 2570 1311 2636 Id

132 2693 314 2760 declaravit
336 2695 368 2762 S.
389 2695 488 2782 Oong.
513 2695 611 2762 Cone.
636 2697 669 2762 in
694 2696 917 2782 Ulyssiponen.
945 2695 1025 2762 0νά.
1050 2695 1094 2762 13
1117 2695 1192 2761 lca.
1209 2694 1310 2761 1685.

133 2817 213 2884 Gum
225 2825 332 2884 autem
355 2821 404 2887 ius
426 2823 522 2887 etiam
538 2841 706 2888 commune
722 2823 764 2888 sit
778 2823 935 2908 scriptum
952 2826 984 2886 et
1000 2841 1064 2886 non
1084 2823 1239 2907 scriptum
1255 2841 1312 2888 seu

134 2947 450 3013 consuetudinarium
465 2950 631 3035 quaeritur
654 2969 695 3014 an
720 2949 918 3015 consuetudo
941 2947 1134 3014 universalis
1154 2947 1227 3012 lons
1242 2967 1313 3012 esse

134 3072 235 3156 possit
257 3073 514 3159 irregularitatis.
533 3109 551 3122 -
569 3073 733 3140 Historiae
755 3073 971 3139 demonstrari
987 3077 1096 3158 posset
1118 3071 1312 3157 pedetentim

135 3217 195 3281 per
218 3197 480 3264 consuetudinem
503 3199 675 3265 nonnullas
698 3199 957 3285 irregularitates
980 3196 1180 3262 introductas
1203 3196 1312 3271 luisse,

135 3319 239 3386 donec
261 3323 333 3388 iure
348 3323 565 3390 Decretalium
588 3322 720 3388 fuerunt
736 3319 945 3388 confirmatae
967 3328 1001 3388 et
1022 3321 1137 3387 melius
1159 3320 1313 3387 determi-

135 3449 241 3512 natae.
254 3445 379 3526 Verum
396 3452 467 3533 post
478 3447 695 3512 Decretalium
708 3447 767 3520 ius,
781 3466 843 3512 nec
857 3449 959 3532 ipsum
973 3442 1203 3510 Tridentinum
1216 3445 1313 3512 Gonc.

136 3569 233 3636 aliam
255 3571 384 3638 induxit
405 3573 680 3658 irregularitatem
704 3568 750 3657 (1)
775 3577 808 3638 et
830 3572 922 3638 modo
945 3571 1033 3637 haud
1056 3571 1181 3656 concipi
1211 3574 1316 3656 potest

136 3699 331 3765 consuetudo
348 3701 540 3766 universalis
556 3703 590 3766 in
605 3701 753 3769 Ecclesia
776 3697 879 3783 qualis
902 3701 1125 3785 expostulatur
1141 3701 1182 3765 ad
1198 3720 1313 3765 novam

135 3821 349 3889 inducendam
365 3824 650 3910 irregularitatem.
672 3825 752 3889 Nam
768 3843 810 3889 ex
825 3844 890 3889 uno
906 3826 1011 3909 capite
1026 3825 1164 3909 pariam
1181 3827 1315 3890 statutas

227 4036 267 4106 (l)
286 4035 381 4092 Sixtus
401 4037 425 4089 V
443 4055 488 4092 an.
504 4037 572 4092 1588
585 4053 635 4108 pro
653 4037 713 4091 solo
732 4053 820 4106 regno
833 4036 1024 4106 portugalliae
1037 4037 1183 4091 constituit
1201 4037 1316 4092 dsscen-

137 4144 235 4200 dentes
256 4163 273 4199 a
293 4145 401 4202 ludaeis
425 4162 485 4202 esse
507 4145 684 4214 irregulares.
708 4146 748 4199 (ll.
774 4145 885 4211 Bened,
908 4145 950 4200 De
972 4162 1031 4214 spa.
1053 4145 1122 4210 XII,
1144 4146 1167 4212 1,
1190 4145 1218 4198 4.
1241 4143 1315 4199 ldem

137 4251 233 4307 Sixtus
253 4253 285 4319 V,
304 4252 518 4310 (tonstricem
536 4258 570 4310 ab
590 4257 747 4312 omnibus>
766 4254 930 4309 extenderat
948 4271 972 4307 a.
992 4252 1060 4307 1587
1078 4253 1316 4322 irregularitatem

136 4375 175 4414 car
186 4361 300 4430 defertu
313 4358 464 4425 natalium
483 4364 513 4414 at
525 4360 568 4414 ius
580 4377 727 4415 commune
739 4364 820 4416 vetus
833 4359 957 4414 restituit
969 4359 1121 4428 Gregorius
1133 4358 1210 4424 XIV,
1223 4324 1315 4413 (toust

135 4467 407 4538 «circumspecta»
424 4467 478 4522 diei
500 4467 533 4522 l5
552 4466 647 4521 Martii
670 4465 746 4522 1591.
