3302 5100
688 863 1000 954 Annsonrnnr
1032 863 1118 956 IV.

635 1271 902 1338 BENEchTUS
924 1267 1163 1338 EPISGOPUS

689 1415 817 1462 sauros
841 1413 1024 1463 ssavonnrc
1048 1413 1106 1462 nar

524 1539 575 1586 an
610 1539 872 1588 rasrsroaa
906 1539 980 1588 ner
1015 1538 1269 1588 aaronica.

399 1730 527 1785 Sollicita
541 1749 574 1786 ac
593 1733 706 1802 provida
727 1735 913 1789 Romanorum
933 1733 1100 1787 Pontificum
1119 1731 1363 1802 praedecessorum
1382 1737 1495 1786 nostro-

308 1855 371 1892 rum
390 1838 538 1909 vigilantis
557 1841 585 1895 in
604 1857 666 1894 eam
684 1857 793 1911 semper
812 1856 907 1894 caram
926 1841 1062 1902 incubuit,
1081 1843 1112 1893 ot
1130 1837 1327 1894 christifideles
1339 1839 1375 1892 ab
1393 1855 1494 1892 eorum

309 1943 443 1998 librorum
457 1945 578 2000 lectione
590 1951 740 2010 averteret,
752 1963 787 2000 ex
799 1947 901 2017 quibus
912 1943 1018 1999 incauti
1032 1961 1064 1997 ac
1076 1942 1218 2013 simplices
1236 1943 1398 1998 detrimenti
1412 1943 1494 2013 quid·

308 2050 383 2120 piam
402 2066 501 2120 capere
520 2056 640 2121 possent,
659 2053 802 2123 imbuique
818 2051 997 2121 opinionibus
1015 2067 1048 2105 ac
1065 2049 1209 2115 doctrinis,
1224 2065 1297 2120 quae
1315 2048 1360 2102 rel
1380 2065 1494 2103 morum

308 2156 476 2226 integritati,
490 2156 534 2212 rel
547 2157 704 2213 catholicon
722 2156 868 2228 religionis
880 2157 1056 2226 dogmatibus
1068 2156 1259 2211 adversantur.
1271 2155 1353 2222 Nam,
1367 2161 1399 2209 nt
1411 2163 1494 2211 retu·

202 2279 205 2288 ·
307 2265 459 2319 stisstmum
479 2266 623 2318 mittamus
640 2265 729 2319 sancti
745 2265 848 2320 celasii
862 2265 873 2319 l
887 2264 1037 2328 decretum,
1049 2279 1176 2334 qneaqne
1194 2263 1251 2316 iam
1269 2262 1374 2332 pridem
1389 2261 1493 2317 acre-

308 2371 389 2441 gorio
404 2371 443 2425 lX
457 2371 574 2442 aliisque
587 2372 770 2426 Pontificibus
782 2371 834 2426 bac
847 2373 882 2427 de
894 2387 924 2426 re
937 2375 1044 2426 statuta
1055 2371 1185 2435 fuerunt3
1196 2368 1327 2440 ignorare
1347 2371 1494 2425 neminem

306 2479 485 2543 arbitramur,
503 2493 575 2549 quse
592 2479 726 2534 tuerinta
740 2479 997 2548 praedecessoribus
1015 2480 1118 2532 nostris
1136 2477 1188 2532 Pio
1206 2476 1253 2542 lV,
1272 2484 1370 2532 sancto
1389 2477 1442 2532 Pio
1457 2479 1493 2544 V,

307 2589 338 2639 et
356 2583 501 2640 clemente
520 2584 581 2638 Vlll
598 2585 813 2654 diligentissime
832 2587 974 2656 praestita,
994 2588 1026 2640 nt
1043 2584 1258 2640 saluberrimum
1272 2602 1342 2655 opns
1360 2603 1378 2638 a
1397 2601 1493 2640 sacro-

308 2695 422 2744 sanctae
441 2689 619 2744 Tridentinae
638 2691 736 2762 synodi
753 2692 879 2762 patribus
891 2695 1060 2761 susceptum,
1073 2695 1182 2745 mature
1194 2690 1356 2758 discussum,
1370 2707 1404 2744 ac
1416 2707 1493 2762 pene

308 2795 342 2847 ad
355 2796 461 2849 exitum
474 2795 645 2862 perductum,
655 2795 688 2850 de
701 2797 805 2851 vetites
818 2795 948 2851 lectionis
959 2796 1092 2851 librorum
1105 2796 1198 2850 Indice
1211 2795 1392 2860 conficiendo,
1403 2801 1492 2868 atque

306 2897 462 2967 rotgando,
479 2915 535 2953 non
560 2898 738 2954 absolverent
761 2898 865 2964 solum,
884 2904 974 2988 ¹atque
998 2901 1179 2970 perficerent,
1202 2899 1250 2954 aed
1273 2900 1494 2969 sapientissimis

307 3007 393 3060 etism
406 3007 525 3061 decretis
538 3024 570 3061 ac
583 3007 689 3078 regulis
707 3009 917 3064 communirent
931 3007 1009 3070 Quod
1026 3007 1138 3079 qnidam
1158 3007 1304 3077 negocium
1324 3005 1490 3076 Apostolica

307 3113 391 3168 Sedes
415 3115 593 3170 continenter
613 3119 708 3184 urget,
728 3132 761 3169 ac
783 3120 941 3184 promovet,
966 3115 1000 3169 ad
1023 3115 1052 3170 id
1076 3113 1216 3185 deputatis
1240 3115 1348 3169 duabus
1372 3120 1494 3172 sanctae

308 3234 439 3273 romanae
459 3219 601 3274 Ecclesiae
619 3220 807 3274 cardinalium
823 3219 1102 3291 congregationibus,
1121 3221 1221 3291 quibus
1239 3237 1310 3274 onus
1328 3221 1491 3290 inquirendi

307 3325 335 3378 in
355 3342 454 3394 pravos
473 3327 624 3398 noxiosque
642 3326 729 3381 libros
746 3328 907 3396 impositum
926 3331 977 3392 est,
996 3325 1244 3397 cognoscendique,
1265 3327 1367 3397 quibus
1390 3342 1491 3381 emen·

306 3436 390 3500 datio,
417 3441 445 3490 ct
470 3438 570 3507 quibus
589 3437 754 3506 proscriptio
772 3437 914 3492 debeatur.
940 3436 970 3490 ld
993 3438 1117 3491 muneris
1135 3437 1354 3507 congregationi
1374 3437 1492 3508 quidem

306 3555 437 3594 romanae
457 3540 622 3596 universalis
640 3540 830 3612 Inquisitionis
847 3559 863 3594 a
883 3541 972 3596 Paulo
990 3540 1028 3593 lv
1041 3540 1217 3595 commissum
1231 3540 1387 3610 perhibent,
1403 3541 1491 3612 idque

306 3645 396 3700 adbuc
415 3648 450 3700 nb
468 3663 503 3702 ea
521 3648 645 3702 exerceri
670 3649 771 3717 pergit,
790 3648 836 3701 nbi
855 3647 888 3702 de
909 3647 988 3700 libris
1006 3647 1040 3700 sd
1059 3652 1136 3702 certa
1160 3663 1253 3702 rerum
1271 3663 1377 3715 genera
1399 3649 1490 3717 perti-

307 3753 438 3808 nentibus
451 3753 627 3808 indicendum
645 3754 775 3808 occurrit.
796 3753 908 3808 Certum
921 3759 965 3809 est
977 3758 1079 3820 antem,
1093 3759 1220 3808 sanctum
1233 3754 1313 3807 Pium
1329 3751 1352 3804 V
1366 3755 1490 3823 primum

308 3862 393 3914 tuisse
405 3860 640 3930 Congregationis
651 3861 751 3915 Indicis
764 3862 961 3936 institutorem,
974 3878 1057 3933 quam
1074 3862 1275 3933 subsequentes
1294 3861 1393 3917 deinde
1413 3861 1493 3917 Pon-

309 3968 400 4022 tifices
419 3967 569 4038 Gregorius
588 3967 660 4032 Xlll,
681 3967 770 4022 Sistns
784 3967 826 4033 V,
848 3974 877 4023 et
896 3967 1024 4024 clemens
1042 3967 1105 4024 v111
1126 3970 1328 4024 confirmarunt
1345 3969 1490 4041 variisque

310 4072 466 4142 privilegiis
494 4078 522 4128 ot
545 4073 726 4127 securitatibus
748 4079 900 4128 auxerunt:
926 4075 1041 4146 eiusque
1065 4075 1207 4146 propriam
1233 4091 1265 4128 sc
1289 4075 1349 4129 tere
1374 4075 1492 4130 unicum

310 4179 430 4232 officium
456 4186 499 4234 est
517 4181 544 4233 in
564 4197 681 4235 examen
706 4180 791 4234 libros
809 4197 918 4248 vocare,
937 4181 970 4236 de
988 4197 1106 4252 qnorum
1125 4181 1337 4252 proscriptione,
1357 4181 1493 4236 emenda-

305 4281 395 4347 tione,
415 4283 459 4338 rel
479 4285 658 4353 permissione
677 4285 811 4354 capienda
829 4291 873 4340 est
890 4285 1064 4341 deliberatio.

395 4393 412 4454 ἓ
436 4391 457 4444 1.
478 4389 538 4451 Qua
557 4393 729 4458 maturitate,
745 4393 871 4458 coneilio,
884 4409 917 4446 nc
936 4393 1083 4462 prudentie
1096 4395 1125 4448 in
1138 4394 1364 4464 congregatione
1378 4395 1493 4450 unirer·
