3306 5102
529 319 572 364 ou
598 319 749 365 ouuroris
773 320 815 364 ur
840 319 957 365 renuis
1264 298 1330 365 365

144 443 295 508 studium
307 451 339 510 et
350 445 434 530 fides
441 445 631 528 probabilis
641 445 747 528 fucrit
759 452 790 512 et
803 445 977 512 lominum
990 446 1118 511 raritas
1130 444 1284 531 caeperit
1296 465 1327 534 »ι

145 569 206 644 Qui
224 589 287 634 non
304 570 504 656 obtemperat
521 575 571 637 isti
589 573 651 656 legi
669 577 802 637 arcetur
818 593 837 636 a
853 567 1097 637 seminatione
1114 591 1181 636 non
1201 572 1329 636 ratione

145 695 269 774 delicti,
294 695 349 762 sed
374 696 414 758 ob
438 695 605 778 defectam
626 698 706 784 fidei
722 717 816 781 quem
840 697 954 782 prodit.
976 697 1188 771 -Quaeritur
1208 715 1249 760 an
1274 697 1326 779 qui

144 821 273 887 adultus
303 824 436 908 suscipit
465 823 667 908 baptismum,
693 843 757 888 non
781 823 820 888 ob
845 823 1022 909 periculum
1056 824 1168 888 mortis
1199 821 1255 887 sed
1286 822 1325 887 ob

144 946 230 1011 aliud
254 947 437 1019 discrimen,
455 950 555 1014 veluti
580 948 619 1014 ob
641 955 758 1015 metum
776 950 828 1014 vel
851 949 891 1014 ob
916 951 1140 1014 necessitatem
1156 967 1221 1013 non
1238 949 1327 1012 amit-

143 1071 259 1136 tendae
284 1070 503 1152 haereditatis,
521 1093 562 1136 un
587 1075 646 1138 iste
670 1075 811 1159 patiatur
836 1072 918 1138 idem
943 1072 1203 1158 impedimentum
1220 1071 1324 1154 quoad

142 1194 283 1266 ordines.
301 1195 383 1278 quod
408 1198 528 1280 patitur
544 1193 712 1262 clinicus?
739 1198 865 1283 Negant
880 1198 989 1282 plures
1006 1198 1068 1262 DD.
1088 1197 1240 1282 quiahoc
1261 1217 1325 1262 non

142 1325 190 1383 est
213 1339 374 1402 expresse
397 1324 524 1384 centum
550 1321 581 1383 in
606 1322 687 1385 inre.
714 1321 762 1386 Ol.
788 1322 955 1406 Gasparri,
980 1321 1064 1402 272.
1093 1357 1109 1370 -
1136 1321 1198 1388 Sed
1222 1323 1326 1388 obstat

140 1445 269 1531 aliquod
287 1447 545 1532 impedimentum
562 1448 649 1512 iuris
664 1447 845 1513 naturalis.
863 1482 879 1496 -
897 1449 966 1514 lmo
983 1449 1093 1513 verior
1109 1448 1236 1514 videtur
1253 1469 1322 1514 sen·

140 1574 242 1636 tentia
258 1591 341 1656 quae
365 1577 455 1639 tenet
470 1575 567 1637 etiam
584 1572 723 1638 clinicos
739 1591 811 1637 esse
833 1572 1024 1656 improprie
1048 1569 1320 1658 i1·regulares‚'uti

141 1697 236 1761 docet
253 1695 451 1762 D‘Annibole
476 1697 514 1780 (Ι,
533 1697 628 1780 415);
646 1705 678 1764 et
702 1699 770 1784 ipse
786 1699 907 1764 Suarez
924 1698 1044 1782 (XLII,
1063 1699 1091 1769 l,
1110 1698 1142 1783 6)
1158 1701 1210 1783 qui
1227 1699 1326 1765 tradit
1369 1707 1372 1712 '

140 1829 232 1909 juxta
248 1843 403 1888 canonem
420 1826 568 1898 citatum,
585 1827 733 1910 Episcopi
751 1827 905 1910 sufficere
923 1825 1192 1911 dispensationem
1210 1829 1236 1890 si
1252 1847 1324 1892 uuo

140 1952 258 2025 saltem
275 1973 315 2018 ex
332 1946 570 2020 conditionibus
586 1951 775 2019 verificetur
786 1955 819 2018 in
833 1973 957 2019 canone
974 1955 1146 2039 expressis.
1159 1989 1176 2002 ·
1187 1954 1230 2019 ut
1241 1955 1323 2019 haec

139 2079 300 2142 sententia
322 2099 381 2163 pro
404 2079 483 2144 locis
508 2078 560 2144 ubi
585 2081 725 2144 maxima
749 2079 846 2145 adest
868 2081 1006 2165 penuria
1029 2079 1230 2144 sacerdotum
1254 2086 1325 2146 tuto

138 2208 189 2268 est
213 2205 367 2288 practice.
391 2195 394 2206 ’

229 2325 304 2391 277.
330 2328 368 2390 ln
392 2326 511 2399 Concil,
529 2327 617 2392 Trid.
638 2345 716 2393 sess.
733 2327 794 2400 23,
820 2347 893 2410 cap.
917 2329 949 2407 4,
974 2327 1024 2393 De
1046 2327 1111 2410 res.
1136 2326 1323 2393 decernitur

140 2475 158 2512 c
176 2451 299 2517 Prima
323 2459 465 2520 tonsura
487 2473 557 2518 nou
580 2452 757 2519 initientur
780 2454 839 2538 qui
866 2459 1119 2520 rememoratum
1145 2455 1323 2539 confirma·

137 2567 237 2669 lionis
260 2596 330 2641 uon
353 2577 562 2658 susceperint
585 2582 644 2642 etc.
671 2600 700 2640 u.
727 2577 806 2642 Inde
830 2585 933 2642 enata
964 2583 1012 2645 est
1035 2580 1259 2643 controversia
1281 2599 1322 2643 an

138 2722 221 2766 nova
237 2703 460 2786 irregularitas
481 2703 653 2768 constituta
676 2704 717 2766 sit
739 2722 759 2766 a
783 2703 904 2768 Concil.
922 2701 1121 2767 Tridentino.
1141 2703 1176 2768 Id
1199 2722 1321 2789 negant

136 2829 256 2894 suarez
280 2793 397 2912 (xiii,
415 2827 446 2908 3,
467 2829 518 2912 lt)
543 2833 576 2892 et
601 2825 768 2893 serrensi.
794 2825 847 2911 (v.
870 2829 922 2898 ao,
948 2825 1242 2914 7);ataffi1·mant
1266 2829 1319 2894 oi·

137 2952 228 3024 raldi,
254 2953 406 3035 Emposit.
433 2954 504 3018 lar.
532 2953 628 3018 Pout.
656 2951 700 3024 ΙΙ,
732 2959 808 3019 sect.
835 2954 1012 3028 illeille
1038 2955 1181 3039 Angelis,
1207 2955 1260 3020 lib.
1288 2956 1314 3025 l,

135 3078 182 3140 lit.
199 3077 244 3157 11,
268 3096 301 3141 n.
321 3077 352 3141 9.
372 3113 386 3122 ·
407 3076 469 3142 Sed
493 3077 533 3140 ob
558 3079 720 3142 notionem
738 3079 930 3162 explicatam
955 3079 994 3143 de
1013 3081 1163 3162 proprio
1186 3079 1315 3164 irrepu-

134 3201 280 3279 larilule,
297 3206 383 3284 patet
407 3202 460 3267 hic
484 3205 535 3286 agi
560 3203 599 3266 de
622 3203 864 3287 irregularitate
882 3205 1075 3288 impropria
1099 3208 1215 3290 quippe
1231 3226 1314 3290 quae

134 3326 300 3388 evanescit
322 3343 364 3389 ex
386 3325 477 3407 scoto
494 3333 623 3392 secutae
640 3326 901 3408 confirmationis,
918 3331 1069 3420 nimirum
1086 3351 1150 3396 nou
1168 3335 1217 3395 est
1236 3351 1317 3414 per,

129 3455 246 3532 petuo.
279 3450 386 3523 Quare
416 3451 447 3516 S.
473 3452 570 3537 Cong.
597 3453 717 3518 Concil.
744 3456 775 3534 in
800 3459 998 3540 Augustana,
1022 3457 1073 3522 27
1102 3457 1191 3541 Sept.
1217 3459 1314 3527 1601.

132 3595 227 3657 quam
244 3595 343 3661 supra
359 3576 527 3670 retulimus
544 3575 585 3661 (p.
603 3577 669 3643 286
685 3579 767 3661 uel.)
783 3581 994 3666 intelligenda
1011 3588 1059 3647 est
1081 3584 1189 3648 locuta
1213 3583 1311 3650 fuisse
1344 3649 1358 3680 a

131 3698 172 3762 de
197 3698 437 3782 irregularitate
459 3700 654 3784 impropria
676 3722 733 3768 sen
757 3702 796 3768 de
813 3704 1040 3789 impedimento
1064 3707 1103 3772 ad
1128 3729 1153 3772 s.
1179 3709 1312 3776 ordines

133 3821 335 3905 recipiendos
359 3828 392 3888 et
416 3823 491 3889 hino
514 3825 555 3890 ad
579 3827 782 3892 collationem
806 3828 1047 3896 beneficiorum.

294 4057 316 4138 ἓ
340 4055 371 4122 5.
395 4057 445 4124 De
469 4059 723 4146 irrepulurilole
746 4081 792 4129 em
814 4063 945 4148 defectu
979 4069 1143 4150 corporis.

128 4247 346 4308 Summarinm.
367 4254 426 4306 278.
449 4253 643 4324 irregularitas
661 4276 695 4312 ex
715 4257 824 4313 defectu
851 4262 975 4330 corporis
998 4267 1040 4318 est
1067 4265 1177 4333 propria
1204 4267 1313 4336 irregu-

218 4353 323 4408 laritas.
343 4385 376 4396 —
395 4359 456 4412 279.
476 4357 616 4419 Quomodo
636 4361 831 4430 distinguenda
851 4365 885 4417 ab
907 4367 1071 4437 impropria.
1094 4397 1126 4408 —
1147 4369 1207 4422 280.
1228 4369 1314 4440 Origo

218 4458 359 4514 historice.
379 4492 415 4504 -
433 4465 493 4517 281.
514 4465 637 4535 Regulae
657 4483 727 4537 quae
747 4468 884 4524 definiunt
904 4476 933 4525 et
954 4473 1136 4528 moderantur
1155 4473 1311 4530 huiusmodi
