3306 5102
297 305 364 371 330
819 323 904 372 rans
928 323 949 370 ι.
971 399 972 404 ¹

294 447 405 512 talium
429 466 494 512 non
518 452 567 513 est
591 448 755 531 antiquior
777 447 859 512 haec
882 445 1118 533 irregularitas.
1135 446 1310 513 Gratianus
1334 447 1420 510 enim
1444 446 1479 509 in

294 593 352 638 suo
376 573 515 640 Decreto
538 572 577 638 ad
602 593 676 646 can,
693 573 720 646 1,
746 573 822 640 dist.
838 572 896 646 56.
914 575 1147 637 commentatus
1169 571 1275 657 legem
1299 569 1424 637 Urbani
1444 569 1478 634 ΙΙ

294 698 464 764 nimirum:
493 696 809 783 ‹Presbyterorum
831 697 920 782 filios
946 717 968 762 a
990 697 1099 764 sacris
1128 696 1250 763 altaris
1279 694 1481 761 ministeriis

292 839 506 890 removerant·
522 843 541 886 ›
559 822 685 889 scribit:
706 843 724 886 a
741 821 807 888 Sed
830 821 893 889 boc
917 821 1175 908 intelligendam
1198 826 1248 888 est
1269 821 1311 886 tle
1334 817 1481 904 illisqui

288 953 459 1032 paternae
481 947 746 1016 incontinentiae
768 947 955 1014 imitatores
973 946 1114 1030 suerint.
1140 947 1265 1012 Veram
1286 945 1317 1012 si
1339 963 1480 1012 moram

295 1071 450 1140 honestas
466 1091 521 1140 eos
538 1071 820 1140 commendabiles
843 1071 964 1156 feeerit
979 1071 1147 1154 exemplis
1162 1075 1193 1138 et
1208 1068 1478 1143 auctoritatibus,

293 1215 364 1263 non
386 1198 496 1265 solam
517 1197 719 1278 sacerdotes,
735 1197 795 1262 aed
818 1196 921 1262 eliam
943 1196 1072 1261 rammi
1086 1195 1279 1262 sacerdotes
1300 1193 1378 1279 fiai
1396 1211 1480 1275 poa-

293 1324 372 1386 rant
387 1339 418 1384 ›.
435 1321 542 1386 Antea
564 1320 693 1402 siquae
716 1319 821 1404 viguit
843 1318 1073 1404 irregularitas
1097 1338 1139 1383 ex
1161 1316 1291 1382 deiectu
1310 1315 1480 1395 natalium,

294 1445 399 1531 potius
421 1463 465 1511 ex
488 1445 599 1510 servili
622 1443 803 1508 conditione
828 1448 999 1530 parentum
1023 1462 1118 1528 quarn
1142 1463 1185 1508 ex
1209 1441 1376 1527 illegitima
1397 1441 1480 1504 nati·

292 1571 393 1634 vitate
416 1567 691 1655 proficiscebatur,
716 1589 786 1656 arg.
804 1588 878 1636 can.
895 1569 949 1648 21,
974 1569 1049 1635 dist.
1072 1567 1130 1635 54.
1158 1568 1253 1634 Ratio
1277 1565 1483 1631 inducendae

293 1695 545 1780 irregularitatis
575 1695 636 1761 luit
667 1695 805 1782 dignitas
831 1699 862 1760 et
889 1693 995 1758 honor
1026 1693 1149 1759 ordinis
1180 1691 1401 1764 sacerdotalis,
1426 1709 1481 1755 oc·

294 1820 380 1885 casio
404 1824 510 1884 autem
535 1821 690 1886 historica
713 1818 774 1886 fuit
798 1819 1032 1885 concubinatus
1057 1820 1251 1886 clericorum
1268 1837 1405 1902 quorum
1429 1834 1480 1881 sa·

293 1945 408 2030 crilegi
424 1943 480 2010 lilii
493 1945 711 2011 severioribus
722 1944 847 2032 legibus
863 1963 883 2010 a
898 1945 1034 2011 servitio
1051 1946 1163 2010 altaris
1175 1942 1355 2030 repellendi
1372 1947 1479 2006 erant.

293 2069 338 2134 At
360 2089 459 2154 opera
482 2069 764 2155 iurisprudentiaa
782 2069 822 2134 de
846 2089 909 2154 qua
933 2088 997 2134 non
1022 2067 1162 2134 obscure
1177 2068 1376 2133 mentionem
1399 2065 1482 2130 facit

294 2193 365 2258 Ian.
383 2195 443 2267 ΙΙΙ,
460 2195 492 2258 in
511 2213 585 2278 cap.
602 2195 662 2269 20,
681 2195 730 2259 De
745 2196 846 2276 elect,
864 2196 905 2270 X,
930 2194 971 2279 (Ι,
992 2192 1026 2276 6)
1049 2197 1243 2278 praesertim
1262 2191 1302 2256 ob
1321 2191 1481 2256 laicorum

292 2317 387 2382 valde
411 2325 582 2402 corruptos
598 2338 714 2399 mores,
732 2320 785 2402 qui
808 2316 891 2385 filios
915 2319 1043 2405 spurios
1066 2317 1225 2383 curabant
1249 2316 1355 2382 ordini
1381 2315 1480 2379 cleri-

293 2444 355 2509 cali
379 2442 575 2516 adscribere,
602 2442 656 2528 (cl.
675 2443 915 2525 Thomasinum,
932 2442 982 2508 De
998 2447 1060 2508 aet.
1078 2447 1108 2508 el
1127 2461 1202 2508 nov.
1221 2441 1354 2524 discip„
1374 2458 1411 2524 ρ.
1431 2441 1480 2520 ll,

292 2569 358 2643 tl,
384 2588 410 2633 c.
434 2567 498 2648 81),
523 2567 748 2653 irregularitas
772 2571 911 2633 extensa
934 2567 996 2634 luit
1019 2565 1059 2632 ad
1083 2585 1193 2631 omnes
1215 2565 1399 2650 illegitimos
1421 2583 1480 2628 seu

291 2693 332 2759 ad
357 2691 438 2758 lilios
462 2693 637 2766 naturales,
654 2693 842 2778 sacrilegos,
858 2693 1070 2765 incestuosos,
1087 2687 1368 2776 adulterinos(1);
1392 2687 1481 2754 unde

291 2818 326 2881 in
344 2813 447 2882 Scato
466 2815 622 2880 Bonifacii
636 2816 718 2880 Vlll
738 2816 870 2881 rubrica
886 2815 982 2881 Tituli
1000 2816 1046 2880 ita
1061 2813 1261 2900 generaliter
1276 2813 1478 2897 concipitur:

295 2939 385 3006 «De
406 2939 485 3026 siliis
507 2939 789 3025 presbyterorum
812 2947 843 3007 et
866 2939 943 3008 aliis
967 2939 1141 3026 illegitime
1162 2939 1290 3005 nata»
1312 2935 1368 3024 (2).

382 3168 421 3242 (Ι)
441 3171 481 3224 Ex
501 3187 560 3240 cap.
577 3171 618 3236 10,
638 3173 679 3225 De
692 3189 818 3236 renunc,
840 3173 877 3238 X,
896 3170 927 3241 (Ι,
940 3170 969 3242 9)
988 3169 1133 3240 illegitirni
1150 3169 1362 3238 distinguuntur
1383 3167 1413 3223 in
1431 3185 1483 3222 no·

293 3280 352 3334 tlros
374 3295 409 3333 cx
427 3277 563 3344 adultera,
582 3279 611 3332 in
630 3297 778 3335 manzeres
798 3297 832 3334 ex
851 3279 1012 3348 prostituta,
1033 3277 1061 3331 in
1087 3278 1235 3332 naturales
1254 3293 1289 3332 ex
1314 3277 1483 3342 concubina,

292 3390 322 3441 et
340 3386 465 3454 generali
484 3385 621 3440 vocabulo
640 3387 669 3440 in
688 3389 801 3458 spartos
819 3391 925 3456 stupro,
944 3385 1062 3452 incestu,
1080 3385 1239 3455 sacrilegio,
1258 3383 1350 3440 aliave
1372 3385 1483 3440 nelarie

292 3493 490 3548 coniunctione
509 3497 661 3562 susceptos.

382 3599 421 3671 (2)
440 3599 534 3652 Canon
554 3600 697 3670 antiquior
715 3602 762 3671 qui
777 3604 858 3655 cavet
877 3600 910 3655 da
930 3601 997 3654 tiliis
1016 3599 1174 3668 illegitimis
1187 3616 1240 3653 non
1255 3599 1424 3666 ordinandis,
1439 3605 1482 3654 est

292 3723 380 3760 canon
405 3707 567 3776 Apostolica
592 3707 636 3772 12,
655 3707 717 3761 dist.
741 3707 793 3773 56,
812 3707 841 3760 in
862 3707 988 3774 Decreta,
1008 3707 1099 3762 editus
1124 3708 1159 3760 ab
1183 3707 1264 3762 Alex.
1287 3705 1311 3759 ll
1336 3705 1374 3776 (a.
1396 3706 1481 3760 1601-

294 3811 373 3884 1073)
392 3829 475 3883 quarn
494 3811 668 3882 disciplinam
683 3813 803 3881 pressius
816 3813 960 3868 inculcant
978 3812 1199 3880 inc.c.13‚14‚
1218 3815 1284 3867 dist.
1301 3811 1356 3878 56,
1376 3811 1482 3882 Grego-

292 3919 351 3973 rius
370 3918 418 3973 Vll
433 3922 467 3974 'et
485 3918 616 3974 Urbanus
635 3919 668 3986 ll,
688 3919 868 3990 eamdemque
893 3918 1056 3974 solemniter
1082 3920 1111 3974 in
1138 3919 1181 3973 ius
1199 3935 1346 3974 commune
1370 3918 1480 3974 invexit

292 4026 443 4095 Gregorius
455 4026 503 4094 ΙΙΙ,
517 4028 640 4081 reserens
654 4027 682 4080 in
695 4027 753 4081 suis
765 4025 959 4081 Decretalibus
971 4029 1023 4081 aab
1036 4045 1095 4098 cap.
1110 4027 1133 4095 1,
1152 4029 1178 4083 b.
1193 4036 1211 4080 t.
1229 4041 1366 4082 canonem
1378 4024 1477 4080 concil.

293 4133 477 4187 Pictaviensis
495 4150 519 4187 a
537 4133 604 4188 1078
623 4150 677 4205 quo
690 4134 719 4187 in
733 4133 859 4186 Concilio
877 4133 950 4188 sedit
963 4133 1087 4204 Legatus
1100 4132 1226 4203 Gregorii
1244 4131 1300 4185 vll.
1320 4132 1377 4187 lsto
1390 4147 1478 4186 canon

291 4237 450 4311 illegitimis
475 4243 605 4312 probibet
628 4259 725 4297 sacros
751 4243 872 4308 ordines,
892 4242 939 4297 sed
963 4242 1010 4296 lex
1035 4243 1184 4298 observata
1208 4245 1252 4298 est
1270 4241 1363 4297 etiam
1388 4239 1476 4312 quoad

292 4347 416 4401 minores
430 4347 591 4414 ordinasti
605 4347 827 4418 irregularitatis
839 4347 903 4404 inde
922 4347 1100 4403 constitutae.
1115 4347 1155 4402 Cf.
1171 4346 1307 4418 Philipps,
1324 4347 1344 4402 l.
1358 4365 1380 4402 c.
1394 4350 1412 4412 g
1427 4345 1474 4410 52,

293 4455 323 4504 et
342 4450 442 4506 Bened
464 4449 539 4518 XlV,
559 4453 600 4507 De
619 4469 678 4520 syn.
699 4451 773 4520 Xlll,
792 4450 838 4518 24,
859 4452 901 4506 12.
