3266 5102
529 330 573 376 nn
597 330 751 378 numeris
775 331 817 378 nr
841 331 960 379 rossus
1259 311 1320 376 187

142 450 285 533 speciali
306 452 409 518 modo
431 449 464 516 S.
488 453 646 540 Pontifici
667 455 858 526 reservatis,
879 453 942 520 sub
954 472 1069 536 poene
1092 460 1208 520 temen
1230 452 1324 520 rein-

144 574 312 640 cidentiue
334 576 371 640 in
394 577 529 644 eusdem
552 595 724 651 cursurus,
750 577 817 644 niti
831 579 952 644 saltem
975 575 1072 662 infru
1094 596 1244 644 eneruem
1257 597 1324 660 per

142 697 324 780 epistotam
347 703 379 764 et
396 718 462 782 per
484 700 635 766 medinm
659 701 859 785 confessarii
890 701 1066 768 absolutus
1095 707 1253 768 recurrat
1276 703 1324 767 act

142 821 177 888 S.
203 822 328 889 Sedem
345 845 375 889 s.

232 947 275 1014 Et
299 947 363 1014 hoc
388 947 507 1016 iussum
530 950 651 1016 editum
677 951 781 1035 quoad
804 973 898 1020 casus
921 949 1030 1037 Papae
1045 957 1232 1018 reservatos
1253 952 1323 1016 sive

257 1051 381 1064 =—-—=·¹·

142 1091 364 1142 amrmemus
380 1077 449 1141 sive
463 1095 616 1143 sescum
640 1079 752 1151 modo,
776 1097 836 1164 per
860 1098 895 1143 se
918 1098 984 1142 non
1006 1079 1149 1164 pertinet
1171 1076 1213 1142 ad
1228 1099 1322 1143 casus

141 1247 301 1305 huiusmodi
320 1253 462 1307 decretum
481 1269 541 1308 esse
559 1254 774 1318 declarativum,
794 1255 895 1325 quippe
913 1253 1100 1309 <immutatis
1124 1253 1180 1307 iam
1205 1254 1325 1309 circum·

140 1356 256 1410 stantiis
273 1357 403 1410 omnihus
421 1359 564 1414 societatis
586 1363 615 1413 et
639 1360 806 1426 commercii,
826 1359 998 1413 difficultatis
1022 1359 1155 1414 itinerum
1181 1362 1210 1414 et
1233 1365 1323 1414 trans-

140 1461 283 1516 missionis
301 1463 490 1532 epistolarum,
509 1463 536 1518 S.
556 1465 644 1534 Goug.
662 1467 801 1532 declaret,
821 1466 1049 1536 impedimentum
1074 1483 1149 1520 nunc
1173 1467 1322 1522 accedendi

140 1569 175 1624 ad
195 1569 223 1624 S.
244 1571 418 1638 Pontificem,
437 1572 477 1626 ita
496 1577 528 1626 ut
545 1573 661 1628 interior
679 1574 863 1628 confessarius
885 1573 1031 1630 absolvere
1056 1575 1143 1644 possit
1161 1592 1179 1628 a
1197 1575 1322 1630 censuris

141 1677 175 1731 R¹
196 1677 230 1732 P.
250 1678 409 1744 reservatis,
428 1695 482 1733 non
501 1679 597 1734 adesse
615 1680 668 1733 nisi
688 1680 797 1750 quando
815 1681 878 1750 quis
897 1697 952 1734 non
971 1685 1079 1734 tautum
1093 1697 1147 1735 non
1162 1682 1248 1750 possit
1262 1697 1323 1750 per·

139 1785 280 1840 sonaliter
297 1787 414 1842 Romam
433 1787 538 1852 venire,
556 1786 602 1842 sed
622 1804 721 1858 neque,
740 1789 775 1842 ob
796 1788 930 1857 temporis
948 1787 1100 1857 angustias,
1116 1788 1204 1856 possit
1221 1787 1321 1842 saltem

140 1909 191 1962 per
204 1894 353 1962 epistolam
366 1894 570 1949 absolutionem
584 1899 687 1964 petere.
697 1894 788 1956 Quare
802 1895 1029 1964 impedimentum
1040 1894 1112 1964 quod
1123 1897 1207 1948 antee
1217 1891 1321 1956 aderat,

140 2013 197 2051 non
217 2003 280 2051 eret
297 1999 351 2052 nisi
367 1999 595 2068 impedimentum
608 1999 762 2069 personalis
772 2016 908 2064 accessus,
922 1997 1149 2068 impedimentum
1162 1997 1235 2068 quod
1248 2014 1321 2052 nuno

139 2104 230 2169 adest,
249 2109 405 2174 temporum
423 2106 642 2160 circumstantiis
667 2107 830 2172 immutatis,
850 2115 889 2160 est
912 2107 1141 2176 impedimentum
1160 2105 1321 2176 personetis

138 2232 271 2270 necessus
289 2227 316 2271 et
333 2234 387 2286 per
405 2217 552 2288 epistolem
564 2231 589 2273 ›-
603 2215 803 2281 Veruntamen,
817 2232 883 2286 pace
896 2215 1013 2270 dixerim
1026 2213 1060 2268 cl.
1075 2215 1214 2281 Auctoris,
1226 2214 1322 2268 huius·

138 2323 215 2378 modi
233 2324 376 2378 decretum
394 2323 546 2379 nullimode
566 2328 657 2393 potest
676 2325 813 2378 recenseri
827 2324 901 2398 inter
914 2322 986 2391 legis
999 2323 1214 2391 praeexistentia
1230 2321 1322 2377 decla·

139 2429 274 2492 rationes,
288 2445 386 2497 nempe
399 2429 473 2484 inter
491 2429 697 2483 decternt‘erics
715 2431 967 2500 interpretationes.
988 2427 1059 2482 Nam
1075 2429 1320 2498 interpretationes

136 2537 332 2591 deelarretione
350 2537 452 2591 debent
470 2554 530 2591 esse
549 2537 735 2605 explicativae
753 2554 850 2591 sensus
875 2536 946 2606 legis
974 2536 1084 2591 obscuri
1103 2539 1132 2590 et
1159 2535 1245 2601 dubii,
1271 2553 1320 2591 sen

137 2647 206 2698 sunt
225 2645 478 2712 comprehensione,
498 2643 537 2698 uti
557 2643 708 2715 loquuntur
727 2643 854 2698 doctores
873 2649 902 2698 et
920 2643 1079 2711 discrepant
1102 2644 1136 2695 ab
1157 2645 1320 2707 estensium

136 2753 168 2802 et
187 2767 247 2804 rem
272 2750 314 2802 ita
336 2749 459 2818 explicat
481 2748 730 2818 Schmalzgrueber
749 2749 876 2804 Prooem.
896 2749 976 2808 §IX
992 2767 1019 2801 n.
1040 2749 1107 2800 378
1125 2749 1212 2812 aiens,
1235 2749 1321 2804 inter·

137 2857 313 2926 pretationes
330 2867 624 2912 «conresuscitatum
643 2867 708 2910 eunt
726 2858 751 2909 si
768 2873 866 2910 sensus
890 2860 931 2910 eie
949 2857 1113 2910 declaratus
1131 2873 1149 2908 a
1170 2859 1322 2909 uerborum

136 2965 258 3032 propria
277 2971 303 3017 et
321 2978 374 3017 nen
393 2972 507 3032 recepta
531 2963 734 3032 sipnificctione
759 2980 815 3015 nen
838 2963 1167 3017 remanseramus
1192 2964 1217 3014 si
1238 2965 1322 3016 ittam

138 3072 326 3140 eprediontur
342 3075 428 3127 etc.»
446 3070 533 3140 Atqui
552 3068 581 3121 iu
600 3069 661 3122 inre
682 3068 868 3122 Decretalium
896 3069 975 3122 iuxta
990 3070 1138 3138 propriam
1158 3078 1183 3123 et
1201 3086 1254 3122 nau
1276 3087 1321 3123 re·

138 3185 250 3244 ceptum
268 3175 499 3244 sipnificationem
516 3175 668 3226 verborum
687 3171 839 3226 nullimode
859 3171 1055 3225 continebatur
1075 3170 1178 3223 iussum
1193 3175 1322 3240 expostu-

138 3278 216 3332 landi
235 3249 507 3347 absolutionem'per
526 3278 652 3345 litteras,·
670 3295 740 3348 quae
760 3277 897 3346 obligatio
917 3293 1007 3346 neque
1026 3275 1054 3328 in
1073 3277 1175 3346 spiritu
1187 3275 1258 3344 legis
1271 3291 1320 3329 seu

137 3385 167 3436 in
185 3383 338 3436 imentione
357 3381 541 3450 Legielatcrie
553 3382 669 3452 reperiri
685 3387 785 3451 posset,
799 3381 934 3452 siquidem
948 3379 1017 3435 adeo
1030 3385 1091 3434 erat
1104 3383 1210 3434 remota
1222 3397 1240 3432 a
1252 3395 1319 3432 con-

136 3491 292 3545 ditionibus
310 3490 423 3544 illorum
442 3495 607 3560 temporum.
627 3489 716 3552 Quum
737 3507 787 3545 nec
805 3492 892 3544 cerba
911 3505 961 3544 nec
978 3487 1185 3560 spirituslegis,
1197 3487 1258 3541 iure
1269 3487 1321 3542 De·

135 3595 296 3660 eretalium,
323 3597 500 3652 continerent
527 3597 729 3666 obligationem
759 3596 920 3652 recurrendi
948 3611 997 3664 per
1025 3595 1149 3660 litteras3
1173 3609 1240 3662 ergo
1265 3595 1320 3647 ieta

135 3701 253 3756 inducta
270 3701 326 3755 tuit
344 3717 393 3770 per
411 3703 600 3757 extensionem
620 3703 691 3773 lepis
710 3701 743 3756 de
763 3718 819 3755 uno
837 3719 902 3755 casu
922 3700 956 3754 ad
975 3699 1077 3762 alium;
1096 3715 1167 3769 quae
1193 3699 1320 3753 extensio

135 3808 289 3878 improprie
307 3808 409 3862 dicitur
427 3807 636 3880 interpretatio;
657 3825 721 3861 nam
742 3814 785 3862 est
803 3824 876 3860 nore
895 3805 950 3872 lex,
969 3823 1018 3861 seu
1037 3823 1139 3860 novum
1154 3807 1271 3870 iussum;
1290 3811 1319 3858 et

134 3916 344 3984 interpretatio,
357 3919 522 3988 improprie,
535 3916 589 3970 dici
608 3919 700 3986 potest
718 3915 784 3985 quia
803 3913 909 3968 veteris
922 3919 951 3967 et
964 3929 1052 3968 novae
1071 3913 1143 3983 legis
1162 3913 1258 3968 eadem
1277 3922 1320 3970 est

134 4025 226 4090 rati03
244 4025 296 4077 sed
313 4025 386 4078 ratio
407 4023 478 4093 lepis
495 4039 550 4077 non
569 4032 610 4077 est
630 4023 686 4076 tere.
707 4050 721 4061 -
742 4019 878 4082 Quocirca
900 4020 976 4073 aliud
1001 4019 1210 4074 tundamentum
1230 4023 1320 4091 magis

131 4125 257 4180 solidum
276 4125 408 4179 constitui
431 4125 515 4180 debet
539 4125 605 4179 huic
629 4125 743 4180 decreto
767 4142 802 4179 ne
828 4124 945 4179 vacillet
970 4141 1032 4178 cum
1058 4129 1137 4178 ‘tanto
1161 4124 1320 4180 discrimine

131 4235 287 4290 hodiernae
305 4234 485 4304 disciplinae;
499 4239 529 4290 et
540 4234 711 4289 arbitramur
724 4234 797 4287 istud
811 4233 1022 4287 tundamentum
1036 4233 1118 4302 plane
1132 4232 1319 4288 firmissimum

130 4341 321 4396 constitutum
338 4340 425 4395 fuisse
443 4340 472 4394 in
491 4340 599 4394 ratione
618 4355 674 4410 qua
692 4339 870 4408 publicantur
888 4337 958 4392 haec
971 4337 1090 4392 decreta.
1105 4338 1216 4392 Etenim
1230 4339 1320 4408 publi·

130 4454 238 4504 cantur
253 4467 309 4519 per
327 4459 421 4503 ectum
438 4449 626 4504 authenticum
646 4449 724 4501 iussu
744 4447 823 4500 Rern.
843 4444 1000 4515 Pontificis;
1014 4443 1086 4499 unde
1099 4449 1178 4514 patet
1190 4445 1320 4499 voluntas
