3296 5108
525 279 568 324 on
593 277 746 324 nunionis
771 279 813 326 nr
838 278 958 325 nonnis
1262 256 1328 322 433

148 409 247 486 plum
272 410 320 468 est
342 423 407 466 vox
431 403 571 468 maxime
594 405 747 488 generice
770 408 803 468 et
826 403 1051 488 complectitur
1074 403 1169 467 etiarn
1191 401 1327 482 libellos,

153 529 277 594 diaria.
306 527 436 612 Aliquid
461 529 601 613 speciale
632 527 730 592 habet
760 532 917 610 quatenus
939 547 1005 592 non
1036 527 1140 593 refert
1171 547 1211 592 an
1242 529 1329 613 typis

152 652 267 718 edatur
290 657 345 716 aut
367 652 473 735 aliquo
492 649 674 724 ullomodo,
692 651 744 715 vel
761 650 871 716 forsan
889 652 928 715 sit
944 652 1226 734 manuscriptum.
1245 651 1329 718 Seno

153 775 184 840 S.
210 773 359 840 Officium
383 773 557 859 prohibens
580 774 707 858 scriptu
731 791 950 857 quaecumque
980 773 1138 839 destinata
1156 791 1330 859 pronupe-

155 901 247 972 lioni,
265 901 304 966 de
320 920 404 965 novo
420 900 589 965 devotione
605 919 721 966 recens
737 901 868 965 invento
884 899 985 966 edixit
1000 899 1054 965 ulie
1071 899 1094 964 6
1109 898 1187 965 Feb.
1204 899 1294 965 1896
1311 933 1327 946 -

149 1024 255 1106 parui
278 1023 409 1106 reseine
432 1043 517 1088 nurn
541 1023 629 1108 typis
651 1023 741 1089 edito
763 1022 903 1106 fuerint.

171 1305 193 1387 ἓ
205 1305 236 1370 2.
250 1305 1012 1390 116616ὴὶ116666616161616116616116611111,
1025 1306 1317 1373 scotomaticorum

459 1429 675 1515 aliorumque
697 1430 903 1512 scriptunnc
928 1427 1032 1494 libris.

347 1606 397 1648 Huc
415 1602 527 1648 referatur
541 1612 612 1660 caput
625 1605 654 1658 1.‚
668 1605 729 1648 tituli
744 1605 763 1647 1.
777 1604 845 1647 huius
860 1604 939 1648 Const.
956 1605 989 1646 its
1003 1605 1146 1659 inscriptum.

159 1778 434 1836 81111116τί616-
456 1779 516 1835 315.
543 1781 672 1835 Refertur
696 1783 790 1834 textus
812 1783 835 1834 1.
863 1789 915 1833 art.
936 1807 970 1820 -
989 1779 1050 1834 316.
1077 1779 1174 1833 Brevis
1197 1795 1336 1834 commcn-

247 1886 327 1942 tatio.
345 1915 379 1928 -
398 1886 458 1939 341.
474 1886 605 1941 Refertur
617 1897 671 1941 161.
687 1889 714 1940 2.
733 1915 769 1928 -
781 1885 841 1940 348.
855 1885 1067 1942 Commentatio.
1081 1885 1335 1942 -319.116161161

248 1993 346 2046 6113.
366 2021 395 2034 -
420 1993 480 2047 350.
500 1993 712 2048 Commentario.
731 2021 766 2034 -
785 1991 845 2046 351.
868 1992 996 2046 Refertur
1015 2003 1068 2045 art.
1082 1993 1110 2046 4.
1124 2020 1159 2034 -
1172 1991 1232 2047 352.
1252 1991 1334 2046 Gom·

249 2100 394 2154 mentatio.

249 2277 324 2342 345.
349 2279 435 2342 einr.
469 2277 495 2340 l.
525 2300 542 2338 c
569 2276 665 2343 Libri
695 2296 810 2343 oncnes
845 2295 930 2361 quos
960 2281 1038 2342 anic
1072 2295 1204 2341 annum
1234 2275 1340 2341 lfDO

160 2405 219 2465 uui
245 2398 377 2465 Sunuci
400 2401 582 2485 Pontifices
612 2407 673 2467 aut
698 2399 847 2468 Concilio
878 2401 1093 2467 oecumenico
1125 2401 1338 2465 damnarunt

159 2530 190 2590 cl
206 2525 317 2609 quiin
340 2544 427 2592 novo
452 2525 570 2592 Indice
591 2545 662 2592 non
684 2531 902 2592 recensentur
926 2524 1161 2591 eodemmodo
1183 2523 1338 2589 damnali

161 2647 351 2713 habeantur
373 2649 460 2715 sicut
481 2649 563 2715 olim
585 2649 741 2714 damnati
762 2647 927 2731 fuerunt5
950 2648 992 2713 iis
1015 2647 1167 2731 conceptis
1189 2647 1249 2732 qui
1271 2666 1339 2730 pei·

162 2771 245 2842 hoec
266 2767 410 2838 neuen
436 2772 618 2842 Generalis
643 2773 889 2856 Permittunfur
906 2794 937 2837 1.

251 2894 326 2960 316.
353 2897 415 2961 Hic
438 2897 594 2962 articulus
617 2897 795 2962 conformis
823 2903 871 2962 est
903 2897 1121 2982 1161161661ῐιθ
1151 2897 1281 2971 Indicis,
1305 2899 1340 2960 in

162 3038 226 3103 quo
247 3025 356 3084 1661611
379 3039 444 3085 non
468 3022 676 3108 reperiuntur
699 3019 816 3086 verba:
840 3021 882 3086 iis
895 3021 1045 3104 eucepfis
1059 3025 1121 3087 otc.
1140 3022 1232 3086 Haec
1248 3040 1340 3086 exce-

163 3142 229 3225 ptio
252 3140 381 3206 videtur
405 3145 507 3228 magis
523 3163 557 3208 se
573 3143 702 3209 referre
717 3141 758 3207 ed
775 3147 839 3208 orl.
856 3143 890 3212 5,
909 3143 941 3216 6,
959 3142 991 3215 8,
1008 3143 1052 3208 10
1066 3163 1115 3227 sq.
1133 3141 1190 3229 (l).
1209 3178 1227 3190 -
1246 3143 1341 3207 Ratio

163 3281 243 3328 vero
267 3261 489 3348 prohibitionis
513 3263 709 3330 desumenda
733 3271 782 3332 est
797 3266 928 3328 omnino
945 3283 988 3328 ex
1008 3266 1139 3348 antiqua
1162 3263 1339 3349 disciplina,

164 3388 254 3452 iuxta
278 3385 469 3454 Pontificum
492 3395 548 3456 aut
571 3389 787 3456 conciliorum
811 3389 942 3456 decreta
969 3407 1051 3474 quoe
1082 3389 1182 3456 libros
1209 3389 1340 3455 damna·

165 3519 250 3578 runt.
277 3517 314 3580 In
338 3515 388 3579 his
411 3514 492 3579 nihil
516 3521 565 3581 est
581 3517 774 3582 innovatum.

256 3761 295 3830 (l)
314 3761 401 3816 Notat
420 3761 586 3828 Pennccchi,
606 3761 691 3818 libros
710 3763 806 3818 taliter
825 3763 979 3831 damnatos,
992 3763 1040 3835 qni
1053 3765 1232 3818 continentur
1244 3764 1272 3816 in
1287 3764 1343 3816 ool·

166 3867 287 3924 lectione
307 3869 412 3940 ilique,
431 3869 528 3924 haberi
552 3871 608 3924 ionr
627 3872 786 3925 confutatos
808 3888 824 3924 o
843 3871 923 3925 libris
948 3869 1108 3925 orthodoxis
1133 3870 1202 3923 inibi
1228 3868 1343 3922 adiectis

166 3981 196 4029 et
214 3974 280 4029 hinc
299 3991 358 4030 esse
378 3975 535 4044 permissos.
552 3975 742 4032 Vermeersoh.
764 3979 782 4031 1.
797 3995 819 4032 c.
830 3995 896 4050 pop.
912 3979 954 4030 54
974 3979 1109 4047 approbet
1122 3981 1151 4031 ot
1164 3975 1236 4030 idom
1248 3983 1344 4029 censet

166 4081 200 4136 de
219 4081 385 4136 collectione
404 4082 585 4137 conciliorum
605 4086 732 4138 confecto
745 4101 761 4138 6
774 4083 868 4138 chbe
882 4083 981 4138 Mensi.
997 4113 1011 4124 -
1026 4083 1115 4138 Licite
1127 4098 1193 4139 vero
1206 4082 1263 4151 legi
1284 4098 1344 4150 pos-

167 4192 233 4242 sunt
252 4189 356 4258 scripto
375 4189 553 4260 antiquorum
572 4177 780 4245 haer-eticorum
797 4195 827 4244 ut
846 4189 1022 4258 Tertulliani,
1043 4189 1180 4259 OrigeniS,
1193 4189 1259 4259 quin
1278 4188 1345 4242 isto·

167 4311 229 4348 rum
249 4311 357 4351 errores
375 4296 502 4366 quemvis
521 4297 555 4350 sb
570 4295 695 4352 Ecclesia
709 4313 838 4367 expresse
852 4296 1039 4362 condemnati,
1052 4303 1146 4352 temen
1159 4297 1214 4349 iarn
1234 4295 1344 4365 penitus

167 4401 373 4457 obsoleverunt.
393 4402 519 4471 Genicot,
539 4403 557 4456 l.
578 4421 601 4458 c.
620 4403 693 4456 2152.

313 4507 374 4562 Soc.
394 4507 472 4578 Leya
1203 4506 1237 4560 28
