3202 5104
251 266 318 330 282
769 287 853 334 rsus
878 287 900 332 1.

251 409 450 494 impediendo
474 405 591 475 effectu
614 409 696 495 legis
712 413 890 475 communis
905 430 963 474 seu
978 431 1038 495 pro
1057 410 1232 474 relaxanda
1248 411 1321 494 lege
1343 431 1433 475 com-

252 533 340 597 muni
364 534 549 598 necessario
571 532 834 618 subintelligitur.

343 659 415 722 190.
441 658 564 723 Vermu
582 656 781 723 D'Annibale
805 657 937 742 (1.400)
961 657 1135 722 advertens
1152 659 1432 742 irregularitatum

251 785 415 868 proprium
433 803 504 848 esse
521 787 555 848 ut
571 784 701 848 omuino
718 789 870 847 maneant
885 783 1093 849 indiuiduas.
1114 783 1223 862 infert,
1241 783 1433 867 irregulari·

251 911 333 972 tates
356 927 402 974 erc
424 907 557 990 desecta
574 909 720 992 corporis
737 927 802 972 non
818 907 1027 992 prohibentes
1042 907 1089 992 (1)
1105 927 1232 972 omnem
1251 913 1357 972 actum
1374 927 1434 971 or—

251 1030 334 1096 dinis
357 1033 419 1096 iam
442 1033 583 1117 suscepti
607 1051 672 1096 non
695 1049 767 1096 esse
787 1031 955 1116 proprias
970 1031 1229 1116 irregularitates
1248 1031 1303 1096 sed
1319 1031 1434 1094 uerius

250 1156 466 1239 improprias.
484 1191 502 1204 -
521 1157 564 1222 At
588 1177 652 1220 uon
676 1155 804 1220 videtur
820 1159 1037 1221 necessarium
1061 1155 1124 1220 hac
1143 1155 1183 1220 de
1206 1176 1303 1221 causa
1319 1156 1431 1220 huius-

251 1283 335 1348 modi
367 1283 625 1369 irregularitates
658 1281 834 1348 amandare
868 1283 956 1346 inter
988 1283 1199 1368 improprias3
1235 1301 1307 1346 nam
1339 1281 1434 1346 salva

341 1529 381 1600 (l)
400 1530 429 1586 ln
449 1531 619 1600 propositum
633 1531 711 1584 iuuat
723 1529 877 1596 aduertere,
890 1529 1029 1582 Cardioali
1046 1529 1215 1584 D'Annibale
1233 1530 1260 1582 io
1279 1529 1431 1584 boeotiam

252 1638 411 1692 usureoisse
425 1639 515 1707 prouti
530 1638 557 1690 in
571 1637 713 1692 nonnullis
726 1637 790 1690 aliis
802 1638 1022 1708 quaestionibus,
1036 1638 1125 1705 ipsum
1139 1637 1220 1690 nimis
1233 1641 1310 1690 arcte
1329 1636 1433 1690 adbae-

251 1745 318 1799 eisso
342 1746 489 1798 abstractis
514 1744 581 1797 iuris
604 1743 748 1813 principiis
767 1749 796 1798 et
816 1743 930 1812 regulis,
948 1760 997 1797 seu
1020 1743 1219 1813 philosophicis
1237 1742 1432 1795 institutorum

252 1849 386 1920 legalium
397 1853 560 1904 notionibus.
574 1849 626 1903 Sed
640 1851 669 1902 in
681 1852 744 1903 iura
758 1851 847 1902 omnis
860 1850 985 1918 definitio
1000 1850 1164 1919 periculoso
1177 1859 1227 1913 est,
1242 1867 1342 1902 rarum
1355 1851 1433 1902 eitim

251 1968 291 2012 ert
309 1961 383 2028 qaod
400 1961 527 2028 peruerti
544 1973 599 2010 aaa
609 1967 714 2027 potcst‚·
734 1958 774 2010 uti
791 1956 875 2010 tradit
893 1955 939 2010 lex
951 1957 987 2010 50
1006 1957 1034 2009 ff.
1051 1957 1093 2010 Dc
1111 1957 1231 2010 diuersis
1248 1973 1308 2025 rep.
1322 1957 1402 2008 iuras.
1417 1984 1432 1995 -

253 2067 293 2122 lte
311 2083 379 2122 sane
397 2083 464 2121 vera
482 2067 525 2119 ius
538 2065 685 2134 positirmm
703 2069 745 2120 est
765 2070 920 2119 eminenter
928 2067 1087 2135 practicam
1102 2063 1172 2119 uode
1186 2063 1372 2134 periculosum
1388 2069 1433 2117 est

251 2191 307 2230 una
325 2173 443 2244 simplici
464 2173 624 2228 delinitione
643 2172 877 2242 comprehendere
890 2173 1027 2226 ambitum
1046 2171 1164 2226 alicuius
1177 2171 1299 2225 instituti
1320 2171 1430 2224 iuridici

250 2281 322 2352 quod
348 2285 442 2334 natum
462 2283 504 2334 est
522 2279 653 2349 amplecti
679 2285 736 2334 tam
757 2281 847 2334 varios
866 2284 894 2334 et
912 2279 1058 2333 distinctos
1083 2295 1171 2332 casus.
1191 2277 1261 2332 Vide
1286 2295 1358 2348 quae
1380 2279 1431 2330 do·

250 2387 357 2442 coimus
375 2391 404 2441 ia
420 2391 564 2458 prooemio
583 2387 637 2440 vol.
655 2386 673 2440 l.
690 2386 760 2440 -lta
773 2387 854 2440 nobis
867 2401 921 2440 nou
936 2387 1053 2454 probata
1066 2387 1108 2439 est
1125 2385 1202 2438 notio
1219 2401 1353 2438 censurae
1374 2389 1431 2438 tam

249 2499 326 2549 arcte
345 2511 362 2548 a
382 2493 552 2548 D'Aunibale
572 2493 675 2546 tradita
694 2509 764 2564 quae
784 2492 907 2546 excludit
920 2493 1076 2547 necessario
1090 2492 1267 2546 interdictum
1283 2491 1430 2559 personale

250 2601 392 2671 generale,
411 2601 588 2656 interdictum
608 2602 641 2654 ad
661 2606 767 2655 certum
794 2606 904 2670 tempus
930 2601 1074 2665 inflictum,
1095 2601 1161 2654 item
1184 2599 1394 2668 suspensionem
1415 2617 1431 2652 a

251 2711 386 2766 beneficio
405 2713 454 2762 aut
473 2709 506 2763 ad
528 2715 635 2778 tempus
654 2713 759 2763 certum
775 2708 884 2762 illatum
904 2713 933 2763 et
952 2709 992 2762 ita
1012 2723 1100 2778 porro.
1116 2709 1183 2762 ltem
1204 2708 1230 2760 in
1250 2723 1316 2760 casu
1334 2713 1431 2762 nostro

251 2815 328 2870 notio
346 2814 564 2885 irregularitatis
574 2815 709 2885 propriae
728 2832 745 2868 a
765 2814 936 2868 ll'hnnibale
950 2815 1108 2884 propositae
1127 2818 1169 2868 est
1188 2817 1244 2866 tam
1258 2817 1338 2866 arcta
1357 2813 1431 2866 utin

250 2939 300 2977 suo
319 2923 424 2976 ambitu
445 2939 498 2976 noo
525 2922 742 2992 comprehendat
767 2940 847 2976 casus
866 2923 912 2993 qui
933 2939 986 2976 nou
1014 2923 1096 2976 dubie
1116 2924 1144 2976 in
1164 2922 1223 2976 iure
1249 2922 1369 2990 positivo
1388 2921 1431 2974 vi-

250 3030 352 3086 dentur
369 3030 505 3084 contineri
525 3031 599 3084 inter
618 3029 842 3098 irregularitates
858 3033 1001 3100 proprias.
1016 3030 1149 3100 Equidem
1164 3029 1335 3098 propositum
1349 3027 1431 3082 Card.

251 3135 422 3191 D'Aonibale
440 3137 468 3190 in
482 3135 623 3190 exaranda
638 3135 793 3200 summula,
808 3137 852 3188 cui
866 3139 988 3189 ceterum
1004 3135 1082 3189 nullo
1096 3135 1157 3188 laus
1170 3135 1303 3188 tribuitur
1317 3150 1372 3188 nou
1386 3135 1432 3188 de·

250 3245 317 3312 bita,
335 3246 389 3298 luit
407 3245 552 3300 scientiam
572 3244 759 3313 theologicam
777 3243 910 3298 moralem
924 3246 1038 3314 exigere
1057 3245 1091 3298 ad
1110 3251 1187 3300 certa
1202 3245 1340 3315 principia
1354 3246 1432 3312 iuris,

250 3350 429 3421 eamdemque
439 3351 580 3404 vindicare
590 3368 607 3404 a
618 3351 727 3419 placitis
735 3350 940 3419 Theologorum
950 3351 997 3421 qui
1010 3367 1063 3404 non
1071 3351 1234 3404 dubitarunt
1244 3353 1350 3420 fingere
1360 3351 1433 3405 obli-

250 3458 377 3528 gationes
395 3463 424 3512 ot
443 3463 591 3528 praecepta
610 3457 679 3511 nulli
700 3457 756 3526 legi
776 3457 889 3520 innixa;
911 3458 1024 3527 proinde
1040 3457 1212 3512 D'hnnibale
1234 3475 1319 3530 usque
1338 3461 1434 3514 studet

250 3561 341 3630 legem
361 3565 464 3616 certam
484 3561 645 3616 adinvenire
664 3561 734 3614 unde
755 3565 863 3630 repetat
882 3561 1082 3630 obligationem
1103 3567 1132 3615 et
1150 3563 1251 3630 passim
1267 3563 1367 3618 recolit
1386 3580 1434 3616 re-

249 3663 354 3736 gulam,
368 3695 382 3706 -
394 3667 453 3720 siue
465 3675 543 3719 teratu
557 3667 706 3720 erubescor
721 3667 797 3736 loqui
807 3685 837 3730 -ς
852 3683 938 3736 quare
950 3667 1010 3720 siue
1023 3670 1101 3720 certa
1113 3665 1175 3734 lege
1189 3670 1238 3720 aut
1252 3665 1351 3735 regula
1363 3665 1434 3720 iuris

250 3787 305 3826 nou
319 3771 442 3826 admittit
455 3773 577 3843 aliquam
590 3773 718 3828 fidelibus
730 3774 931 3842 obligationem
946 3773 1049 3842 imponi
1065 3789 1158 3842 posse‚·
1171 3774 1217 3827 sed
1231 3773 1258 3825 in
1273 3772 1325 3826 boo
1339 3773 1433 3826 studio

250 3895 305 3934 non
324 3880 419 3946 semel,
438 3879 510 3951 quod
529 3877 666 3932 humanae
687 3883 802 3933 naturae
822 3879 998 3934 tribuendum
1018 3883 1069 3944 est,
1086 3877 1184 3931 incidit
1198 3879 1225 3930 iu
1240 3877 1365 3950 Scyllam
1384 3895 1433 3932 cn·

252 3990 329 4058 piens
342 3989 432 4042 vitare
446 3985 624 4056 Charybdim.
638 4015 671 4028 -
686 3987 754 4040 Rem
769 3996 891 4040 nostram
905 3986 977 4057 quod
991 3987 1100 4050 attinet,
1117 3985 1310 4055 inquisitiones
1325 3985 1433 4039 doctri·

251 4097 328 4150 uales
347 4097 375 4149 in
397 4094 621 4164 irregularitates
646 4095 735 4162 primo
759 4093 905 4147 institutae
928 4097 992 4146 suut
1015 4111 1032 4146 a
1059 4093 1234 4146 Scholasticis
1259 4093 1434 4146 dictantibus

147 4253 150 4260 .
250 4203 464 4258 commentarios
483 4201 510 4255 in
531 4201 565 4254 lV
588 4202 804 4265 Sententiarum,
823 4201 885 4252 dist.
900 4202 1009 4266 22-25,
1026 4205 1054 4254 et
1073 4200 1296 4269 irregularitates
1309 4191 1435 4252 comum·

250 4312 324 4366 niter
343 4311 533 4366 consideratae
552 4314 617 4362 sunt
636 4310 713 4380 quasi
735 4326 870 4364 celaturae
888 4313 1026 4378 quatenus
1039 4325 1138 4377 nempe
1151 4309 1396 4376 distinguebantur
1416 4325 1433 4360 a

252 4419 347 4489 poenis
367 4419 476 4488 proprie
494 4419 576 4472 dictis
594 4421 623 4472 et
642 4435 659 4470 a
678 4417 864 4486 poenitentiis.
886 4416 960 4470 Haec
979 4417 1120 4470 sententia
1146 4416 1331 4470 communiter
1350 4416 1432 4470 attri-
