3074 5122
389 315 433 362 ne
456 313 610 362 usurorrs
634 314 677 361 nr
700 313 819 361 rosurs
1129 291 1197 358 269

29 440 256 525 applicatae».
277 439 326 505 Gi.
343 438 465 510 Lucidi,
482 438 533 503 De
547 436 737 504 visitatione
751 455 777 502 s.
795 435 962 508 liminum,
984 435 1012 508 l,
1029 455 1056 501 c.
1072 435 1107 508 2,
1124 436 1146 517 ἓ
1162 435 1194 499 6.

30 565 132 641 Hodie,
156 585 217 650 pro
238 564 404 631 hodiernis
427 569 607 649 temporum
631 568 663 629 et
685 563 832 628 locorum
855 550 1022 636 adiunctis,
1048 562 1079 627 S.
1096 561 1194 645 (long.

17 693 124 776 'Episo.
143 696 175 756 et
193 691 272 776 Reg.
289 691 535 755 instructionem
559 687 646 754 dedit
659 691 825 754 secretam
845 687 1027 754 Ordiuariis
1051 687 1197 752 locorum

29 815 63 878 de
85 816 207 879 ratione
231 834 294 897 qua
317 812 473 878 deberent
504 831 562 898 per
586 813 822 878 ecclesiasticos
845 814 934 878 viros
958 817 1052 878 caule
1075 815 1109 876 et
1131 811 1197 876 dili·

28 947 135 1025 genter
162 939 391 1005 administrare
421 945 454 1004 et
485 937 648 1005 custodire
678 943 879 1003 numeratam
910 940 1079 1024 pecuniam
1103 957 1199 1022 quam

28 1063 74 1128 rel
88 1064 368 1148 eleemosynarum
383 1062 435 1128 vel
454 1063 579 1147 piorum
599 1062 780 1148 legatorum
796 1061 849 1127 vel
864 1062 1128 1146 compositionum
1143 1063 1201 1126 aut

29 1205 197 1270 poenarum
212 1187 341 1252 nomine
357 1183 468 1251 fideles
483 1187 524 1251 ad
540 1207 653 1252 manus
665 1186 897 1271 Episcoporum
913 1185 1073 1252 deferunt.
1091 1185 1200 1259 Quare

28 1310 115 1375 hodie
130 1311 357 1394 depositarius
373 1329 567 1393 poenarum
583 1315 615 1375 et
629 1312 837 1377 mulctarunt
852 1311 885 1376 in
901 1311 993 1375 curia
1009 1309 1201 1394 intelligitur

28 1435 84 1500 rite
103 1436 295 1499 constitutus
312 1433 364 1517 qui
381 1433 550 1519 deputatus
567 1437 616 1498 est
631 1432 671 1497 ad
687 1453 832 1497 normam
857 1453 961 1499 novae
980 1433 1201 1498 instructionis

28 1555 56 1621 S.
73 1557 171 1642 Cong.
188 1556 295 1642 Episo.
314 1561 346 1621 et
370 1557 462 1642 Reg.,
479 1558 512 1621 in
528 1557 608 1621 locis
631 1557 782 1621 nimirum
802 1554 967 1641 inquibus
990 1561 1083 1622 retus
1106 1554 1201 1622 disci-

26 1682 110 1766 plina
131 1683 228 1767 plene
252 1681 418 1747 observari
441 1701 507 1746 non
531 1685 636 1767 potest
653 1679 709 1766 (1).

112 2621 153 2692 (l)
176 2621 287 2676 Ferrari
306 2623 334 2675 in
356 2624 470 2676 Summa
490 2621 557 2674 last.
580 2623 645 2676 Can.
665 2622 688 2687 l,
707 2623 765 2675 301
784 2622 901 2692 quaerit,
921 2639 957 2676 an
976 2622 1004 2674 in
1021 2639 1141 2692 poenam
1156 2641 1207 2694 pe·

26 2731 192 2794 rainiariam,
214 2727 347 2782 Sacerdos
366 2729 470 2798 privari
491 2733 577 2798 possit
595 2729 630 2782 ab
651 2729 836 2800 eleemosynis
849 2729 996 2781 Missurum
1016 2729 1207 2795 manualibus3

24 2837 51 2886 et
69 2833 240 2902 affimativa
259 2833 415 2902 respondet,
435 2834 507 2904 qood
526 2836 566 2888 ila
585 2835 708 2904 explicat
727 2837 755 2888 in
774 2845 853 2888 nota:
872 2835 982 2890 «Licet
1000 2833 1082 2888 huius
1102 2852 1208 2904 poenae

25 2937 129 2991 nullam
150 2939 326 2994 inveniamus
345 2940 417 3008 apud
430 2945 558 2994 autololes
577 2941 746 2995 mentionem
766 2946 858 2994 lamen
873 2946 1002 3010 putamus
1021 2957 1082 2994 eam
1101 2939 1207 2994 licitam

24 3049 51 3098 et
69 3046 153 3100 valde
179 3051 378 3116 opportunam:
404 3064 468 3100 nam
488 3049 511 3101 si
537 3047 720 3102 beneficiatus
738 3052 830 3117 polest
858 3048 949 3117 puniri
975 3049 1130 3116 privatione
1147 3049 1207 3101 fru-

24 3155 119 3208 ctuum
140 3155 272 3208 beneficii
291 3155 343 3220 sni,
358 3155 443 3210 etiam
462 3155 592 3210 sacerdos
611 3157 714 3225 poterit
732 3157 877 3210 missarum
897 3154 1083 3226 eleemosynis
1096 3157 1208 3226 privari.

24 3259 140 3330 lnsuper
160 3260 232 3315 haec
251 3277 340 3330 poena
359 3259 491 3316 honorem
511 3263 663 3317 sacerdotis
688 3261 795 3316 salvum
815 3267 908 3316 servat
926 3263 949 3316 si
969 3264 994 3317 ei
1015 3263 1145 3332 privatim
1163 3264 1208 3317 in-

23 3363 142 3430 dicetur,
163 3371 196 3418 et
213 3365 353 3419 salubrius
371 3366 399 3419 in
419 3366 479 3420 solo
498 3385 562 3422 aere
582 3367 696 3438 punitur
709 3367 755 3438 qui
775 3367 797 3418 si
818 3367 905 3420 bonu·
924 3373 967 3420 est
987 3365 1101 3421 habebit
1120 3367 1210 3421 adhuc

23 3471 49 3524 S.
70 3473 213 3528 Sacrificii
233 3474 373 3540 solatium,
386 3479 416 3529 et
434 3475 457 3528 si
476 3475 567 3529 malus
586 3475 739 3530 abstinebit
758 3492 775 3528 a
793 3475 930 3528 sacrificio
949 3474 1022 3544 quod
1041 3475 1130 3544 magis
1149 3491 1211 3544 pro·

24 3587 86 3650 pter
99 3581 313 3653 eleemosynam
326 3599 409 3653 quam
423 3584 495 3637 torte
515 3589 627 3652 propter
646 3583 820 3637 devotionem
839 3581 964 3636 celebret
977 3595 1001 3638 it.
1019 3580 1123 3636 Verum
1142 3598 1210 3636 con-

22 3687 130 3740 sentire
150 3702 210 3738 non
229 3703 338 3754 possum
359 3703 421 3740 cum
440 3685 473 3740 cl.
488 3687 609 3740 Auctore
629 3686 695 3758 quia
708 3685 850 3739 Sacerdoti
869 3684 977 3738 nullum
997 3684 1111 3738 habenti
1129 3686 1211 3740 benc·

22 3793 118 3844 ficium
139 3796 171 3846 et
192 3791 236 3844 ciri
256 3793 285 3845 in
304 3792 360 3847 alia
380 3793 452 3846 bona
471 3793 574 3862 imponi
595 3809 648 3846 non
669 3793 755 3862 possit
773 3792 886 3860 mulcta,
906 3791 975 3846 haec
993 3794 1098 3846 littam
1117 3795 1212 3862 gravis

22 3913 114 3966 poena
142 3904 207 3952 tarn
234 3915 319 3966 grave
347 3899 514 3953 subaudiens
537 3900 642 3954 crimen
662 3904 692 3953 ul
715 3917 768 3954 non
787 3903 909 3954 mulctae
928 3900 975 3956 sed
999 3903 1174 3972 suspensioni
1194 3919 1213 3956 a

21 4004 127 4056 diuinis
148 4003 231 4056 locus
249 4003 309 4056 lieri
331 4003 439 4058 debeat.
459 4004 609 4058 Praeterea
628 4004 780 4074 percellere
805 4005 910 4059 mulctis
929 4005 1135 4076 eleemosynam
1154 4024 1213 4061 ma·

20 4112 141 4166 riualem
159 4128 246 4181 quam
266 4111 356 4165 fidelis
375 4128 504 4181 expresse
522 4112 627 4166 obtulit
645 4111 786 4166 Sacerdoti
805 4113 898 4166 forsan
918 4113 1092 4182 pinguiorem
1111 4113 1213 4184 quippe

21 4216 140 4285 pauperi
163 4219 196 4269 et
216 4213 281 4268 hinc
299 4215 466 4270 destinatam
486 4234 502 4269 a
520 4215 595 4271 fideli
615 4216 732 4286 inopus
755 4218 876 4288 speciale
895 4217 1052 4284 charitalis,
1071 4217 1212 4272 decretum

20 4323 135 4378 videtur
156 4322 305 4376 continere
324 4323 406 4376 nimis
425 4322 549 4377 odiosum
569 4329 597 4378 et
616 4323 796 4380 vehementer
809 4327 978 4380 contrarium
991 4329 1108 4380 naturae
1125 4329 1154 4380 et
1172 4325 1214 4380 in-

19 4431 77 4484 doli
98 4431 306 4502 eleemosynae
324 4430 428 4484 Missae
445 4433 594 4486 manualis.
