3302 5100
596 323 704 372 INDEX
728 321 932 370 sinorstcus

124 537 128 546 .
153 615 156 621 ,
255 613 259 623 .
330 575 350 648 ἓ
372 571 399 633 1.
422 573 470 632 De
490 572 728 649 irregularitate
747 589 788 630 ecc
807 571 972 630 iteratione
992 570 1191 645 baptismatis

409 681 532 759 eiusque
553 679 726 753 receptione
747 695 767 736 a
787 678 932 736 ministro
954 677 1118 738 haeretico·

174 876 244 937 213.
265 877 359 935 Ratio
380 874 527 934 historica
548 880 579 933 et
600 878 685 950 origo
707 873 795 933 huius
817 872 1056 950 irregularitatis
1098 919 1106 934 .
1148 919 1156 934 .
1195 889 1272 948 pop.
1293 871 1354 931 312

171 983 243 1044 211.
264 983 353 1043 Hanc
373 982 532 1040 incurrunt
545 981 750 1057 rebaptizem,
765 979 974 1056 rebaptizatus
989 981 1022 1038 et
1035 979 1213 1038 ministrans

284 1087 509 1168 *rebaptizanti
550 1131 1212 1149 ..............
1254 1101 1272 1145 »
1312 1084 1354 1142 111

173 1195 244 1257 215.
265 1196 456 1272 Baptismum
477 1196 567 1255 debet
587 1211 654 1254 esse
673 1196 829 1270 patticam
852 1238 1211 1256 ........
1253 1209 1270 1254 »
1294 1191 1354 1250 313

173 1301 244 1364 216.
266 1302 311 1360 De
331 1302 483 1379 baptismo
504 1303 652 1362 reiterato
682 1299 732 1360 vel
753 1302 867 1378 absque
896 1299 965 1360 dolo
994 1299 1044 1358 vel
1065 1300 1121 1359 sub
1143 1315 1214 1360 con·

305 1409 419 1468 ditione
451 1451 1211 1470 ................
1253 1404 1355 1467 »314

175 1515 246 1578 217.
266 1518 315 1576 An
343 1515 420 1576 haec
447 1515 661 1593 irregularitas
694 1515 856 1593 prohibeat
883 1517 976 1575 etiam
1004 1517 1214 1591 susceptorum

308 1623 446 1682 ordinum
467 1623 644 1682 exercitium
656 1667 1214 1684 ............
1255 1637 1273 1680 »
1312 1618 1355 1678 ibi

175 1728 246 1790 218.
268 1729 313 1788 De
334 1729 487 1806 baptismo
509 1731 632 1806 recepto
655 1749 674 1790 a
695 1730 834 1788 ministro
858 1729 1014 1788 haeretico
1056 1775 1064 1790 .
1106 1774 1113 1788 .
1156 1773 1164 1790 .
1206 1773 1214 1790 .
1255 1724 1356 1790 »315

175 1834 627 1912 219.Estirreg.exdelicto
754 1883 761 1897 .
804 1883 811 1897 .
854 1883 861 1897 .
904 1882 912 1897 .
955 1883 961 1896 .
1004 1882 1024 1896 ..
1155 1881 1163 1896 .
1206 1881 1213 1896 .
1254 1833 1355 1895 »316

305 2069 325 2143 5
345 2067 374 2129 21
397 2068 444 2127 De
464 2069 705 2144 irregularitate
726 2087 766 2128 ece
785 2069 878 2128 vetito
900 2067 1047 2127 ordinum
1067 2069 1223 2128 exercicio.

175 2260 245 2323 220.
267 2260 393 2338 Triplici
414 2279 453 2321 ex
475 2263 574 2339 capita
596 2262 788 2322 contrahitur
808 2261 886 2322 haec
905 2260 1119 2343 irregularitas
1149 2309 1155 2324 .
1195 2278 1273 2337 pag.
1294 2259 1354 2319 317

176 2367 247 2428 221.
268 2368 315 2427 Ex
333 2371 436 2444 primo
451 2371 551 2446 capite
566 2369 826 2446 irregularitatem
840 2369 968 2427 incurrit
982 2370 1113 2429 ctericus
1128 2367 1216 2426 mini·

307 2477 411 2535 straus
431 2476 462 2534 in
484 2477 589 2536 ordine
610 2493 670 2536 non
692 2477 833 2552 suscepto
856 2520 1215 2538 ........
1256 2490 1274 2534 »
1314 2473 1356 2534 111

175 2581 245 2643 222.
265 2583 314 2642 An
335 2582 511 2642 incurratur
532 2580 744 2660 irregularitas
766 2583 792 2642 si
813 2582 887 2641 ordo
899 2584 1082 2642 exerceatur
1104 2581 1155 2641 vel
1176 2599 1215 2641 ox
1287 2637 1292 2648 ,

307 2691 373 2748 icco
395 2688 446 2748 vel
467 2706 505 2747 ex
526 2691 722 2750 simulatione
754 2729 1213 2752 ..........
1255 2706 1272 2750 »
1295 2689 1355 2748 318

177 2793 246 2856 223.
268 2793 470 2871 Explicantur
491 2813 580 2855 casus
602 2796 735 2873 potiores
757 2796 864 2872 quibus
886 2796 1052 2854 incurritur
1065 2793 1216 2872 irregula·
1288 2855 1292 2864 ,

307 2900 383 2964 ritas
400 2945 609 2962 ......
640 2935 641 2940 1
653 2945 1213 2964 ............
1254 2899 1356 2962 »319

176 3005 246 3068 224.
269 3006 319 3064 Ex·
336 3006 469 3066 secundo
491 3007 591 3083 capite
606 3007 683 3065 fiunt
697 3005 886 3085 irregulares
903 3007 1006 3066 clerici
1026 3008 1076 3082 qui
1098 3006 1216 3066 violant

309 3113 537 3189 suspensionem
559 3113 596 3172 ab
618 3113 745 3187 ordine;
769 3131 905 3173 necnon
932 3114 1217 3174 excommunicatio-

309 3234 377 3276 nem
399 3219 430 3276 et
450 3217 660 3281 interdictum.
702 3265 709 3280 .
753 3265 760 3282 .
803 3205 826 3281 ,⁵
853 3265 1213 3284 ........
1254 3219 1353 3280 »321

177 3323 247 3386 225.
269 3326 320 3387 An,
337 3324 551 3402 irregularitas
573 3329 719 3402 sequatur
739 3327 805 3384 sive
827 3331 985 3404 suspensio
1014 3327 1055 3386 sit
1082 3344 1215 3385 censura

308 3431 373 3490 sive
395 3432 553 3508 suspensio
574 3432 614 3490 sit
630 3449 733 3508 poena
752 3477 1213 3496 ..........
1254 3433 1356 3502 »322

177 3535 248 3598 226.
270 3538 397 3603 Quando
412 3543 569 3616 suspensio
590 3541 638 3598 est
658 3537 787 3616 simplex
796 3541 976 3616 prohibitio,
993 3543 1075 3599 certe
1091 3556 1129 3598 ex
1151 3541 1216 3599 eius

309 3643 474 3708 violatione
495 3661 556 3707 non
578 3646 676 3704 oritur
697 3644 913 3721 irregularitas
955 3693 1215 3710 ......
1255 3665 1273 3708 »
1295 3646 1357 3712 324

177 3748 248 3810 227.
269 3749 337 3810 Non
359 3750 395 3815 fit
415 3751 595 3828 irregularis
616 3753 665 3830 qui
688 3753 823 3812 ordinem
838 3753 961 3811 exercet
981 3755 1011 3811 in
1033 3753 1097 3812 eius
1113 3773 1216 3814 succe-
1288 3812 1292 3820 ,

309 3857 509 3937 ptione.,
553 3902 1064 3922 ...........
1075 3876 1292 3930 ..»

177 3960 248 4024 228.
269 3961 404 4026 Clericus
416 3965 578 4039 quiactum
590 3966 675 4042 ponit
686 3965 777 4024 etiam
791 3965 877 4025 laicis
888 3968 1109 4041 competentem
1121 3965 1216 4026 veluti
1301 3955 1304 3960 ’

309 4069 492 4145 baptismum
518 4071 683 4148 privatum,
705 4070 754 4129 vel
777 4074 879 4131 actum
908 4072 1134 4148 iurisdictionis,
1156 4087 1216 4130 non

308 4174 343 4240 fit
363 4175 559 4253 irregularis.
804 4224 826 4246 .,
956 4224 976 4246 .,
1107 4225 1114 4242 .
1157 4225 1165 4242 .
1207 4225 1215 4241 .
1257 4196 1274 4241 a
1314 4179 1356 4238 ibi

176 4279 245 4342 229.
267 4281 352 4341 Haec
371 4282 586 4359 irregularitas
607 4283 747 4361 prohibet
767 4287 799 4342 et
819 4303 839 4344 a
860 4285 1008 4363 susceptis
1028 4290 1059 4344 et
1080 4303 1099 4346 a
1120 4285 1215 4345 susci-

308 4389 425 4465 piendis
446 4391 602 4450 ordinibus
654 4437 861 4454 .....
875 4425 886 4442 ·
905 4437 1214 4456 .......
1255 4409 1273 4453 »
1295 4391 1355 4451 326

323 4541 383 4594 Sac-
405 4540 482 4612 Lepa
1213 4543 1249 4598 39
