<?xml version="1.0" encoding="UTF-8"?>
<!DOCTYPE html PUBLIC "-//W3C//DTD XHTML 1.0 Transitional//EN"
    "http://www.w3.org/TR/xhtml1/DTD/xhtml1-transitional.dtd">
<html xmlns="http://www.w3.org/1999/xhtml" xml:lang="en" lang="en">
 <head>
  <title>
</title>
<meta http-equiv="Content-Type" content="text/html;charset=utf-8" />
  <meta name='ocr-system' content='tesseract 3.04.00' />
  <meta name='ocr-capabilities' content='ocr_page ocr_carea ocr_par ocr_line ocrx_word'/>
</head>
<body>
  <div class='ocr_page' id='page_1' title='image "./praelectionesin02legagoog_0159.png"; bbox 0 0 3266 5102; ppageno 0'>
   <div class='ocr_carea' id='block_1_1' title="bbox 814 655 989 722">
    <p class='ocr_par' dir='ltr' id='par_1_1' title="bbox 814 655 989 722">
     <span class='ocr_line' id='line_1_1' title="bbox 814 655 989 722; baseline -0.023 -1"><span class='ocrx_word' id='word_1_1' title='bbox 814 655 936 722; x_wconf 73' lang='grc'><strong>01000.</strong></span> <span class='ocrx_word' id='word_1_2' title='bbox 962 656 989 720; x_wconf 92' lang='lat' dir='ltr'><strong>I.</strong></span> 
     </span>
    </p>
   </div>
   <div class='ocr_carea' id='block_1_2' title="bbox 381 879 1420 940">
    <p class='ocr_par' dir='ltr' id='par_1_2' title="bbox 381 879 1420 940">
     <span class='ocr_line' id='line_1_2' title="bbox 381 879 1420 940; baseline -0.003 -5"><span class='ocrx_word' id='word_1_3' title='bbox 381 881 428 936; x_wconf 83' lang='lat' dir='ltr'><strong>DE</strong></span> <span class='ocrx_word' id='word_1_4' title='bbox 448 883 657 939; x_wconf 77' lang='lat' dir='ltr'>POENARUM</span> <span class='ocrx_word' id='word_1_5' title='bbox 673 883 1019 940; x_wconf 81' lang='lat' dir='ltr'>DISPENSATIONIBUS</span> <span class='ocrx_word' id='word_1_6' title='bbox 1035 884 1081 938; x_wconf 83' lang='lat' dir='ltr'><strong>ET</strong></span> <span class='ocrx_word' id='word_1_7' title='bbox 1097 879 1420 938; x_wconf 87' lang='lat' dir='ltr'><strong>ABSOLUTIONlBUS.</strong></span> 
     </span>
    </p>
   </div>
   <div class='ocr_carea' id='block_1_3' title="bbox 312 1114 1491 2470">
    <p class='ocr_par' dir='ltr' id='par_1_3' title="bbox 312 1114 1491 2470">
     <span class='ocr_line' id='line_1_3' title="bbox 312 1114 1490 1188; baseline -0.002 -18"><span class='ocrx_word' id='word_1_8' title='bbox 312 1115 528 1172; x_wconf 73' lang='lat' dir='ltr'><strong>summarium.</strong></span> <span class='ocrx_word' id='word_1_9' title='bbox 544 1145 582 1159; x_wconf 92' lang='lat'><em>-</em></span> <span class='ocrx_word' id='word_1_10' title='bbox 593 1117 652 1171; x_wconf 87' lang='lat'>103.</span> <span class='ocrx_word' id='word_1_11' title='bbox 666 1116 764 1172; x_wconf 82' lang='lat' dir='ltr'><strong>Differt</strong></span> <span class='ocrx_word' id='word_1_12' title='bbox 785 1116 925 1172; x_wconf 82' lang='lat' dir='ltr'><strong>absolutio</strong></span> <span class='ocrx_word' id='word_1_13' title='bbox 943 1135 961 1170; x_wconf 91' lang='lat' dir='ltr'><strong>a</strong></span> <span class='ocrx_word' id='word_1_14' title='bbox 974 1117 1193 1187; x_wconf 87' lang='lat' dir='ltr'><strong>dispensatioue;</strong></span> <span class='ocrx_word' id='word_1_15' title='bbox 1211 1117 1278 1188; x_wconf 88' lang='lat' dir='ltr'><strong>quia</strong></span> <span class='ocrx_word' id='word_1_16' title='bbox 1295 1114 1436 1169; x_wconf 78' lang='lat' dir='ltr'><strong>absolutio</strong></span> <span class='ocrx_word' id='word_1_17' title='bbox 1448 1119 1490 1169; x_wconf 87' lang='lat' dir='ltr'><strong>est</strong></span> 
     </span>
     <span class='ocr_line' id='line_1_4' title="bbox 397 1221 1490 1295; baseline -0.004 -17"><span class='ocrx_word' id='word_1_18' title='bbox 397 1233 475 1278; x_wconf 82' lang='lat' dir='ltr'><strong>ectus</strong></span> <span class='ocrx_word' id='word_1_19' title='bbox 499 1226 634 1291; x_wconf 84' lang='lat' dir='ltr'><strong>iustitine;</strong></span> <span class='ocrx_word' id='word_1_20' title='bbox 660 1223 829 1294; x_wconf 78' lang='lat' dir='ltr'><strong>dispensatio</strong></span> <span class='ocrx_word' id='word_1_21' title='bbox 853 1234 932 1278; x_wconf 82' lang='lat' dir='ltr'><strong>uetus</strong></span> <span class='ocrx_word' id='word_1_22' title='bbox 949 1223 1202 1295; x_wconf 66' lang='lat' dir='ltr'><strong>prateae-104.</strong></span> <span class='ocrx_word' id='word_1_23' title='bbox 1225 1223 1328 1286; x_wconf 84' lang='lat' dir='ltr'><strong>Quare,</strong></span> <span class='ocrx_word' id='word_1_24' title='bbox 1354 1221 1490 1290; x_wconf 79' lang='lat' dir='ltr'><strong>denegate</strong></span> 
     </span>
     <span class='ocr_line' id='line_1_5' title="bbox 395 1329 1490 1402; baseline -0.003 -19"><span class='ocrx_word' id='word_1_25' title='bbox 395 1330 499 1384; x_wconf 90' lang='lat' dir='ltr'><strong>iniuste</strong></span> <span class='ocrx_word' id='word_1_26' title='bbox 527 1330 719 1398; x_wconf 88' lang='lat' dir='ltr'><strong>absolutione,</strong></span> <span class='ocrx_word' id='word_1_27' title='bbox 746 1335 857 1400; x_wconf 85' lang='lat' dir='ltr'><strong>praesto</strong></span> <span class='ocrx_word' id='word_1_28' title='bbox 882 1335 925 1385; x_wconf 89' lang='lat' dir='ltr'><strong>est</strong></span> <span class='ocrx_word' id='word_1_29' title='bbox 952 1331 1114 1402; x_wconf 78' lang='lat' dir='ltr'><strong>appellatio,</strong></span> <span class='ocrx_word' id='word_1_30' title='bbox 1143 1330 1280 1399; x_wconf 77' lang='lat' dir='ltr'><strong>denegata</strong></span> <span class='ocrx_word' id='word_1_31' title='bbox 1307 1329 1490 1384; x_wconf 74' lang='lat' dir='ltr'><strong>inclementer</strong></span> 
     </span>
     <span class='ocr_line' id='line_1_6' title="bbox 396 1435 1489 1508; baseline 0 -18"><span class='ocrx_word' id='word_1_32' title='bbox 396 1435 611 1508; x_wconf 80' lang='lat' dir='ltr'><strong>dispensatione,</strong></span> <span class='ocrx_word' id='word_1_33' title='bbox 630 1441 708 1506; x_wconf 86' lang='lat' dir='ltr'><strong>patet</strong></span> <span class='ocrx_word' id='word_1_34' title='bbox 730 1441 839 1492; x_wconf 87' lang='lat' dir='ltr'><strong>tautum</strong></span> <span class='ocrx_word' id='word_1_35' title='bbox 861 1454 1001 1493; x_wconf 84' lang='lat' dir='ltr'><strong>recursus.</strong></span> <span class='ocrx_word' id='word_1_36' title='bbox 1020 1467 1057 1479; x_wconf 90' lang='lat'><strong>—-</strong></span> <span class='ocrx_word' id='word_1_37' title='bbox 1078 1438 1136 1492; x_wconf 85' lang='lat'>105.</span> <span class='ocrx_word' id='word_1_38' title='bbox 1158 1437 1240 1492; x_wconf 92' lang='lat' dir='ltr'><strong>Unde</strong></span> <span class='ocrx_word' id='word_1_39' title='bbox 1262 1436 1407 1490; x_wconf 83' lang='lat' dir='ltr'><strong>absolvere</strong></span> <span class='ocrx_word' id='word_1_40' title='bbox 1425 1451 1489 1505; x_wconf 88' lang='lat' dir='ltr'><strong>pos·</strong></span> 
     </span>
     <span class='ocr_line' id='line_1_7' title="bbox 396 1541 1488 1614; baseline -0.003 -17"><span class='ocrx_word' id='word_1_41' title='bbox 396 1549 462 1598; x_wconf 86' lang='lat' dir='ltr'><strong>sunt</strong></span> <span class='ocrx_word' id='word_1_42' title='bbox 479 1543 499 1597; x_wconf 94' lang='lat' dir='ltr'><strong>ii</strong></span> <span class='ocrx_word' id='word_1_43' title='bbox 518 1560 622 1611; x_wconf 83' lang='lat' dir='ltr'><strong>omnes,</strong></span> <span class='ocrx_word' id='word_1_44' title='bbox 641 1545 689 1614; x_wconf 90' lang='lat' dir='ltr'><strong>qui</strong></span> <span class='ocrx_word' id='word_1_45' title='bbox 708 1544 737 1597; x_wconf 91' lang='lat' dir='ltr'><strong>in</strong></span> <span class='ocrx_word' id='word_1_46' title='bbox 758 1547 874 1598; x_wconf 88' lang='lat' dir='ltr'><strong>externo</strong></span> <span class='ocrx_word' id='word_1_47' title='bbox 898 1549 947 1598; x_wconf 82' lang='lat' dir='ltr'><strong>aut</strong></span> <span class='ocrx_word' id='word_1_48' title='bbox 970 1544 999 1598; x_wconf 91' lang='lat' dir='ltr'><strong>in</strong></span> <span class='ocrx_word' id='word_1_49' title='bbox 1023 1545 1135 1600; x_wconf 89' lang='lat' dir='ltr'><strong>interno</strong></span> <span class='ocrx_word' id='word_1_50' title='bbox 1159 1545 1220 1598; x_wconf 83' lang='lat' dir='ltr'><strong>loro</strong></span> <span class='ocrx_word' id='word_1_51' title='bbox 1245 1542 1291 1598; x_wconf 77' lang='lat' dir='ltr'><strong>vel</strong></span> <span class='ocrx_word' id='word_1_52' title='bbox 1321 1541 1488 1596; x_wconf 77' lang='lat' dir='ltr'><strong>ordinariam</strong></span> 
     </span>
     <span class='ocr_line' id='line_1_8' title="bbox 395 1648 1490 1720; baseline -0.005 -13"><span class='ocrx_word' id='word_1_53' title='bbox 395 1650 441 1707; x_wconf 85' lang='lat' dir='ltr'><strong>vel</strong></span> <span class='ocrx_word' id='word_1_54' title='bbox 466 1651 623 1720; x_wconf 84' lang='lat' dir='ltr'><strong>delegatam</strong></span> <span class='ocrx_word' id='word_1_55' title='bbox 641 1650 746 1705; x_wconf 84' lang='lat' dir='ltr'><strong>hebent</strong></span> <span class='ocrx_word' id='word_1_56' title='bbox 771 1649 992 1706; x_wconf 87' lang='lat' dir='ltr'><strong>iurisdietionem</strong></span> <span class='ocrx_word' id='word_1_57' title='bbox 1009 1651 1064 1706; x_wconf 90' lang='lat' dir='ltr'><strong>nisi</strong></span> <span class='ocrx_word' id='word_1_58' title='bbox 1083 1667 1212 1720; x_wconf 82' lang='lat' dir='ltr'><strong>expresse</strong></span> <span class='ocrx_word' id='word_1_59' title='bbox 1233 1648 1435 1720; x_wconf 81' lang='lat' dir='ltr'><strong>prohibeantur</strong></span> <span class='ocrx_word' id='word_1_60' title='bbox 1454 1649 1490 1702; x_wconf 91' lang='lat' dir='ltr'><strong>ob</strong></span> 
     </span>
     <span class='ocr_line' id='line_1_9' title="bbox 396 1756 1490 1828; baseline -0.001 -16"><span class='ocrx_word' id='word_1_61' title='bbox 396 1775 582 1814; x_wconf 65' lang='lat' dir='ltr'><strong>censurarum,</strong></span> <span class='ocrx_word' id='word_1_62' title='bbox 594 1760 828 1825; x_wconf 64' lang='lat' dir='ltr'><strong>reservationem</strong></span> <span class='ocrx_word' id='word_1_63' title='bbox 848 1756 895 1814; x_wconf 85' lang='lat' dir='ltr'><strong>sed</strong></span> <span class='ocrx_word' id='word_1_64' title='bbox 915 1758 1073 1828; x_wconf 84' lang='lat' dir='ltr'><strong>dispensare</strong></span> <span class='ocrx_word' id='word_1_65' title='bbox 1092 1774 1147 1812; x_wconf 90' lang='lat' dir='ltr'><strong>non</strong></span> <span class='ocrx_word' id='word_1_66' title='bbox 1167 1757 1271 1822; x_wconf 84' lang='lat' dir='ltr'><strong>valent,</strong></span> <span class='ocrx_word' id='word_1_67' title='bbox 1287 1757 1340 1810; x_wconf 82' lang='lat' dir='ltr'><strong>nisi</strong></span> <span class='ocrx_word' id='word_1_68' title='bbox 1359 1773 1490 1826; x_wconf 80' lang='lat' dir='ltr'><strong>expresse</strong></span> 
     </span>
     <span class='ocr_line' id='line_1_10' title="bbox 395 1864 1490 1937; baseline -0.006 -13"><span class='ocrx_word' id='word_1_69' title='bbox 395 1867 572 1934; x_wconf 83' lang='lat' dir='ltr'><strong>concedatur,</strong></span> <span class='ocrx_word' id='word_1_70' title='bbox 591 1867 610 1920; x_wconf 91' lang='grc'><strong>11</strong></span> <span class='ocrx_word' id='word_1_71' title='bbox 630 1868 678 1937; x_wconf 90' lang='lat' dir='ltr'><strong>qui</strong></span> <span class='ocrx_word' id='word_1_72' title='bbox 691 1867 762 1936; x_wconf 81' lang='lat' dir='ltr'><strong>legis</strong></span> <span class='ocrx_word' id='word_1_73' title='bbox 785 1864 875 1921; x_wconf 89' lang='lat' dir='ltr'><strong>latore</strong></span> <span class='ocrx_word' id='word_1_74' title='bbox 894 1870 959 1921; x_wconf 87' lang='lat' dir='ltr'><strong>sunt</strong></span> <span class='ocrx_word' id='word_1_75' title='bbox 977 1867 1131 1921; x_wconf 82' lang='lat' dir='ltr'><strong>inferiores.</strong></span> <span class='ocrx_word' id='word_1_76' title='bbox 1149 1895 1187 1908; x_wconf 89' lang='lat'>-</span> <span class='ocrx_word' id='word_1_77' title='bbox 1209 1865 1267 1922; x_wconf 86' lang='lat'>106.</span> <span class='ocrx_word' id='word_1_78' title='bbox 1287 1865 1339 1920; x_wconf 85' lang='lat' dir='ltr'><strong>Sed</strong></span> <span class='ocrx_word' id='word_1_79' title='bbox 1359 1864 1490 1920; x_wconf 82' lang='lat' dir='ltr'><strong>convenit</strong></span> 
     </span>
     <span class='ocr_line' id='line_1_11' title="bbox 395 1970 1490 2043; baseline -0.002 -17"><span class='ocrx_word' id='word_1_80' title='bbox 395 1973 566 2043; x_wconf 83' lang='lat' dir='ltr'><strong>dispensatio</strong></span> <span class='ocrx_word' id='word_1_81' title='bbox 579 1977 608 2027; x_wconf 90' lang='lat' dir='ltr'><strong>et</strong></span> <span class='ocrx_word' id='word_1_82' title='bbox 621 1971 761 2026; x_wconf 85' lang='lat' dir='ltr'><strong>absolutio</strong></span> <span class='ocrx_word' id='word_1_83' title='bbox 780 1972 809 2026; x_wconf 93' lang='lat' dir='ltr'><strong>in</strong></span> <span class='ocrx_word' id='word_1_84' title='bbox 822 1987 864 2037; x_wconf 88' lang='lat' dir='ltr'><strong>eo,</strong></span> <span class='ocrx_word' id='word_1_85' title='bbox 878 1973 943 2042; x_wconf 84' lang='lat' dir='ltr'><strong>quia</strong></span> <span class='ocrx_word' id='word_1_86' title='bbox 956 1971 1069 2026; x_wconf 85' lang='lat' dir='ltr'><strong>concedi</strong></span> <span class='ocrx_word' id='word_1_87' title='bbox 1082 1971 1177 2027; x_wconf 87' lang='lat' dir='ltr'><strong>valent</strong></span> <span class='ocrx_word' id='word_1_88' title='bbox 1195 1970 1240 2026; x_wconf 85' lang='lat' dir='ltr'><strong>rel</strong></span> <span class='ocrx_word' id='word_1_89' title='bbox 1253 1972 1283 2024; x_wconf 89' lang='lat' dir='ltr'><strong>in</strong></span> <span class='ocrx_word' id='word_1_90' title='bbox 1295 1975 1359 2042; x_wconf 85' lang='lat' dir='ltr'><strong>soro</strong></span> <span class='ocrx_word' id='word_1_91' title='bbox 1374 1981 1490 2026; x_wconf 75' lang='lat' dir='ltr'><strong>estense</strong></span> 
     </span>
     <span class='ocr_line' id='line_1_12' title="bbox 393 2078 1490 2151; baseline -0.005 -15"><span class='ocrx_word' id='word_1_92' title='bbox 393 2081 440 2136; x_wconf 89' lang='lat' dir='ltr'><strong>.vel</strong></span> <span class='ocrx_word' id='word_1_93' title='bbox 456 2081 487 2134; x_wconf 78' lang='lat' dir='ltr'><strong>in</strong></span> <span class='ocrx_word' id='word_1_94' title='bbox 506 2082 672 2134; x_wconf 68' lang='grc'><strong>1100100.-</strong></span> <span class='ocrx_word' id='word_1_95' title='bbox 687 2079 745 2134; x_wconf 87' lang='lat'>107.</span> <span class='ocrx_word' id='word_1_96' title='bbox 765 2078 818 2140; x_wconf 84' lang='lat' dir='ltr'><strong>Qui</strong></span> <span class='ocrx_word' id='word_1_97' title='bbox 839 2078 998 2149; x_wconf 81' lang='lat' dir='ltr'><strong>dispensare</strong></span> <span class='ocrx_word' id='word_1_98' title='bbox 1018 2083 1110 2149; x_wconf 88' lang='lat' dir='ltr'><strong>potest</strong></span> <span class='ocrx_word' id='word_1_99' title='bbox 1122 2080 1151 2133; x_wconf 94' lang='lat' dir='ltr'><strong>in</strong></span> <span class='ocrx_word' id='word_1_100' title='bbox 1164 2083 1228 2151; x_wconf 78' lang='lat' dir='ltr'><strong>foro</strong></span> <span class='ocrx_word' id='word_1_101' title='bbox 1241 2083 1352 2134; x_wconf 81' lang='lat' dir='ltr'><strong>intemo</strong></span> <span class='ocrx_word' id='word_1_102' title='bbox 1372 2083 1490 2144; x_wconf 67' lang='lat' dir='ltr'><strong>mnium,</strong></span> 
     </span>
     <span class='ocr_line' id='line_1_13' title="bbox 312 2184 1488 2266; baseline -0.003 -24"><span class='ocrx_word' id='word_1_103' title='bbox 312 2252 316 2266; x_wconf 43' lang='grc'>1</span> <span class='ocrx_word' id='word_1_104' title='bbox 394 2203 450 2242; x_wconf 86' lang='grc'><strong>000</strong></span> <span class='ocrx_word' id='word_1_105' title='bbox 470 2186 561 2242; x_wconf 81' lang='lat' dir='ltr'><strong>valide</strong></span> <span class='ocrx_word' id='word_1_106' title='bbox 574 2186 718 2256; x_wconf 84' lang='lat' dir='ltr'><strong>dispensat</strong></span> <span class='ocrx_word' id='word_1_107' title='bbox 730 2201 780 2256; x_wconf 91' lang='lat' dir='ltr'><strong>pro</strong></span> <span class='ocrx_word' id='word_1_108' title='bbox 792 2190 856 2258; x_wconf 79' lang='lat' dir='ltr'><strong>foro</strong></span> <span class='ocrx_word' id='word_1_109' title='bbox 871 2197 996 2240; x_wconf 69' lang='lat' dir='ltr'><strong>esterno.</strong></span> <span class='ocrx_word' id='word_1_110' title='bbox 1012 2185 1153 2246; x_wconf 88' lang='lat' dir='ltr'><strong>Quomodo</strong></span> <span class='ocrx_word' id='word_1_111' title='bbox 1166 2185 1367 2256; x_wconf 81' lang='lat' dir='ltr'><strong>intelligemus,</strong></span> <span class='ocrx_word' id='word_1_112' title='bbox 1382 2184 1488 2240; x_wconf 80' lang='lat' dir='ltr'><strong>absolvi</strong></span> 
     </span>
     <span class='ocr_line' id='line_1_14' title="bbox 395 2291 1491 2365; baseline -0.002 -17"><span class='ocrx_word' id='word_1_113' title='bbox 395 2299 444 2348; x_wconf 87' lang='lat' dir='ltr'><strong>aut</strong></span> <span class='ocrx_word' id='word_1_114' title='bbox 464 2293 614 2363; x_wconf 85' lang='lat' dir='ltr'><strong>dispensari</strong></span> <span class='ocrx_word' id='word_1_115' title='bbox 638 2297 746 2346; x_wconf 86' lang='lat' dir='ltr'><strong>tanturn</strong></span> <span class='ocrx_word' id='word_1_116' title='bbox 766 2292 856 2364; x_wconf 78' lang='lat' dir='ltr'><strong>quood</strong></span> <span class='ocrx_word' id='word_1_117' title='bbox 882 2297 981 2365; x_wconf 80' lang='lat' dir='ltr'><strong>forum</strong></span> <span class='ocrx_word' id='word_1_118' title='bbox 1004 2295 1154 2348; x_wconf 78' lang='lat' dir='ltr'><strong>internum.</strong></span> <span class='ocrx_word' id='word_1_119' title='bbox 1173 2321 1208 2334; x_wconf 88' lang='lat'>-</span> <span class='ocrx_word' id='word_1_120' title='bbox 1228 2293 1287 2346; x_wconf 84' lang='lat'>108.</span> <span class='ocrx_word' id='word_1_121' title='bbox 1313 2291 1491 2362; x_wconf 86' lang='lat' dir='ltr'><strong>Dispensatio</strong></span> 
     </span>
     <span class='ocr_line' id='line_1_15' title="bbox 397 2398 1491 2470; baseline -0.003 -16"><span class='ocrx_word' id='word_1_122' title='bbox 397 2401 580 2456; x_wconf 87' lang='lat' dir='ltr'><strong>diversimode</strong></span> <span class='ocrx_word' id='word_1_123' title='bbox 600 2400 759 2470; x_wconf 87' lang='lat' dir='ltr'><strong>impertitur</strong></span> <span class='ocrx_word' id='word_1_124' title='bbox 775 2417 808 2454; x_wconf 84' lang='lat' dir='ltr'><strong>ac</strong></span> <span class='ocrx_word' id='word_1_125' title='bbox 825 2400 974 2455; x_wconf 82' lang='lat' dir='ltr'><strong>absolutio.</strong></span> <span class='ocrx_word' id='word_1_126' title='bbox 993 2401 1038 2455; x_wconf 89' lang='lat' dir='ltr'><strong>An</strong></span> <span class='ocrx_word' id='word_1_127' title='bbox 1050 2398 1121 2456; x_wconf 81' lang='lat' dir='ltr'><strong>haee</strong></span> <span class='ocrx_word' id='word_1_128' title='bbox 1138 2401 1244 2456; x_wconf 73' lang='lat' dir='ltr'><strong>absenti</strong></span> <span class='ocrx_word' id='word_1_129' title='bbox 1261 2399 1376 2455; x_wconf 90' lang='lat' dir='ltr'><strong>concedi</strong></span> <span class='ocrx_word' id='word_1_130' title='bbox 1389 2399 1491 2454; x_wconf 82' lang='lat' dir='ltr'><strong>valeat.</strong></span> 
     </span>
    </p>
   </div>
   <div class='ocr_carea' id='block_1_4' title="bbox 301 2649 1493 3482">
    <p class='ocr_par' dir='ltr' id='par_1_4' title="bbox 301 2649 1493 3482">
     <span class='ocr_line' id='line_1_16' title="bbox 395 2649 1492 2736; baseline -0.003 -21"><span class='ocrx_word' id='word_1_131' title='bbox 395 2649 470 2716; x_wconf 87' lang='lat'>103.</span> <span class='ocrx_word' id='word_1_132' title='bbox 496 2650 668 2735; x_wconf 83' lang='lat' dir='ltr'><strong>Explicata</strong></span> <span class='ocrx_word' id='word_1_133' title='bbox 691 2651 843 2736; x_wconf 76' lang='lat' dir='ltr'><strong>generice</strong></span> <span class='ocrx_word' id='word_1_134' title='bbox 866 2651 997 2716; x_wconf 87' lang='lat' dir='ltr'><strong>notione</strong></span> <span class='ocrx_word' id='word_1_135' title='bbox 1019 2654 1088 2714; x_wconf 89' lang='lat' dir='ltr'><strong>tunn</strong></span> <span class='ocrx_word' id='word_1_136' title='bbox 1102 2669 1226 2735; x_wconf 87' lang='lat' dir='ltr'><strong>poenae</strong></span> <span class='ocrx_word' id='word_1_137' title='bbox 1241 2655 1309 2715; x_wconf 90' lang='lat' dir='ltr'><strong>tum</strong></span> <span class='ocrx_word' id='word_1_138' title='bbox 1330 2669 1492 2714; x_wconf 82' lang='lat' dir='ltr'><strong>censurae</strong></span> 
     </span>
     <span class='ocr_line' id='line_1_17' title="bbox 303 2773 1488 2861; baseline -0.002 -21"><span class='ocrx_word' id='word_1_139' title='bbox 303 2779 447 2861; x_wconf 84' lang='lat' dir='ltr'><strong>praestet</strong></span> <span class='ocrx_word' id='word_1_140' title='bbox 463 2774 583 2858; x_wconf 84' lang='lat' dir='ltr'><strong>aliquid</strong></span> <span class='ocrx_word' id='word_1_141' title='bbox 607 2774 716 2840; x_wconf 86' lang='lat' dir='ltr'><strong>dicere</strong></span> <span class='ocrx_word' id='word_1_142' title='bbox 733 2773 773 2838; x_wconf 89' lang='lat' dir='ltr'><strong>de</strong></span> <span class='ocrx_word' id='word_1_143' title='bbox 797 2774 968 2859; x_wconf 88' lang='lat' dir='ltr'><strong>modoque</strong></span> <span class='ocrx_word' id='word_1_144' title='bbox 988 2775 1156 2840; x_wconf 90' lang='lat' dir='ltr'><strong>solvuntur</strong></span> <span class='ocrx_word' id='word_1_145' title='bbox 1175 2775 1306 2841; x_wconf 86' lang='lat' dir='ltr'><strong>vinculo</strong></span> <span class='ocrx_word' id='word_1_146' title='bbox 1328 2775 1488 2860; x_wconf 79' lang='lat' dir='ltr'><strong>poenalia</strong></span> 
     </span>
     <span class='ocr_line' id='line_1_18' title="bbox 304 2887 1490 2986; baseline -0.003 -20"><span class='ocrx_word' id='word_1_147' title='bbox 304 2903 405 2986; x_wconf 85' lang='lat' dir='ltr'><strong>Atqui</strong></span> <span class='ocrx_word' id='word_1_148' title='bbox 419 2899 501 2964; x_wconf 86' lang='lat' dir='ltr'><strong>haee</strong></span> <span class='ocrx_word' id='word_1_149' title='bbox 518 2899 686 2965; x_wconf 87' lang='lat' dir='ltr'><strong>solvuntur</strong></span> <span class='ocrx_word' id='word_1_150' title='bbox 695 2887 750 2963; x_wconf 44' lang='lat' dir='ltr'><strong>wvel</strong></span> <span class='ocrx_word' id='word_1_151' title='bbox 766 2898 974 2967; x_wconf 80' lang='lat' dir='ltr'><strong>absolutione</strong></span> <span class='ocrx_word' id='word_1_152' title='bbox 986 2900 1038 2964; x_wconf 87' lang='lat' dir='ltr'><strong>vel</strong></span> <span class='ocrx_word' id='word_1_153' title='bbox 1055 2899 1319 2982; x_wconf 54' lang='lat' dir='ltr'><strong>dispensatione</strong></span> <span class='ocrx_word' id='word_1_154' title='bbox 1331 2905 1364 2964; x_wconf 90' lang='lat' dir='ltr'><strong>et</strong></span> <span class='ocrx_word' id='word_1_155' title='bbox 1374 2899 1438 2963; x_wconf 87' lang='lat' dir='ltr'><strong>hae</strong></span> <span class='ocrx_word' id='word_1_156' title='bbox 1454 2901 1490 2964; x_wconf 91' lang='lat' dir='ltr'><strong>in</strong></span> 
     </span>
     <span class='ocr_line' id='line_1_19' title="bbox 303 3024 1491 3113; baseline -0.004 -20"><span class='ocrx_word' id='word_1_157' title='bbox 303 3025 448 3113; x_wconf 90' lang='lat' dir='ltr'><strong>pluribus</strong></span> <span class='ocrx_word' id='word_1_158' title='bbox 478 3026 681 3111; x_wconf 83' lang='lat' dir='ltr'><strong>discrepent,</strong></span> <span class='ocrx_word' id='word_1_159' title='bbox 706 3026 903 3091; x_wconf 89' lang='lat' dir='ltr'><strong>conveniunt</strong></span> <span class='ocrx_word' id='word_1_160' title='bbox 927 3027 959 3090; x_wconf 94' lang='lat' dir='ltr'><strong>in</strong></span> <span class='ocrx_word' id='word_1_161' title='bbox 983 3026 1155 3091; x_wconf 87' lang='lat' dir='ltr'><strong>nonnullis.</strong></span> <span class='ocrx_word' id='word_1_162' title='bbox 1188 3024 1249 3091; x_wconf 83' lang='lat' dir='ltr'><strong>(lui</strong></span> <span class='ocrx_word' id='word_1_163' title='bbox 1275 3025 1491 3108; x_wconf 85' lang='lat' dir='ltr'><strong>disquisitioni</strong></span> 
     </span>
     <span class='ocr_line' id='line_1_20' title="bbox 304 3144 1493 3234; baseline 0 -22"><span class='ocrx_word' id='word_1_164' title='bbox 304 3146 522 3234; x_wconf 84' lang='lat' dir='ltr'><strong>expediendae</strong></span> <span class='ocrx_word' id='word_1_165' title='bbox 545 3167 625 3232; x_wconf 85' lang='lat' dir='ltr'><strong>pree</strong></span> <span class='ocrx_word' id='word_1_166' title='bbox 650 3147 751 3212; x_wconf 88' lang='lat' dir='ltr'><strong>oeulis</strong></span> <span class='ocrx_word' id='word_1_167' title='bbox 775 3167 874 3232; x_wconf 90' lang='lat' dir='ltr'><strong>usque</strong></span> <span class='ocrx_word' id='word_1_168' title='bbox 905 3146 1055 3213; x_wconf 85' lang='lat' dir='ltr'><strong>habenda</strong></span> <span class='ocrx_word' id='word_1_169' title='bbox 1078 3153 1126 3213; x_wconf 90' lang='lat' dir='ltr'><strong>est</strong></span> <span class='ocrx_word' id='word_1_170' title='bbox 1149 3144 1279 3212; x_wconf 87' lang='lat' dir='ltr'><strong>diversa</strong></span> <span class='ocrx_word' id='word_1_171' title='bbox 1301 3148 1385 3211; x_wconf 84' lang='lat' dir='ltr'><strong>ratio</strong></span> <span class='ocrx_word' id='word_1_172' title='bbox 1414 3165 1493 3231; x_wconf 88' lang='lat' dir='ltr'><strong>poe-</strong></span> 
     </span>
     <span class='ocr_line' id='line_1_21' title="bbox 301 3269 1492 3358; baseline 0 -21"><span class='ocrx_word' id='word_1_173' title='bbox 301 3291 435 3348; x_wconf 86' lang='lat' dir='ltr'><strong>nerum;</strong></span> <span class='ocrx_word' id='word_1_174' title='bbox 459 3272 609 3336; x_wconf 89' lang='lat' dir='ltr'><strong>nimirum</strong></span> <span class='ocrx_word' id='word_1_175' title='bbox 636 3291 790 3337; x_wconf 86' lang='lat' dir='ltr'><strong>censuras</strong></span> <span class='ocrx_word' id='word_1_176' title='bbox 813 3269 915 3358; x_wconf 83' lang='lat' dir='ltr'><strong>infligi</strong></span> <span class='ocrx_word' id='word_1_177' title='bbox 938 3292 976 3337; x_wconf 89' lang='lat' dir='ltr'><strong>eo</strong></span> <span class='ocrx_word' id='word_1_178' title='bbox 999 3271 1133 3338; x_wconf 86' lang='lat' dir='ltr'><strong>oonsilio</strong></span> <span class='ocrx_word' id='word_1_179' title='bbox 1157 3277 1192 3337; x_wconf 89' lang='lat' dir='ltr'><strong>ut</strong></span> <span class='ocrx_word' id='word_1_180' title='bbox 1215 3290 1292 3336; x_wconf 89' lang='lat' dir='ltr'><strong>reus</strong></span> <span class='ocrx_word' id='word_1_181' title='bbox 1316 3271 1492 3355; x_wconf 82' lang='lat' dir='ltr'><strong>resipiscat</strong></span> 
     </span>
     <span class='ocr_line' id='line_1_22' title="bbox 302 3395 1488 3482; baseline -0.002 -20"><span class='ocrx_word' id='word_1_182' title='bbox 302 3403 335 3462; x_wconf 88' lang='lat' dir='ltr'><strong>et</strong></span> <span class='ocrx_word' id='word_1_183' title='bbox 357 3398 436 3462; x_wconf 88' lang='lat' dir='ltr'><strong>istae</strong></span> <span class='ocrx_word' id='word_1_184' title='bbox 467 3416 529 3480; x_wconf 92' lang='lat' dir='ltr'><strong>quo</strong></span> <span class='ocrx_word' id='word_1_185' title='bbox 560 3397 653 3460; x_wconf 90' lang='lat' dir='ltr'><strong>eitius</strong></span> <span class='ocrx_word' id='word_1_186' title='bbox 684 3395 867 3470; x_wconf 83' lang='lat' dir='ltr'><strong>solventur,</strong></span> <span class='ocrx_word' id='word_1_187' title='bbox 893 3416 911 3460; x_wconf 91' lang='grc'><strong>0</strong></span> <span class='ocrx_word' id='word_1_188' title='bbox 938 3401 1052 3462; x_wconf 84' lang='lat' dir='ltr'><strong>eontra</strong></span> <span class='ocrx_word' id='word_1_189' title='bbox 1082 3415 1203 3482; x_wconf 84' lang='lat' dir='ltr'><strong>poenas</strong></span> <span class='ocrx_word' id='word_1_190' title='bbox 1234 3415 1327 3460; x_wconf 88' lang='lat' dir='ltr'><strong>reum</strong></span> <span class='ocrx_word' id='word_1_191' title='bbox 1356 3399 1488 3468; x_wconf 84' lang='lat' dir='ltr'><strong>tenere,</strong></span> 
     </span>
    </p>
   </div>
   <div class='ocr_carea' id='block_1_5' title="bbox 301 3517 1490 3618">
    <p class='ocr_par' dir='ltr' id='par_1_5' title="bbox 301 3517 1490 3618">
     <span class='ocr_line' id='line_1_23' title="bbox 301 3517 1490 3618; baseline -0.004 -31"><span class='ocrx_word' id='word_1_192' title='bbox 301 3526 413 3608; x_wconf 84' lang='lat' dir='ltr'><strong>suapte</strong></span> <span class='ocrx_word' id='word_1_193' title='bbox 438 3525 569 3618; x_wconf 80' lang='lat' dir='ltr'><strong>nature,</strong></span> <span class='ocrx_word' id='word_1_194' title='bbox 594 3524 649 3584; x_wconf 83' lang='lat' dir='ltr'><strong>eut</strong></span> <span class='ocrx_word' id='word_1_195' title='bbox 676 3521 710 3584; x_wconf 91' lang='grc'><strong>10</strong></span> <span class='ocrx_word' id='word_1_196' title='bbox 741 3526 933 3606; x_wconf 89' lang='lat' dir='ltr'><strong>perpetuum</strong></span> <span class='ocrx_word' id='word_1_197' title='bbox 963 3525 1019 3586; x_wconf 88' lang='lat' dir='ltr'><strong>aut</strong></span> <span class='ocrx_word' id='word_1_198' title='bbox 1049 3522 1082 3586; x_wconf 90' lang='grc'><strong>10</strong></span> <span class='ocrx_word' id='word_1_199' title='bbox 1113 3517 1318 3606; x_wconf 81' lang='lat' dir='ltr'><strong>praefinitum</strong></span> <span class='ocrx_word' id='word_1_200' title='bbox 1349 3523 1490 3604; x_wconf 87' lang='lat' dir='ltr'><strong>tempus.</strong></span> 
     </span>
    </p>
   </div>
   <div class='ocr_carea' id='block_1_6' title="bbox 296 3645 1492 4483">
    <p class='ocr_par' dir='ltr' id='par_1_6' title="bbox 296 3645 1492 4483">
     <span class='ocr_line' id='line_1_24' title="bbox 303 3645 1492 3732; baseline -0.003 -16"><span class='ocrx_word' id='word_1_201' title='bbox 303 3647 394 3716; x_wconf 92' lang='lat' dir='ltr'><strong>Unde</strong></span> <span class='ocrx_word' id='word_1_202' title='bbox 424 3665 582 3713; x_wconf 85' lang='lat' dir='ltr'><strong>censurae</strong></span> <span class='ocrx_word' id='word_1_203' title='bbox 614 3645 822 3729; x_wconf 79' lang='lat' dir='ltr'><strong>expostulant</strong></span> <span class='ocrx_word' id='word_1_204' title='bbox 850 3651 963 3732; x_wconf 86' lang='lat' dir='ltr'><strong>suapte</strong></span> <span class='ocrx_word' id='word_1_205' title='bbox 995 3647 1042 3720; x_wconf 88' lang='lat' dir='ltr'><strong>vi,</strong></span> <span class='ocrx_word' id='word_1_206' title='bbox 1069 3645 1335 3732; x_wconf 62' lang='lat' dir='ltr'><strong>absolutionem</strong></span> <span class='ocrx_word' id='word_1_207' title='bbox 1362 3665 1492 3732; x_wconf 86' lang='lat' dir='ltr'><strong>poenae</strong></span> 
     </span>
     <span class='ocr_line' id='line_1_25' title="bbox 301 3740 1490 3857; baseline 0.001 -20"><span class='ocrx_word' id='word_1_208' title='bbox 301 3749 366 3837; x_wconf 82' lang='lat' dir='ltr'><strong>non</strong></span> <span class='ocrx_word' id='word_1_209' title='bbox 395 3773 571 3856; x_wconf 82' lang='lat' dir='ltr'><strong>exquirunt</strong></span> <span class='ocrx_word' id='word_1_210' title='bbox 601 3770 656 3836; x_wconf 90' lang='lat' dir='ltr'><strong>sed</strong></span> <span class='ocrx_word' id='word_1_211' title='bbox 687 3771 853 3855; x_wconf 89' lang='lat' dir='ltr'><strong>patiuntur</strong></span> <span class='ocrx_word' id='word_1_212' title='bbox 883 3771 1195 3856; x_wconf 61' lang='lat' dir='ltr'><strong>dispensationem</strong></span> <span class='ocrx_word' id='word_1_213' title='bbox 1218 3791 1312 3857; x_wconf 87' lang='lat' dir='ltr'><strong>quem</strong></span> <span class='ocrx_word' id='word_1_214' title='bbox 1344 3740 1384 3838; x_wconf 91' lang='lat' dir='ltr'><strong>ob</strong></span> <span class='ocrx_word' id='word_1_215' title='bbox 1416 3791 1490 3838; x_wconf 88' lang='lat' dir='ltr'><strong>rem</strong></span> 
     </span>
     <span class='ocr_line' id='line_1_26' title="bbox 301 3893 1491 3982; baseline -0.001 -19"><span class='ocrx_word' id='word_1_216' title='bbox 301 3896 464 3964; x_wconf 84' lang='lat' dir='ltr'><strong>absolutio</strong></span> <span class='ocrx_word' id='word_1_217' title='bbox 496 3899 546 3962; x_wconf 92' lang='lat' dir='ltr'><strong>est</strong></span> <span class='ocrx_word' id='word_1_218' title='bbox 575 3893 750 3959; x_wconf 86' lang='lat' dir='ltr'><strong>secundum</strong></span> <span class='ocrx_word' id='word_1_219' title='bbox 782 3895 990 3960; x_wconf 88' lang='lat' dir='ltr'><strong>intentionem</strong></span> <span class='ocrx_word' id='word_1_220' title='bbox 1015 3895 1116 3980; x_wconf 84' lang='lat' dir='ltr'><strong>legis,</strong></span> <span class='ocrx_word' id='word_1_221' title='bbox 1141 3900 1174 3961; x_wconf 90' lang='lat' dir='ltr'><strong>et</strong></span> <span class='ocrx_word' id='word_1_222' title='bbox 1202 3896 1296 3962; x_wconf 80' lang='lat' dir='ltr'><strong>istem</strong></span> <span class='ocrx_word' id='word_1_223' title='bbox 1326 3897 1491 3982; x_wconf 88' lang='lat' dir='ltr'><strong>impertiri</strong></span> 
     </span>
     <span class='ocr_line' id='line_1_27' title="bbox 301 4018 1491 4106; baseline 0.002 -20"><span class='ocrx_word' id='word_1_224' title='bbox 301 4021 469 4105; x_wconf 87' lang='lat' dir='ltr'><strong>competit,</strong></span> <span class='ocrx_word' id='word_1_225' title='bbox 492 4020 545 4084; x_wconf 90' lang='lat' dir='ltr'><strong>vel</strong></span> <span class='ocrx_word' id='word_1_226' title='bbox 568 4020 601 4083; x_wconf 92' lang='lat' dir='ltr'><strong>in</strong></span> <span class='ocrx_word' id='word_1_227' title='bbox 633 4021 761 4084; x_wconf 87' lang='lat' dir='ltr'><strong>interno</strong></span> <span class='ocrx_word' id='word_1_228' title='bbox 785 4018 837 4082; x_wconf 90' lang='lat' dir='ltr'><strong>vel</strong></span> <span class='ocrx_word' id='word_1_229' title='bbox 861 4019 893 4083; x_wconf 91' lang='lat' dir='ltr'><strong>in</strong></span> <span class='ocrx_word' id='word_1_230' title='bbox 925 4025 1064 4086; x_wconf 80' lang='lat' dir='ltr'><strong>externo</strong></span> <span class='ocrx_word' id='word_1_231' title='bbox 1091 4019 1180 4094; x_wconf 81' lang='lat' dir='ltr'><strong>foro,</strong></span> <span class='ocrx_word' id='word_1_232' title='bbox 1206 4022 1322 4106; x_wconf 89' lang='lat' dir='ltr'><strong>cuique</strong></span> <span class='ocrx_word' id='word_1_233' title='bbox 1354 4021 1491 4088; x_wconf 88' lang='lat' dir='ltr'><strong>habenti</strong></span> 
     </span>
     <span class='ocr_line' id='line_1_28' title="bbox 296 4143 1492 4230; baseline 0.003 -18"><span class='ocrx_word' id='word_1_234' title='bbox 296 4150 495 4229; x_wconf 81' lang='lat' dir='ltr'><strong>potestatem</strong></span> <span class='ocrx_word' id='word_1_235' title='bbox 520 4143 749 4209; x_wconf 88' lang='lat' dir='ltr'><strong>iurisdictionis</strong></span> <span class='ocrx_word' id='word_1_236' title='bbox 771 4144 831 4209; x_wconf 90' lang='lat' dir='ltr'><strong>nisi</strong></span> <span class='ocrx_word' id='word_1_237' title='bbox 848 4144 1062 4229; x_wconf 86' lang='lat' dir='ltr'><strong>prohibeatur</strong></span> <span class='ocrx_word' id='word_1_238' title='bbox 1085 4164 1256 4230; x_wconf 83' lang='lat' dir='ltr'><strong>expresse;</strong></span> <span class='ocrx_word' id='word_1_239' title='bbox 1278 4146 1492 4230; x_wconf 74' lang='lat' dir='ltr'><strong>dispensatio</strong></span> 
     </span>
     <span class='ocr_line' id='line_1_29' title="bbox 301 4269 1490 4357; baseline 0.003 -22"><span class='ocrx_word' id='word_1_240' title='bbox 301 4275 407 4335; x_wconf 84' lang='lat' dir='ltr'><strong>autern</strong></span> <span class='ocrx_word' id='word_1_241' title='bbox 443 4275 491 4334; x_wconf 90' lang='lat' dir='ltr'><strong>est</strong></span> <span class='ocrx_word' id='word_1_242' title='bbox 526 4274 641 4334; x_wconf 85' lang='lat' dir='ltr'><strong>contra</strong></span> <span class='ocrx_word' id='word_1_243' title='bbox 676 4269 793 4354; x_wconf 85' lang='lat' dir='ltr'><strong>legem,</strong></span> <span class='ocrx_word' id='word_1_244' title='bbox 830 4271 946 4356; x_wconf 86' lang='lat' dir='ltr'><strong>quippe</strong></span> <span class='ocrx_word' id='word_1_245' title='bbox 981 4271 1086 4357; x_wconf 85' lang='lat' dir='ltr'><strong>legem</strong></span> <span class='ocrx_word' id='word_1_246' title='bbox 1117 4270 1285 4356; x_wconf 87' lang='lat' dir='ltr'><strong>poenalem</strong></span> <span class='ocrx_word' id='word_1_247' title='bbox 1318 4272 1490 4357; x_wconf 82' lang='lat' dir='ltr'><strong>infringit;</strong></span> 
     </span>
     <span class='ocr_line' id='line_1_30' title="bbox 300 4391 1489 4483; baseline 0.002 -23"><span class='ocrx_word' id='word_1_248' title='bbox 300 4393 498 4480; x_wconf 89' lang='lat' dir='ltr'><strong>proindeque</strong></span> <span class='ocrx_word' id='word_1_249' title='bbox 529 4393 723 4478; x_wconf 85' lang='lat' dir='ltr'><strong>dispensatio</strong></span> <span class='ocrx_word' id='word_1_250' title='bbox 754 4391 794 4458; x_wconf 86' lang='lat' dir='ltr'><strong>ab</strong></span> <span class='ocrx_word' id='word_1_251' title='bbox 826 4414 865 4459; x_wconf 90' lang='lat' dir='ltr'><strong>eo</strong></span> <span class='ocrx_word' id='word_1_252' title='bbox 894 4394 998 4470; x_wconf 84' lang='lat' dir='ltr'><strong>detur,</strong></span> <span class='ocrx_word' id='word_1_253' title='bbox 1031 4395 1194 4460; x_wconf 85' lang='lat' dir='ltr'><strong>ordinario</strong></span> <span class='ocrx_word' id='word_1_254' title='bbox 1223 4396 1305 4470; x_wconf 88' lang='lat' dir='ltr'><strong>iure,</strong></span> <span class='ocrx_word' id='word_1_255' title='bbox 1333 4397 1387 4480; x_wconf 89' lang='lat' dir='ltr'><strong>qui</strong></span> <span class='ocrx_word' id='word_1_256' title='bbox 1418 4396 1489 4483; x_wconf 88' lang='lat' dir='ltr'><strong>legi</strong></span> 
     </span>
    </p>
   </div>
   <div class='ocr_carea' id='block_1_7' title="bbox 0 0 1638 5092">
    <p class='ocr_par' dir='ltr' id='par_1_7' title="bbox 0 0 1638 5092">
     <span class='ocr_line' id='line_1_31' title="bbox 0 0 1638 5092; baseline 0 0"><span class='ocrx_word' id='word_1_257' title='bbox 0 0 1638 5092; x_wconf 95' lang='lat' dir='ltr'><strong> </strong></span> 
     </span>
    </p>
   </div>
  </div>
 </body>
</html>
