3074 5122
436 311 480 358 nn
504 311 658 358 nnnrcrrs
682 312 724 358 nr
750 312 866 360 ronurs
1173 292 1234 358 281

61 431 178 496 stricto
200 439 374 498 sommant
390 433 457 498 tato
480 451 592 514 sensu,
610 439 642 498 et
665 435 728 499 hoc
751 433 862 498 sedulo
886 432 1011 499 adverti
1031 432 1135 498 debet.
1153 433 1237 500 Lato

61 555 149 616 enirn
172 571 273 618 sensu
304 555 330 619 si
362 559 530 620 sumantur
560 555 827 640 irregularitates‚
856 561 934 620 tunc
964 555 1238 639 comprehendun-

60 684 118 743 tur
142 680 236 744 etiam
260 680 431 766 omnigena
455 680 682 766 impedimenta
704 699 787 764 quae
810 679 849 744 ab
873 680 1038 745 ordinibus
1064 683 1238 766 suscipien-

60 799 112 866 dis
135 801 187 866 vel
210 803 428 870 exercitandis
451 810 631 886 removent,
659 803 767 889 qualia
796 809 871 869 sunt
892 805 1007 870 aetatis
1030 809 1063 871 et
1085 806 1239 871 scientiae

59 929 227 1007 delectum
258 933 289 996 vi
321 951 457 1017 quorum
489 953 566 998 sane
601 933 715 1017 aliquis
745 931 785 996 ad
816 933 953 1016 primam
988 937 1155 996 tonsuram
1186 933 1238 997 vel

58 1055 101 1120 ad
125 1057 298 1123 interiores
321 1059 451 1124 ordines
474 1061 658 1144 promoveri
682 1063 796 1143 potest,
822 1059 952 1125 iuterim
976 1078 995 1121 a
1019 1059 1238 1144 superioribus

59 1181 251 1266 prohibitus.
277 1185 403 1250 Natura
424 1203 503 1248 vero
526 1187 596 1268 ipsa
618 1184 869 1270 irregularitatis
892 1184 1005 1250 stricto
1035 1190 1067 1249 et
1092 1184 1237 1268 proprio

56 1327 164 1373 sensu
194 1315 338 1395 sumptae
370 1311 489 1395 exigit,
521 1316 556 1377 ut
583 1312 624 1377 sit
650 1311 851 1394 indiuiduo5
882 1311 1072 1396 irregularis
1103 1313 1188 1376 enirn
1219 1331 1239 1374 a

58 1451 156 1496 sacro
172 1434 353 1498 ministerio
368 1442 511 1517 arcetur,
528 1436 611 1520 quod
628 1456 700 1501 curn
717 1440 842 1500 constet
858 1435 1002 1521 pluribus
1018 1434 1169 1520 gradibus
1185 1437 1238 1518 qui

56 1554 103 1619 ab
120 1556 175 1621 illo
191 1556 374 1628 indistincte
391 1564 587 1642 removetur,
604 1579 736 1626 necesse
760 1564 810 1624 est
832 1568 868 1625 ut
890 1579 910 1624 a
928 1579 1127 1644 quacumque
1151 1559 1238 1624 mini·

55 1681 149 1743 sterii
175 1687 268 1766 parte
283 1683 501 1767 prohibeatur.
520 1685 558 1750 In
581 1683 644 1749 hoc
667 1686 812 1750 consistit
830 1685 978 1767 proprio
993 1703 1095 1750 serasar
1114 1686 1237 1770 irregu-

55 1805 174 1873 laritas
197 1826 278 1892 quae
301 1829 321 1874 a
344 1811 415 1874 iure
443 1812 577 1894 positivo
595 1810 723 1876 inducta
739 1816 787 1875 est
811 1831 848 1874 eo
873 1810 1006 1875 consilio
1030 1816 1064 1874 ut
1086 1811 1157 1894 quis
1180 1810 1237 1874 tali

55 1934 213 2000 laborans
236 1937 463 2023 impedimento
486 1957 591 2022 neque
606 1938 771 2003 ordinibus
787 1938 941 2020 initietur,
958 1958 1062 2022 neque
1077 1940 1109 2002 in
1133 1959 1238 2004 susce·

55 2061 122 2144 ptis
146 2062 331 2128 ministrare
354 2063 490 2128 sinatur.

153 2185 225 2249 189.
245 2187 348 2251 Porro
365 2188 601 2272 irregularitas,
614 2192 727 2273 suapte
739 2191 865 2259 natura,
880 2206 976 2271 quum
990 2188 1031 2252 sit
1046 2185 1235 2260 indiuidua,

53 2309 89 2372 in
111 2307 294 2375 definitione
309 2315 439 2396 ponitur
455 2313 554 2398 ipsam
568 2331 737 2377 removere
749 2312 789 2375 ab
802 2310 968 2376 ordinibus
983 2311 1193 2396 suscipiendis
1205 2317 1237 2376 et

48 2453 124 2516 per
139 2453 346 2520 consequens
361 2435 400 2501 ab
414 2439 572 2502 exercitio
586 2440 648 2502 iam
661 2441 896 2522 susceptorum;
913 2436 1041 2519 inquam
1058 2455 1150 2518 «per
1162 2455 1236 2502 cora-

52 2577 204 2643 sequeas
221 2583 238 2624 r
256 2581 330 2625 uam
354 2564 407 2647 qui
422 2563 478 2626 tali
496 2562 622 2627 macula
637 2567 768 2628 notatur
784 2567 892 2646 utpote
907 2563 933 2626 si
950 2560 1090 2625 nondum
1106 2559 1236 2626 ordines

52 2686 263 2771 suscepisset,
287 2687 415 2752 eosdem
442 2687 537 2753 modo
567 2689 732 2773 suscipere
764 2707 828 2751 non
852 2685 994 2768 deberet,
1018 2687 1234 2770 consequitur,

52 2808 205 2874 eumdem
220 2809 386 2894 prohiberi
401 2811 498 2876 etiam
514 2811 554 2877 ab
570 2811 727 2876 exercitio
744 2813 983 2896 susceptorum;
1000 2809 1134 2874 dedecet
1150 2810 1234 2874 enim

52 2933 150 2998 illum
166 2935 351 3000 ministrare
367 2937 399 3012 in
416 2935 567 3022 gradibus
585 2936 798 3002 clericalibus.
813 2927 938 3001 Verum
959 2953 1053 3000 nemo
1069 2955 1132 2998 non
1149 2935 1236 3000 videt

51 3079 209 3144 magnum
233 3063 391 3126 interesse
407 3061 577 3128 discrimen
594 3063 680 3127 inter
703 3061 919 3146 irregularem
941 3079 1005 3125 non
1022 3059 1234 3126 ordinandum

51 3190 92 3249 et
108 3184 323 3270 irregularem
339 3189 400 3251 iam
413 3186 611 3262 ordinatum;
628 3185 908 3272 cumirregularis
925 3185 987 3249 iam
1000 3183 1166 3249 ordinatus
1182 3186 1235 3268 qui

50 3329 123 3374 non
141 3330 182 3374 ex
198 3331 256 3376 sua
278 3311 373 3397 culpa
388 3331 444 3377 seu
461 3331 503 3376 ex
519 3311 648 3377 delectu
663 3311 865 3376 contraxerit
880 3310 1165 3396 irregularitatem,
1187 3314 1234 3375 ut-

50 3441 136 3522 puta
152 3455 193 3500 ex
209 3437 286 3501 vitio
302 3439 458 3523 corporis,
472 3438 499 3502 si
514 3436 661 3502 absolute
676 3436 906 3522 prohiberetur
919 3436 959 3502 ab
976 3439 1061 3503 omni
1078 3438 1235 3504 exercitio

50 3560 207 3626 ordinum
223 3563 255 3628 iu
271 3563 384 3647 quibus
400 3565 496 3628 etiam
518 3562 683 3628 commode
699 3564 885 3629 ministrare
901 3569 1013 3649 potest,
1030 3564 1126 3650 plane
1142 3564 1236 3628 nimis

48 3679 269 3770 affligeretur,
283 3685 409 3770 quando
424 3687 569 3771 aequitas
585 3686 741 3751 naturalis
758 3693 791 3752 et
805 3688 945 3753 maxime
958 3690 1114 3754 canonica
1125 3686 1233 3760 dictat,

48 3809 183 3895 afflicto
206 3809 422 3894 afflictionem
444 3827 515 3876 noa
545 3827 616 3875 esse
646 3809 853 3876 addendum.
878 3811 1007 3876 Exinde
1031 3813 1080 3877 ius
1102 3811 1233 3876 canoni-

47 3955 129 4002 cum
153 3935 272 4008 statuit,
289 3935 323 3998 in
339 3934 501 4000 nonnullis
516 3934 809 4020 irregularitatibus
826 3955 870 4002 ecc
889 3935 1021 4019 defectu
1040 3939 1234 4021 provenien-

46 4061 140 4128 tibus
156 4059 282 4124 cuidam
298 4060 362 4124 iam
379 4059 525 4124 ordinato
541 4060 852 4144 supervenientibus,
867 4060 1092 4145 dispensative
1106 4061 1235 4147 permit·

46 4185 188 4254 tendum
204 4205 274 4251 esse
299 4186 401 4250 eidem
424 4185 600 4270 irregulari
622 4185 745 4270 aliquos
768 4191 859 4254 actus
882 4186 1004 4252 ordinis
1028 4187 1233 4262 ministrare;

47 4312 161 4400 prouti
185 4330 385 4396 exponemus
406 4314 540 4395 agentes
563 4312 596 4378 in
620 4313 728 4396 specie
752 4311 792 4377 de
807 4312 988 4378 huiusmodi
1012 4311 1234 4398 irregularita-

46 4439 147 4507 tibus.
173 4436 237 4503 Sed
271 4435 362 4501 innui
389 4455 406 4496 t
430 4434 698 4519 diastematice»
724 4438 799 4521 quia
829 4437 911 4502 haec
945 4437 1139 4525 dispensatio
1175 4457 1234 4524 pro
