3306 5102
561 353 604 398 uu
628 352 781 398 nemoris
805 353 848 398 ar
871 330 989 400 reuma
1298 335 1364 400 299

191 474 225 534 et
242 470 329 537 hunc
343 471 478 538 laudans
501 474 541 540 cl.
566 473 721 560 Gasparri
740 475 813 556 197,
837 477 912 540 item
928 476 1031 558 docet,
1049 495 1163 562 nempe
1179 477 1364 562 irregulari-

191 597 273 658 tates
292 615 357 660 non
372 597 578 683 multiplicari
594 620 636 665 ex
652 599 776 666 actibus
799 602 832 665 in
855 599 967 666 eodem
984 601 1126 667 subiecto
1150 603 1304 686 repetitis,
1321 603 1365 666 ita

191 723 227 784 ut
249 719 408 787 Sacerdos
431 743 604 809 suspensus
627 725 757 790 Missam
781 727 903 811 pluries
922 725 1092 792 celebrans
1108 746 1204 792 unam
1221 728 1367 792 incurrat

192 845 480 930 irregularitatem
505 850 709 937 multiplicari
725 870 804 915 vero
820 871 863 916 ex
878 851 1002 917 actibus
1017 853 1050 915 in
1070 851 1198 917 diverso
1221 852 1366 918 subiecto

191 971 346 1053 repetitis,
371 991 471 1055 quare
495 973 596 1038 Titius
619 972 729 1038 decem
753 973 899 1039 homiues
922 973 1072 1040 occidens
1092 977 1125 1040 et
1145 973 1256 1040 decem
1276 975 1366 1040 reba·

190 1093 315 1175 ptizans
330 1095 444 1182 viginti
460 1098 600 1163 incurrit
615 1097 885 1183 irregularitates.
905 1099 948 1165 Et
962 1099 1025 1164 hoc
1047 1096 1196 1167 firmatur
1219 1101 1366 1186 exemplo

191 1216 408 1300 impedimenti
431 1217 595 1286 affinitatis
625 1221 708 1305 quod
738 1241 803 1286 non
830 1222 1061 1308 multiplicatur
1086 1243 1129 1288 ex
1152 1224 1268 1310 copula
1292 1244 1365 1290 cum

192 1343 303 1408 eadem
320 1367 459 1432 persona
481 1349 603 1433 pluries
627 1348 745 1422 habita,
763 1348 847 1414 bene
868 1369 947 1414 vero
964 1369 1007 1415 ex
1022 1349 1139 1436 copula
1161 1349 1271 1416 habita
1295 1369 1367 1415 cum

191 1469 327 1536 diversis
353 1475 507 1558 personis.
539 1509 555 1524 ·
586 1474 647 1540 Sed
675 1475 758 1540 haec
783 1481 984 1561 argumenta.
1012 1475 1103 1540 salva
1125 1477 1311 1542 reverentia
1335 1477 1366 1539 in

191 1595 233 1659 cl.
247 1597 416 1679 ductores,
432 1617 497 1662 non
520 1597 724 1683 persuadent,
742 1601 817 1683 quia
836 1619 934 1664 causa
957 1597 1103 1684 afficiens
1122 1598 1368 1684 irregulatitatis

191 1737 238 1784 ecc
263 1721 382 1789 delicto
410 1743 475 1789 non
498 1729 546 1788 est
569 1723 753 1790 subiectam
780 1725 814 1788 in
837 1723 921 1808 quod
948 1723 1033 1788 cadit
1062 1729 1154 1790 actus
1184 1723 1239 1788 sed
1263 1725 1364 1809 ipsum

191 1843 350 1910 delictum
374 1845 457 1928 quod
474 1847 576 1930 repeti
591 1851 696 1932 potest
718 1847 751 1910 in
775 1845 858 1911 idem
882 1845 1069 1910 subiectum.
1088 1845 1155 1910 Nec
1170 1845 1258 1910 valet
1280 1865 1366 1910 com-

191 1971 327 2052 paratio‚
349 1991 422 2035 nam
439 1969 698 2058 impedimentum
715 1969 878 2037 affinitatis
894 1971 1038 2038 consistit
1053 1971 1085 2035 in
1102 1971 1260 2038 relatione
1283 1972 1369 2035 inter

193 2094 271 2161 duas
295 2117 465 2182 personas;
489 2103 522 2164 et
544 2097 658 2164 relatio
682 2097 859 2164 desumitur
875 2105 908 2164 et
922 2099 1155 2182 multiplicatur
1169 2118 1213 2163 ex
1227 2100 1368 2162 termino

192 2239 250 2285 seu
276 2241 318 2286 ex
345 2221 490 2289 subiecto
514 2221 658 2308 copulae,
683 2222 764 2289 adeo
788 2228 823 2288 ut
845 2223 960 2308 copula
982 2223 1140 2307 producat
1162 2220 1367 2298 affinitatem

193 2343 248 2408 sed
272 2345 355 2410 haec
378 2365 441 2410 non
465 2351 570 2430 potest
593 2346 798 2432 multiplicari
822 2347 884 2412 nisi
906 2347 1033 2411 varient
1058 2345 1203 2414 subiecta
1226 2366 1283 2410 seu
1305 2350 1368 2410 ter·

193 2470 273 2533 mini
288 2469 384 2535 huius
396 2471 573 2538 relationis
588 2468 643 2556 (l).
662 2471 762 2545 Alias,
779 2490 888 2555 cupra
902 2493 935 2536 a.
949 2471 1026 2544 180,
1044 2469 1242 2536 advertimus
1258 2489 1368 2554 quam-

192 2595 332 2660 maxime
351 2595 471 2662 distnre
487 2597 526 2662 ab
542 2597 776 2683 impedimentis
800 2597 1087 2662 matrimonialibus
1110 2597 1368 2682 irregularitates

192 2721 391 2804 potissimum
415 2740 460 2788 ea
483 2723 612 2797 delicto,
629 2724 745 2808 quippe
769 2741 852 2806 quae
874 2721 1012 2787 suntad
1036 2722 1139 2787 instar
1157 2722 1369 2806 gravissimae

192 2867 317 2932 poenae
340 2854 372 2913 et
394 2849 471 2914 hinc
493 2849 603 2935 plures
634 2850 847 2914 incurrantur
877 2846 1018 2914 eiusdem
1049 2847 1168 2932 speciei
1191 2845 1231 2911 ab
1255 2844 1365 2910 eodem

193 2974 346 3049 subiecto,
371 2995 435 3040 uon
459 2996 552 3043 secus
575 2995 614 3042 ac
636 2977 747 3062 plures
770 2994 927 3042 censurae
948 2975 967 3038 l.
985 2979 1068 3039 scat.
1086 2971 1226 3037 eiusdem
1250 2972 1368 3055 speciei

192 3099 233 3163 ab
257 3120 322 3164 uuo
346 3101 476 3164 homine
500 3101 624 3166 incurri
649 3105 792 3186 possunt.

285 3955 325 4025 (l)
344 3955 453 4022 Suarez,
475 3955 511 4020 X,
531 3953 562 4008 L.
583 3953 712 4020 11,1‚2,
735 3958 830 4008 tuetur
852 3954 1019 4010 sententiam
1044 3967 1127 4022 quam
1153 3965 1203 4002 nos
1221 3948 1370 4014 tenuimus,

194 4076 244 4116 seu
263 4061 443 4131 multiplicari
461 4060 693 4130 irregularium,
714 4077 762 4130 pro
783 4077 896 4116 numero
915 4059 1086 4114 delictorum.
1106 4057 1174 4111 ltem
1194 4053 1304 4108 videtur
1321 4052 1370 4106 alo·

194 4186 260 4225 aere
278 4169 446 4239 Scbmclzgr.
461 4172 479 4223 l.
493 4189 516 4224 a.
527 4187 555 4222 η.
569 4171 632 4224 122.
652 4169 840 4224 Nihilominus
857 4170 923 4240 quia
935 4167 1074 4222 sententia
1086 4165 1227 4222 contraria
1245 4169 1288 4220 est
1307 4181 1371 4235 pro-

197 4273 306 4342 babilis,
319 4275 381 4346 quis
393 4279 490 4344 petens
502 4274 734 4343 dispensationem
747 4291 802 4328 uon
815 4273 957 4343 obligatur
972 4275 1072 4341 utputa
1089 4269 1229 4339 explicare
1247 4268 1372 4338 singulas

198 4381 273 4435 vices
290 4383 391 4452 quibus
409 4381 562 4436 celebravit
579 4398 735 4451 suspensus,
754 4380 800 4435 sed
819 4379 888 4434 satis
906 4382 949 4434 est
967 4378 990 4432 si
1008 4373 1083 4432 dicut
1100 4393 1129 4431 se
1148 4375 1303 4430 celebrasse
1322 4392 1371 4428 eu-

198 4502 335 4555 spensum.
355 4487 395 4542 (li.
415 4486 441 4541 S.
462 4485 603 4556 Alpheus,
630 4486 692 4552 Vll,
710 4487 785 4540 353.
804 4484 944 4554 Gasparri,
963 4501 1006 4556 op.
1027 4485 1070 4538 αἰ,
1089 4483 1154 4536 213.
