3312 5108
288 267 332 332 76
820 289 903 338 rans
927 289 949 338 1.

285 386 353 472 tum
377 407 532 474 facinoris
555 413 710 492 patrator,
736 416 768 476 et
791 411 876 475 alter
898 416 1003 496 potest
1026 413 1059 475 in
1084 411 1165 476 haec
1185 410 1302 476 delicta
1318 412 1371 476 vel
1388 431 1468 476 con·

285 533 390 597 silium
413 533 466 596 vel
489 534 643 598 auxilinm
668 539 701 599 et
724 555 816 619 opem
833 543 1018 622 praestare;
1043 537 1099 602 sed
1116 537 1246 602 minime
1262 536 1467 602 ratihabitio·

285 677 369 724 nem.
383 693 428 706 --
444 659 482 722 ln
498 659 568 724 aliis
584 659 678 725 lactis
694 680 776 744 quae
794 662 921 726 nomine
937 663 1044 727 alieno
1060 662 1172 746 peragi
1189 668 1330 746 possunt,
1348 664 1467 746 quippe

284 780 431 846 mandari
456 789 587 866 possunt
610 789 642 848 et
665 781 776 868 perfici
801 785 838 848 in
854 785 1034 850 utilitatem
1057 785 1265 858 mandantis,
1290 783 1390 850 veluti
1406 785 1467 850 ho-

286 905 464 978 micidium,
493 905 691 987 incendium,
715 908 896 972 alienarum
921 927 1030 972 rerum
1062 909 1301 992 surreptiones,
1334 907 1466 972 ratiha-

286 1030 363 1096 bitio
385 1029 456 1094 dari
480 1035 591 1114 potest,
610 1031 778 1096 dummodo
801 1038 910 1096 tamen
938 1037 1042 1096 ratum
1067 1031 1189 1096 habens
1213 1031 1367 1098 delictum
1394 1051 1467 1116 per·

286 1161 416 1237 patrare
448 1155 602 1238 potuisset
625 1174 663 1218 eo
686 1160 833 1240 tempore
863 1175 925 1238 quo
952 1155 1124 1219 admissum
1156 1155 1233 1231 tuit;
1260 1163 1356 1240 atque
1387 1157 1465 1222 illud

286 1297 351 1344 non
375 1278 542 1343 dumtaxat
568 1285 695 1364 gratum
719 1280 869 1346 habuerit
896 1281 948 1344 vel
976 1280 1167 1360 laudaverit,
1192 1280 1249 1346 sed
1273 1281 1461 1366 probaverit

286 1407 400 1484 utpote
425 1401 555 1484 factam
578 1403 716 1470 acaciae
738 1423 810 1470 ruo.
842 1404 889 1470 cf.
916 1403 1045 1484 Suarez,
1074 1403 1124 1470 De
1156 1401 1314 1470 Caesaris
1338 1403 1381 1468 D.
1408 1405 1464 1470 21.

287 1525 372 1594 Sect.
396 1527 431 1592 2.
456 1546 489 1592 a.
513 1528 563 1592 27
587 1533 620 1595 et
643 1529 673 1595 S.
699 1530 893 1614 Alphonsus,
928 1529 1001 1603 Vll,
1025 1529 1109 1596 267.

285 1793 307 1876 ἕ
329 1792 396 1858 5.·
414 1792 464 1858 De
487 1793 684 1860 criminibus
708 1813 796 1878 quae
817 1793 958 1860 subsunt
983 1793 1225 1877 competentiae
1248 1794 1417 1860 Ecclesiae
1433 1800 1468 1860 et

375 1918 417 1984 de
439 1917 510 2001 fori
528 1916 709 2004 priuilegio
733 1917 848 2002 quoad
874 1917 1030 1983 Clericos.

285 2123 501 2180 summarium.
515 2153 549 2165 -
568 2124 612 2178 tl.
631 2123 701 2178 Sunt
725 2125 865 2178 obiectum
891 2125 1095 2193 competentiae
1120 2123 1246 2192 poenalis
1269 2122 1412 2178 Ecclesiae
1430 2139 1465 2176 ea

374 2235 492 2288 crimina
509 2251 581 2304 qnae
600 2235 659 2288 eius
677 2235 782 2289 directe
798 2233 912 2288 laedunt
925 2233 1049 2287 ordinem
1062 2233 1201 2287 socialem.
1215 2261 1250 2276 -·
1264 2234 1305 2286 45.
1321 2231 1384 2286 Alia
1399 2235 1466 2286 suat

375 2341 492 2394 crimina
509 2343 592 2394 mi'xtt
619 2345 677 2412 fort
701 2358 771 2410 quae
793 2342 899 2394 directe
918 2345 948 2392 at
967 2341 1016 2392 sub
1036 2341 1149 2392 diuerso
1175 2348 1290 2409 aspecta
1316 2343 1464 2408 utramque

373 2449 536 2502 societatem
555 2449 677 2501 turbant.
691 2475 724 2488 -
738 2447 781 2501 lo.
795 2427 895 2502 Clerici
916 2449 1047 2500 fruuntur
1066 2446 1215 2516 privilegio
1234 2446 1286 2500 tori
1306 2445 1396 2516 quoad
1410 2447 1463 2499 cri·

374 2557 450 2609 mina
463 2573 539 2626 pure
559 2557 662 2609 cicilia.

374 2772 438 2850 44,
453 2769 619 2835 Hactenus
650 2769 856 2836 disseruimus
884 2769 924 2834 de
948 2773 1163 2854 competentia
1193 2770 1360 2835 Ecclesiae
1392 2789 1467 2854 poe-¹

284 2895 360 2968 nali,
385 2894 479 2959 etde
507 2895 650 2958 criminis
673 2895 816 2968 notione;
841 2893 934 2958 modo
965 2891 1192 2978 explicandum
1223 2898 1273 2958 est
1304 2911 1464 2976 quaenam

284 3019 348 3084 sint
371 3019 508 3084 crimina
531 3017 616 3082 illius
640 3017 778 3082 obnoxia
801 3016 1045 3100 competentiae,
1069 3017 1221 3080 nimirum
1245 3015 1405 3100 quodnam
1421 3019 1464 3081 sit

284 3147 508 3224 inconcreta,
533 3142 693 3208 obiectum
715 3143 880 3227 potestatis
904 3142 1072 3207 Ecclesiae
1095 3141 1247 3225 poenalis.

375 3263 564 3331 Huiusmodi
595 3265 731 3328 crimina
761 3268 834 3328 sunt
866 3283 947 3348 quae
978 3261 1145 3327 Ecclesiae
1173 3261 1307 3328 laedunt
1337 3263 1463 3328 directe

283 3393 430 3458 ordinem
459 3390 623 3463 socialem,
655 3392 771 3475 quippe
798 3389 938 3456 admissa
961 3393 1076 3454 contra
1099 3389 1311 3474 Religionem,
1337 3389 1460 3471 Fidem,

283 3538 400 3603 resque
415 3517 540 3582 divinas
556 3523 588 3582 et
603 3537 723 3583 sacras.
741 3519 807 3582 Ista
825 3523 899 3582 sunt
920 3517 1102 3600 apostasia,
1122 3515 1279 3588 haeresis,
1301 3516 1461 3589 schisma,

283 3644 440 3724 simonia,
453 3643 654 3727 profanatio
672 3643 984 3716 Sacrameatorum‚
1001 3642 1126 3724 fractio
1143 3642 1245 3727 sigilli
1259 3641 1462 3709 Sacramen-

284 3767 369 3842 talis,
395 3767 529 3833 omissio
555 3765 732 3832 Parabalia
758 3767 1015 3832 Coramuaionts
1031 3772 1063 3831 et
1080 3768 1112 3830 in
1136 3767 1334 3840 universum,
1359 3767 1460 3832 viola-

281 3891 385 3956 tiones
408 3891 490 3976 legis
513 3891 751 3956 ecclesiasticae
767 3889 990 3976 disciplinaris.
1009 3891 1100 3956 Haec
1117 3891 1335 3956 essentialiter
1350 3889 1461 3985 distin·

191 4017 194 4028 '
281 4020 424 4101 guantur
440 4036 459 4080 a
474 4014 662 4081 criminibus
677 4017 764 4080 civili
779 4016 925 4082 societati
946 4014 1096 4092 subiectis
1113 4019 1222 4100 utpote
1238 4033 1321 4098 quae
1337 4014 1462 4081 directe

281 4139 414 4205 laedunt
437 4139 564 4205 civilem
585 4139 825 4225 rempublicam,
850 4147 883 4207 at
907 4140 1112 4206 nihilominus
1128 4140 1168 4205 ad
1184 4139 1364 4206 Ecclesiam
1381 4160 1462 4225 quo·

284 4285 345 4350 que
368 4268 541 4351 pertinent,
567 4285 631 4330 non
654 4271 778 4332 tantum
802 4269 834 4331 in
858 4267 930 4332 loro
954 4267 1182 4352 poenitentiali,
1208 4265 1265 4330 sed
1293 4269 1389 4332 etiam
1421 4267 1462 4332 ad

283 4389 389 4453 forum
414 4395 586 4457 externum
609 4388 671 4454 sub
693 4390 826 4458 ratione
845 4392 985 4474 peccati,
1008 4410 1066 4455 seu
1089 4389 1261 4464 indirecte,
1287 4410 1356 4477 arg.
1382 4411 1458 4476 cap.
