<?xml version="1.0" encoding="UTF-8"?>
<!DOCTYPE html PUBLIC "-//W3C//DTD XHTML 1.0 Transitional//EN"
    "http://www.w3.org/TR/xhtml1/DTD/xhtml1-transitional.dtd">
<html xmlns="http://www.w3.org/1999/xhtml" xml:lang="en" lang="en">
 <head>
  <title>
</title>
<meta http-equiv="Content-Type" content="text/html;charset=utf-8" />
  <meta name='ocr-system' content='tesseract 3.04.00' />
  <meta name='ocr-capabilities' content='ocr_page ocr_carea ocr_par ocr_line ocrx_word'/>
</head>
<body>
  <div class='ocr_page' id='page_1' title='image "./praelectionesin02legagoog_0045.png"; bbox 0 0 3312 5108; ppageno 0'>
   <div class='ocr_carea' id='block_1_1' title="bbox 863 142 867 172">
    <p class='ocr_par' dir='ltr' id='par_1_1' title="bbox 863 142 867 172">
     <span class='ocr_line' id='line_1_1' title="bbox 863 142 867 172; baseline 0 0"><span class='ocrx_word' id='word_1_1' title='bbox 863 142 867 172; x_wconf 89' lang='lat' dir='ltr'>l</span> 
     </span>
    </p>
   </div>
   <div class='ocr_carea' id='block_1_2' title="bbox 252 227 946 338">
    <p class='ocr_par' dir='ltr' id='par_1_2' title="bbox 252 227 946 338">
     <span class='ocr_line' id='line_1_2' title="bbox 252 227 946 338; baseline 0.001 -15"><span class='ocrx_word' id='word_1_2' title='bbox 252 227 253 235; x_wconf 8' lang='grc' dir='ltr'>ἵ</span> <span class='ocrx_word' id='word_1_3' title='bbox 296 259 339 324; x_wconf 86' lang='grc'>40</span> <span class='ocrx_word' id='word_1_4' title='bbox 816 279 900 328; x_wconf 75' lang='lat' dir='ltr'>uass</span> <span class='ocrx_word' id='word_1_5' title='bbox 925 279 946 338; x_wconf 71' lang='lat' dir='ltr'>r.</span> 
     </span>
    </p>
   </div>
   <div class='ocr_carea' id='block_1_3' title="bbox 293 401 1477 744">
    <p class='ocr_par' dir='ltr' id='par_1_3' title="bbox 293 401 1477 744">
     <span class='ocr_line' id='line_1_3' title="bbox 294 401 1474 488; baseline 0.002 -22"><span class='ocrx_word' id='word_1_6' title='bbox 294 404 399 478; x_wconf 84' lang='lat' dir='ltr'>ciunt,</span> <span class='ocrx_word' id='word_1_7' title='bbox 416 403 499 468; x_wconf 87' lang='lat' dir='ltr'>eliae</span> <span class='ocrx_word' id='word_1_8' title='bbox 522 421 625 488; x_wconf 83' lang='lat' dir='ltr'>aeque</span> <span class='ocrx_word' id='word_1_9' title='bbox 647 401 791 468; x_wconf 80' lang='lat' dir='ltr'>afficiunt</span> <span class='ocrx_word' id='word_1_10' title='bbox 815 408 848 469; x_wconf 87' lang='lat' dir='ltr'>et</span> <span class='ocrx_word' id='word_1_11' title='bbox 871 404 1067 469; x_wconf 86' lang='lat' dir='ltr'>voluntatem</span> <span class='ocrx_word' id='word_1_12' title='bbox 1092 408 1126 468; x_wconf 88' lang='lat' dir='ltr'>et</span> <span class='ocrx_word' id='word_1_13' title='bbox 1149 404 1357 477; x_wconf 88' lang='lat' dir='ltr'>intellectum,</span> <span class='ocrx_word' id='word_1_14' title='bbox 1374 405 1474 470; x_wconf 84' lang='lat' dir='ltr'>veluti</span> 
     </span>
     <span class='ocr_line' id='line_1_4' title="bbox 293 527 1475 604; baseline 0.003 -12"><span class='ocrx_word' id='word_1_15' title='bbox 293 527 439 594; x_wconf 85' lang='lat' dir='ltr'>delectus</span> <span class='ocrx_word' id='word_1_16' title='bbox 461 531 585 604; x_wconf 81' lang='lat' dir='ltr'>aetatis,</span> <span class='ocrx_word' id='word_1_17' title='bbox 602 531 752 602; x_wconf 76' lang='lat' dir='ltr'>amentia,</span> <span class='ocrx_word' id='word_1_18' title='bbox 772 536 805 596; x_wconf 89' lang='lat' dir='ltr'>et</span> <span class='ocrx_word' id='word_1_19' title='bbox 828 532 860 595; x_wconf 95' lang='lat' dir='ltr'>in</span> <span class='ocrx_word' id='word_1_20' title='bbox 885 532 1071 596; x_wconf 87' lang='lat' dir='ltr'>universum</span> <span class='ocrx_word' id='word_1_21' title='bbox 1095 527 1282 598; x_wconf 83' lang='lat' dir='ltr'>affectiones</span> <span class='ocrx_word' id='word_1_22' title='bbox 1298 551 1355 596; x_wconf 92' lang='lat' dir='ltr'>seu</span> <span class='ocrx_word' id='word_1_23' title='bbox 1371 530 1475 596; x_wconf 82' lang='lat' dir='ltr'>morbi</span> 
     </span>
     <span class='ocr_line' id='line_1_5' title="bbox 295 653 1477 744; baseline 0.003 -26"><span class='ocrx_word' id='word_1_24' title='bbox 295 655 348 737; x_wconf 94' lang='lat' dir='ltr'>qui</span> <span class='ocrx_word' id='word_1_25' title='bbox 371 653 525 718; x_wconf 80' lang='lat' dir='ltr'>auferunt</span> <span class='ocrx_word' id='word_1_26' title='bbox 548 660 604 720; x_wconf 81' lang='lat' dir='ltr'>aut</span> <span class='ocrx_word' id='word_1_27' title='bbox 626 660 820 744; x_wconf 69' lang='lat' dir='ltr'>peruertunt</span> <span class='ocrx_word' id='word_1_28' title='bbox 842 675 1019 740; x_wconf 78' lang='lat' dir='ltr'>congruam</span> <span class='ocrx_word' id='word_1_29' title='bbox 1044 675 1154 720; x_wconf 88' lang='lat' dir='ltr'>rerum</span> <span class='ocrx_word' id='word_1_30' title='bbox 1178 656 1418 743; x_wconf 76' lang='lat' dir='ltr'>perceptionem</span> <span class='ocrx_word' id='word_1_31' title='bbox 1443 659 1477 722; x_wconf 89' lang='lat' dir='ltr'>et</span> 
     </span>
    </p>
   </div>
   <div class='ocr_carea' id='block_1_4' title="bbox 295 797 1477 1239">
    <p class='ocr_par' dir='ltr' id='par_1_4' title="bbox 295 797 1477 1239">
     <span class='ocr_line' id='line_1_6' title="bbox 295 797 1477 884; baseline 0.002 -22"><span class='ocrx_word' id='word_1_32' title='bbox 295 799 540 884; x_wconf 79' lang='lat' dir='ltr'>appetitionem3</span> <span class='ocrx_word' id='word_1_33' title='bbox 564 798 658 878; x_wconf 81' lang='lat' dir='ltr'>aliae,</span> <span class='ocrx_word' id='word_1_34' title='bbox 682 803 794 883; x_wconf 85' lang='lat' dir='ltr'>suapte</span> <span class='ocrx_word' id='word_1_35' title='bbox 817 805 944 872; x_wconf 85' lang='lat' dir='ltr'>natura,</span> <span class='ocrx_word' id='word_1_36' title='bbox 961 797 1106 865; x_wconf 85' lang='lat' dir='ltr'>efficiunt</span> <span class='ocrx_word' id='word_1_37' title='bbox 1128 798 1335 879; x_wconf 82' lang='lat' dir='ltr'>voluntatem,</span> <span class='ocrx_word' id='word_1_38' title='bbox 1354 805 1385 863; x_wconf 86' lang='lat' dir='ltr'>et</span> <span class='ocrx_word' id='word_1_39' title='bbox 1401 805 1477 864; x_wconf 89' lang='lat' dir='ltr'>sunt</span> 
     </span>
     <span class='ocr_line' id='line_1_7' title="bbox 295 919 1475 1008; baseline 0.002 -22"><span class='ocrx_word' id='word_1_40' title='bbox 295 922 364 996; x_wconf 59' lang='lat' dir='ltr'>uis„</span> <span class='ocrx_word' id='word_1_41' title='bbox 378 927 492 993; x_wconf 84' lang='lat' dir='ltr'>melus,</span> <span class='ocrx_word' id='word_1_42' title='bbox 517 942 578 986; x_wconf 90' lang='lat' dir='ltr'>neo</span> <span class='ocrx_word' id='word_1_43' title='bbox 601 942 665 986; x_wconf 91' lang='lat' dir='ltr'>non</span> <span class='ocrx_word' id='word_1_44' title='bbox 689 927 797 987; x_wconf 83' lang='lat' dir='ltr'>aestus</span> <span class='ocrx_word' id='word_1_45' title='bbox 820 924 1022 988; x_wconf 87' lang='lat' dir='ltr'>internarum</span> <span class='ocrx_word' id='word_1_46' title='bbox 1046 919 1252 988; x_wconf 85' lang='lat' dir='ltr'>affectionum</span> <span class='ocrx_word' id='word_1_47' title='bbox 1275 942 1331 987; x_wconf 89' lang='lat' dir='ltr'>seu</span> <span class='ocrx_word' id='word_1_48' title='bbox 1353 922 1475 1008; x_wconf 86' lang='lat' dir='ltr'>eupidi-</span> 
     </span>
     <span class='ocr_line' id='line_1_8' title="bbox 296 1047 1472 1132; baseline 0.001 -21"><span class='ocrx_word' id='word_1_49' title='bbox 296 1051 415 1123; x_wconf 85' lang='lat' dir='ltr'>tatum;</span> <span class='ocrx_word' id='word_1_50' title='bbox 440 1047 525 1112; x_wconf 83' lang='lat' dir='ltr'>aliae</span> <span class='ocrx_word' id='word_1_51' title='bbox 555 1047 685 1112; x_wconf 91' lang='lat' dir='ltr'>demum</span> <span class='ocrx_word' id='word_1_52' title='bbox 709 1047 909 1114; x_wconf 83' lang='lat' dir='ltr'>intellectum</span> <span class='ocrx_word' id='word_1_53' title='bbox 925 1049 1099 1132; x_wconf 81' lang='lat' dir='ltr'>attingunt,</span> <span class='ocrx_word' id='word_1_54' title='bbox 1126 1053 1158 1112; x_wconf 89' lang='lat' dir='ltr'>el</span> <span class='ocrx_word' id='word_1_55' title='bbox 1180 1053 1256 1112; x_wconf 87' lang='lat' dir='ltr'>suut</span> <span class='ocrx_word' id='word_1_56' title='bbox 1281 1049 1472 1132; x_wconf 80' lang='lat' dir='ltr'>ignorantia,</span> 
     </span>
     <span class='ocr_line' id='line_1_9' title="bbox 297 1180 458 1239; baseline 0 -2"><span class='ocrx_word' id='word_1_57' title='bbox 297 1180 330 1239; x_wconf 83' lang='lat' dir='ltr'>et</span> <span class='ocrx_word' id='word_1_58' title='bbox 352 1193 458 1239; x_wconf 83' lang='lat' dir='ltr'>error.</span> 
     </span>
    </p>
   </div>
   <div class='ocr_carea' id='block_1_5' title="bbox 386 1295 1481 1418">
    <p class='ocr_par' dir='ltr' id='par_1_5' title="bbox 386 1295 1481 1418">
     <span class='ocr_line' id='line_1_10' title="bbox 386 1295 1481 1418; baseline -0.001 -56"><span class='ocrx_word' id='word_1_59' title='bbox 386 1297 440 1362; x_wconf 80' lang='lat'>28.</span> <span class='ocrx_word' id='word_1_60' title='bbox 465 1297 642 1418; x_wconf 63' lang='lat' dir='ltr'>Quis</span> <span class='ocrx_word' id='word_1_61' title='bbox 669 1295 872 1382; x_wconf 86' lang='lat' dir='ltr'>dispiciamus</span> <span class='ocrx_word' id='word_1_62' title='bbox 904 1296 1060 1382; x_wconf 91' lang='lat' dir='ltr'>quomodo</span> <span class='ocrx_word' id='word_1_63' title='bbox 1083 1297 1122 1361; x_wconf 82' lang='lat' dir='ltr'>in</span> <span class='ocrx_word' id='word_1_64' title='bbox 1153 1297 1229 1362; x_wconf 82' lang='lat' dir='ltr'>iure</span> <span class='ocrx_word' id='word_1_65' title='bbox 1260 1316 1334 1362; x_wconf 81' lang='lat' dir='ltr'>ean.</span> <span class='ocrx_word' id='word_1_66' title='bbox 1360 1297 1481 1362; x_wconf 73' lang='lat' dir='ltr'>aelatus</span> 
     </span>
    </p>
   </div>
   <div class='ocr_carea' id='block_1_6' title="bbox 297 1400 1485 2378">
    <p class='ocr_par' dir='ltr' id='par_1_6' title="bbox 297 1400 1485 2378">
     <span class='ocr_line' id='line_1_11' title="bbox 298 1400 1481 1506; baseline -0.003 -19"><span class='ocrx_word' id='word_1_67' title='bbox 298 1421 445 1488; x_wconf 78' lang='lat' dir='ltr'>aoladilio</span> <span class='ocrx_word' id='word_1_68' title='bbox 475 1413 643 1488; x_wconf 61' lang='lat' dir='ltr'>aestimate</span> <span class='ocrx_word' id='word_1_69' title='bbox 661 1417 774 1487; x_wconf 61' lang='lat' dir='ltr'>“fuerit</span> <span class='ocrx_word' id='word_1_70' title='bbox 804 1421 888 1506; x_wconf 90' lang='lat' dir='ltr'>quod</span> <span class='ocrx_word' id='word_1_71' title='bbox 915 1421 955 1486; x_wconf 85' lang='lat' dir='ltr'>ad</span> <span class='ocrx_word' id='word_1_72' title='bbox 987 1400 1154 1506; x_wconf 81' lang='lat' dir='ltr'>poenalem</span> <span class='ocrx_word' id='word_1_73' title='bbox 1182 1427 1273 1486; x_wconf 85' lang='lat' dir='ltr'>notus</span> <span class='ocrx_word' id='word_1_74' title='bbox 1300 1421 1481 1506; x_wconf 86' lang='lat' dir='ltr'>imputatio·</span> 
     </span>
     <span class='ocr_line' id='line_1_12' title="bbox 297 1542 1478 1629; baseline 0 -21"><span class='ocrx_word' id='word_1_75' title='bbox 297 1564 383 1608; x_wconf 88' lang='lat' dir='ltr'>uem.</span> <span class='ocrx_word' id='word_1_76' title='bbox 409 1579 426 1592; x_wconf 94' lang='lat'><em>-</em></span> <span class='ocrx_word' id='word_1_77' title='bbox 452 1547 490 1610; x_wconf 92' lang='lat' dir='ltr'>ln</span> <span class='ocrx_word' id='word_1_78' title='bbox 515 1545 641 1609; x_wconf 86' lang='lat' dir='ltr'>Decret.</span> <span class='ocrx_word' id='word_1_79' title='bbox 666 1543 738 1610; x_wconf 85' lang='lat' dir='ltr'>Lib.</span> <span class='ocrx_word' id='word_1_80' title='bbox 773 1545 807 1618; x_wconf 87' lang='lat' dir='ltr'>V,</span> <span class='ocrx_word' id='word_1_81' title='bbox 824 1545 865 1614; x_wconf 82' lang='lat' dir='ltr'>X,</span> <span class='ocrx_word' id='word_1_82' title='bbox 891 1542 1005 1611; x_wconf 83' lang='lat' dir='ltr'>titulus</span> <span class='ocrx_word' id='word_1_83' title='bbox 1028 1543 1088 1616; x_wconf 81' lang='lat'>23,</span> <span class='ocrx_word' id='word_1_84' title='bbox 1107 1544 1245 1608; x_wconf 86' lang='lat' dir='ltr'>babetur</span> <span class='ocrx_word' id='word_1_85' title='bbox 1268 1545 1442 1629; x_wconf 84' lang='lat' dir='ltr'>inscriptus</span> <span class='ocrx_word' id='word_1_86' title='bbox 1461 1580 1478 1593; x_wconf 95' lang='lat'>-</span> 
     </span>
     <span class='ocr_line' id='line_1_13' title="bbox 299 1669 1481 1755; baseline -0.001 -20"><span class='ocrx_word' id='word_1_87' title='bbox 299 1670 349 1736; x_wconf 90' lang='lat' dir='ltr'>De</span> <span class='ocrx_word' id='word_1_88' title='bbox 365 1669 494 1736; x_wconf 80' lang='lat' dir='ltr'>delictis</span> <span class='ocrx_word' id='word_1_89' title='bbox 507 1690 700 1753; x_wconf 83' lang='lat' dir='ltr'>puerorum</span> <span class='ocrx_word' id='word_1_90' title='bbox 726 1706 743 1719; x_wconf 94' lang='lat'>-</span> <span class='ocrx_word' id='word_1_91' title='bbox 769 1677 803 1736; x_wconf 85' lang='lat' dir='ltr'>et</span> <span class='ocrx_word' id='word_1_92' title='bbox 826 1671 857 1734; x_wconf 91' lang='lat' dir='ltr'>in</span> <span class='ocrx_word' id='word_1_93' title='bbox 874 1689 948 1752; x_wconf 82' lang='lat' dir='ltr'>cap.</span> <span class='ocrx_word' id='word_1_94' title='bbox 965 1670 992 1734; x_wconf 78' lang='lat'><em>2</em></span> <span class='ocrx_word' id='word_1_95' title='bbox 1007 1671 1060 1736; x_wconf 86' lang='lat' dir='ltr'>cil.</span> <span class='ocrx_word' id='word_1_96' title='bbox 1082 1669 1127 1734; x_wconf 86' lang='lat' dir='ltr'>lit.</span> <span class='ocrx_word' id='word_1_97' title='bbox 1147 1671 1339 1736; x_wconf 84' lang='lat' dir='ltr'>enuncietur</span> <span class='ocrx_word' id='word_1_98' title='bbox 1358 1671 1481 1755; x_wconf 83' lang='lat' dir='ltr'>prinoi-</span> 
     </span>
     <span class='ocr_line' id='line_1_14' title="bbox 299 1773 1482 1879; baseline 0.003 -24"><span class='ocrx_word' id='word_1_99' title='bbox 299 1773 385 1878; x_wconf 89' lang='lat' dir='ltr'>pium</span> <span class='ocrx_word' id='word_1_100' title='bbox 409 1815 427 1855; x_wconf 75' lang='lat' dir='ltr'>o</span> <span class='ocrx_word' id='word_1_101' title='bbox 450 1793 543 1859; x_wconf 82' lang='lat' dir='ltr'><em>Unde</em></span> <span class='ocrx_word' id='word_1_102' title='bbox 566 1793 729 1878; x_wconf 82' lang='lat' dir='ltr'>quoniam</span> <span class='ocrx_word' id='word_1_103' title='bbox 746 1795 919 1876; x_wconf 76' lang='lat' dir='ltr'>tepueris</span> <span class='ocrx_word' id='word_1_104' title='bbox 941 1794 1090 1879; x_wconf 80' lang='lat' dir='ltr'>relinqui</span> <span class='ocrx_word' id='word_1_105' title='bbox 1112 1795 1197 1860; x_wconf 84' lang='lat' dir='ltr'>solet</span> <span class='ocrx_word' id='word_1_106' title='bbox 1217 1791 1365 1858; x_wconf 79' lang='lat' dir='ltr'>inultam</span> <span class='ocrx_word' id='word_1_107' title='bbox 1389 1793 1482 1878; x_wconf 79' lang='lat' dir='ltr'>quod</span> 
     </span>
     <span class='ocr_line' id='line_1_15' title="bbox 299 1899 1483 2003; baseline 0 -22"><span class='ocrx_word' id='word_1_108' title='bbox 299 1918 338 1982; x_wconf 83' lang='lat' dir='ltr'>ia</span> <span class='ocrx_word' id='word_1_109' title='bbox 360 1917 437 1982; x_wconf 84' lang='lat' dir='ltr'>aliis</span> <span class='ocrx_word' id='word_1_110' title='bbox 461 1918 689 2000; x_wconf 80' lang='lat' dir='ltr'>provectioris</span> <span class='ocrx_word' id='word_1_111' title='bbox 716 1899 837 1984; x_wconf 76' lang='lat' dir='ltr'>aelatis&#39;</span> <span class='ocrx_word' id='word_1_112' title='bbox 870 1918 1041 1984; x_wconf 78' lang='lat' dir='ltr'><strong><em>humanae</em></strong></span> <span class='ocrx_word' id='word_1_113' title='bbox 1072 1919 1161 2003; x_wconf 76' lang='lat' dir='ltr'>lepee</span> <span class='ocrx_word' id='word_1_114' title='bbox 1185 1917 1301 1983; x_wconf 81' lang='lat' dir='ltr'>dieunt</span> <span class='ocrx_word' id='word_1_115' title='bbox 1332 1917 1483 1984; x_wconf 82' lang='lat' dir='ltr'>seuerius</span> 
     </span>
     <span class='ocr_line' id='line_1_16' title="bbox 301 2043 1482 2130; baseline 0 -22"><span class='ocrx_word' id='word_1_116' title='bbox 301 2044 565 2130; x_wconf 61' lang='lat' dir='ltr'>semiperactum</span> <span class='ocrx_word' id='word_1_117' title='bbox 596 2046 805 2110; x_wconf 76' lang='lat' dir='ltr'><strong><em>mandamus</em></strong></span> <span class='ocrx_word' id='word_1_118' title='bbox 835 2049 1003 2130; x_wconf 82' lang='lat' dir='ltr'>quatenus</span> <span class='ocrx_word' id='word_1_119' title='bbox 1033 2043 1219 2110; x_wconf 81' lang='lat' dir='ltr'>constiterit</span> <span class='ocrx_word' id='word_1_120' title='bbox 1241 2044 1350 2130; x_wconf 78' lang='lat' dir='ltr'>filiam</span> <span class='ocrx_word' id='word_1_121' title='bbox 1376 2061 1482 2126; x_wconf 84' lang='lat' dir='ltr'>prae·</span> 
     </span>
     <span class='ocr_line' id='line_1_17' title="bbox 302 2167 1485 2242; baseline 0.003 -11"><span class='ocrx_word' id='word_1_122' title='bbox 302 2167 382 2232; x_wconf 84' lang='lat' dir='ltr'>dieti</span> <span class='ocrx_word' id='word_1_123' title='bbox 398 2167 441 2232; x_wconf 90' lang='lat' dir='ltr'>H.</span> <span class='ocrx_word' id='word_1_124' title='bbox 459 2169 552 2234; x_wconf 80' lang='lat' dir='ltr'>intra</span> <span class='ocrx_word' id='word_1_125' title='bbox 574 2170 616 2232; x_wconf 78' lang='lat'>14</span> <span class='ocrx_word' id='word_1_126' title='bbox 633 2168 753 2234; x_wconf 83' lang='lat' dir='ltr'>aetatis</span> <span class='ocrx_word' id='word_1_127' title='bbox 768 2187 851 2234; x_wconf 85' lang='lat' dir='ltr'>suae</span> <span class='ocrx_word' id='word_1_128' title='bbox 867 2187 1010 2242; x_wconf 80' lang='lat' dir='ltr'>aenum,</span> <span class='ocrx_word' id='word_1_129' title='bbox 1028 2169 1186 2234; x_wconf 85' lang='lat' dir='ltr'>eamdem</span> <span class='ocrx_word' id='word_1_130' title='bbox 1202 2187 1378 2234; x_wconf 80' lang='lat' dir='ltr'>eoncessum</span> <span class='ocrx_word' id='word_1_131' title='bbox 1398 2187 1485 2234; x_wconf 82' lang='lat' dir='ltr'>eom·</span> 
     </span>
     <span class='ocr_line' id='line_1_18' title="bbox 302 2290 1483 2378; baseline -0.003 -22"><span class='ocrx_word' id='word_1_132' title='bbox 302 2291 529 2357; x_wconf 74' lang='lat' dir='ltr'>mississe...»</span> <span class='ocrx_word' id='word_1_133' title='bbox 556 2291 618 2358; x_wconf 87' lang='lat' dir='ltr'>Sed</span> <span class='ocrx_word' id='word_1_134' title='bbox 642 2292 705 2357; x_wconf 87' lang='lat' dir='ltr'>hoo</span> <span class='ocrx_word' id='word_1_135' title='bbox 727 2293 921 2378; x_wconf 86' lang='lat' dir='ltr'>principium</span> <span class='ocrx_word' id='word_1_136' title='bbox 944 2293 1131 2378; x_wconf 79' lang='lat' dir='ltr'>generalem</span> <span class='ocrx_word' id='word_1_137' title='bbox 1155 2292 1298 2356; x_wconf 85' lang='lat' dir='ltr'>continet</span> <span class='ocrx_word' id='word_1_138' title='bbox 1325 2290 1483 2376; x_wconf 81' lang='lat' dir='ltr'>regulam,</span> 
     </span>
    </p>
   </div>
   <div class='ocr_carea' id='block_1_7' title="bbox 302 2413 1486 2605">
    <p class='ocr_par' dir='ltr' id='par_1_7' title="bbox 302 2413 1486 2605">
     <span class='ocr_line' id='line_1_19' title="bbox 303 2413 1486 2502; baseline -0.001 -23"><span class='ocrx_word' id='word_1_139' title='bbox 303 2435 396 2497; x_wconf 88' lang='lat' dir='ltr'>quam</span> <span class='ocrx_word' id='word_1_140' title='bbox 421 2436 481 2501; x_wconf 87' lang='lat' dir='ltr'>pro</span> <span class='ocrx_word' id='word_1_141' title='bbox 503 2417 603 2481; x_wconf 82' lang='lat' dir='ltr'>variis</span> <span class='ocrx_word' id='word_1_142' title='bbox 627 2415 818 2482; x_wconf 85' lang='lat' dir='ltr'>delictorum</span> <span class='ocrx_word' id='word_1_143' title='bbox 843 2423 875 2481; x_wconf 89' lang='lat' dir='ltr'>et</span> <span class='ocrx_word' id='word_1_144' title='bbox 898 2436 1074 2502; x_wconf 82' lang='lat' dir='ltr'>poenarum</span> <span class='ocrx_word' id='word_1_145' title='bbox 1098 2415 1275 2502; x_wconf 81' lang='lat' dir='ltr'>speciebus,</span> <span class='ocrx_word' id='word_1_146' title='bbox 1294 2413 1424 2500; x_wconf 84' lang='lat' dir='ltr'>expedit</span> <span class='ocrx_word' id='word_1_147' title='bbox 1440 2415 1486 2479; x_wconf 93' lang='lat' dir='ltr'>ul·</span> 
     </span>
     <span class='ocr_line' id='line_1_20' title="bbox 302 2537 608 2605; baseline 0 -3"><span class='ocrx_word' id='word_1_148' title='bbox 302 2539 404 2602; x_wconf 88' lang='lat' dir='ltr'>terius</span> <span class='ocrx_word' id='word_1_149' title='bbox 427 2537 608 2605; x_wconf 84' lang='lat' dir='ltr'>declarare.</span> 
     </span>
    </p>
   </div>
   <div class='ocr_carea' id='block_1_8' title="bbox 304 2646 1493 4120">
    <p class='ocr_par' dir='ltr' id='par_1_8' title="bbox 304 2646 1493 4120">
     <span class='ocr_line' id='line_1_21' title="bbox 366 2646 1486 2745; baseline 0.001 -21"><span class='ocrx_word' id='word_1_150' title='bbox 366 2646 368 2656; x_wconf 72' lang='grc'><strong>’</strong></span> <span class='ocrx_word' id='word_1_151' title='bbox 395 2659 426 2744; x_wconf 92' lang='lat' dir='ltr'>l)</span> <span class='ocrx_word' id='word_1_152' title='bbox 450 2661 502 2724; x_wconf 83' lang='lat' dir='ltr'>Ex</span> <span class='ocrx_word' id='word_1_153' title='bbox 524 2661 596 2725; x_wconf 83' lang='lat' dir='ltr'>iure</span> <span class='ocrx_word' id='word_1_154' title='bbox 620 2661 756 2745; x_wconf 86' lang='lat' dir='ltr'>positivo</span> <span class='ocrx_word' id='word_1_155' title='bbox 779 2679 861 2735; x_wconf 82' lang='lat' dir='ltr'>can..</span> <span class='ocrx_word' id='word_1_156' title='bbox 879 2661 994 2726; x_wconf 86' lang='lat' dir='ltr'>aetatis</span> <span class='ocrx_word' id='word_1_157' title='bbox 1009 2661 1072 2724; x_wconf 90' lang='lat' dir='ltr'>duo</span> <span class='ocrx_word' id='word_1_158' title='bbox 1089 2661 1231 2745; x_wconf 84' lang='lat' dir='ltr'>supremi</span> <span class='ocrx_word' id='word_1_159' title='bbox 1248 2660 1378 2725; x_wconf 82' lang='lat' dir='ltr'>termini</span> <span class='ocrx_word' id='word_1_160' title='bbox 1395 2665 1486 2725; x_wconf 87' lang='lat' dir='ltr'>sunl:</span> 
     </span>
     <span class='ocr_line' id='line_1_22' title="bbox 304 2785 1489 2870; baseline 0 -21"><span class='ocrx_word' id='word_1_161' title='bbox 304 2785 404 2852; x_wconf 85' lang='lat' dir='ltr'>Aetas</span> <span class='ocrx_word' id='word_1_162' title='bbox 427 2785 543 2852; x_wconf 83' lang='lat' dir='ltr'>minor</span> <span class='ocrx_word' id='word_1_163' title='bbox 566 2791 738 2870; x_wconf 88' lang='lat' dir='ltr'>estusque</span> <span class='ocrx_word' id='word_1_164' title='bbox 761 2787 801 2850; x_wconf 88' lang='lat' dir='ltr'>ad</span> <span class='ocrx_word' id='word_1_165' title='bbox 825 2785 868 2851; x_wconf 82' lang='lat'>25</span> <span class='ocrx_word' id='word_1_166' title='bbox 892 2788 1006 2852; x_wconf 82' lang='lat' dir='ltr'>aetatis</span> <span class='ocrx_word' id='word_1_167' title='bbox 1029 2804 1167 2862; x_wconf 85' lang='lat' dir='ltr'>annum;</span> <span class='ocrx_word' id='word_1_168' title='bbox 1191 2786 1294 2850; x_wconf 86' lang='lat' dir='ltr'>maior</span> <span class='ocrx_word' id='word_1_169' title='bbox 1317 2805 1337 2850; x_wconf 80' lang='lat' dir='ltr'>a</span> <span class='ocrx_word' id='word_1_170' title='bbox 1360 2785 1404 2852; x_wconf 77' lang='lat'>25</span> <span class='ocrx_word' id='word_1_171' title='bbox 1436 2804 1489 2850; x_wconf 83' lang='lat' dir='ltr'>ee-</span> 
     </span>
     <span class='ocr_line' id='line_1_23' title="bbox 304 2909 1487 2984; baseline -0.003 -8"><span class='ocrx_word' id='word_1_172' title='bbox 304 2912 379 2976; x_wconf 78' lang='lat' dir='ltr'>tatis</span> <span class='ocrx_word' id='word_1_173' title='bbox 402 2931 497 2976; x_wconf 86' lang='lat' dir='ltr'>anuo.</span> <span class='ocrx_word' id='word_1_174' title='bbox 530 2913 722 2980; x_wconf 83' lang='lat' dir='ltr'>luminari</span> <span class='ocrx_word' id='word_1_175' title='bbox 751 2916 858 2979; x_wconf 82' lang='lat' dir='ltr'>aetate</span> <span class='ocrx_word' id='word_1_176' title='bbox 889 2913 944 2976; x_wconf 87' lang='lat' dir='ltr'>alii</span> <span class='ocrx_word' id='word_1_177' title='bbox 977 2915 1185 2978; x_wconf 86' lang='lat' dir='ltr'>continentur</span> <span class='ocrx_word' id='word_1_178' title='bbox 1212 2909 1308 2976; x_wconf 88' lang='lat' dir='ltr'>medii</span> <span class='ocrx_word' id='word_1_179' title='bbox 1338 2910 1487 2984; x_wconf 86' lang='lat' dir='ltr'>termini;</span> 
     </span>
     <span class='ocr_line' id='line_1_24' title="bbox 305 3035 1489 3121; baseline 0.001 -23"><span class='ocrx_word' id='word_1_180' title='bbox 305 3055 422 3120; x_wconf 86' lang='lat' dir='ltr'>nempe</span> <span class='ocrx_word' id='word_1_181' title='bbox 437 3036 596 3120; x_wconf 77' lang='lat' dir='ltr'>infantia,</span> <span class='ocrx_word' id='word_1_182' title='bbox 609 3057 692 3120; x_wconf 83' lang='lat' dir='ltr'>quae</span> <span class='ocrx_word' id='word_1_183' title='bbox 705 3038 823 3104; x_wconf 90' lang='lat' dir='ltr'>desinit</span> <span class='ocrx_word' id='word_1_184' title='bbox 834 3037 875 3103; x_wconf 86' lang='lat' dir='ltr'>ad</span> <span class='ocrx_word' id='word_1_185' title='bbox 888 3038 910 3102; x_wconf 85' lang='lat'><strong>7</strong></span> <span class='ocrx_word' id='word_1_186' title='bbox 923 3057 1054 3118; x_wconf 82' lang='lat' dir='ltr'>annum,</span> <span class='ocrx_word' id='word_1_187' title='bbox 1072 3037 1276 3119; x_wconf 83' lang='lat' dir='ltr'>completum</span> <span class='ocrx_word' id='word_1_188' title='bbox 1294 3037 1327 3099; x_wconf 92' lang='lat' dir='ltr'>in</span> <span class='ocrx_word' id='word_1_189' title='bbox 1348 3035 1489 3121; x_wconf 81' lang='lat' dir='ltr'>poenali-</span> 
     </span>
     <span class='ocr_line' id='line_1_25' title="bbox 306 3159 1489 3244; baseline -0.001 -20"><span class='ocrx_word' id='word_1_190' title='bbox 306 3159 365 3225; x_wconf 90' lang='lat' dir='ltr'>bus</span> <span class='ocrx_word' id='word_1_191' title='bbox 381 3181 439 3226; x_wconf 89' lang='lat' dir='ltr'>seu</span> <span class='ocrx_word' id='word_1_192' title='bbox 453 3161 486 3226; x_wconf 92' lang='lat' dir='ltr'>in</span> <span class='ocrx_word' id='word_1_193' title='bbox 502 3162 633 3234; x_wconf 87' lang='lat' dir='ltr'>odiosis,</span> <span class='ocrx_word' id='word_1_194' title='bbox 646 3162 841 3244; x_wconf 81' lang='lat' dir='ltr'>incoeplwm</span> <span class='ocrx_word' id='word_1_195' title='bbox 851 3163 883 3225; x_wconf 92' lang='lat' dir='ltr'>in</span> <span class='ocrx_word' id='word_1_196' title='bbox 903 3161 1151 3238; x_wconf 81' lang='lat' dir='ltr'>favorabilibus3</span> <span class='ocrx_word' id='word_1_197' title='bbox 1165 3159 1384 3244; x_wconf 78' lang='lat' dir='ltr'>impuberlas,</span> <span class='ocrx_word' id='word_1_198' title='bbox 1406 3177 1489 3242; x_wconf 86' lang='lat' dir='ltr'>quae</span> 
     </span>
     <span class='ocr_line' id='line_1_26' title="bbox 306 3281 1488 3371; baseline -0.004 -21"><span class='ocrx_word' id='word_1_199' title='bbox 306 3290 339 3350; x_wconf 91' lang='lat' dir='ltr'>in</span> <span class='ocrx_word' id='word_1_200' title='bbox 367 3287 518 3351; x_wconf 87' lang='lat' dir='ltr'>masculis</span> <span class='ocrx_word' id='word_1_201' title='bbox 545 3287 608 3367; x_wconf 81' lang='lat'><strong>14⁰,</strong></span> <span class='ocrx_word' id='word_1_202' title='bbox 633 3287 666 3349; x_wconf 91' lang='lat' dir='ltr'>in</span> <span class='ocrx_word' id='word_1_203' title='bbox 689 3285 840 3351; x_wconf 88' lang='lat' dir='ltr'>foeminis</span> <span class='ocrx_word' id='word_1_204' title='bbox 866 3284 918 3350; x_wconf 82' lang='lat'>12⁰</span> <span class='ocrx_word' id='word_1_205' title='bbox 939 3287 1055 3351; x_wconf 85' lang='lat' dir='ltr'>aetatis</span> <span class='ocrx_word' id='word_1_206' title='bbox 1078 3303 1164 3350; x_wconf 86' lang='lat' dir='ltr'>anno</span> <span class='ocrx_word' id='word_1_207' title='bbox 1188 3281 1300 3348; x_wconf 85' lang='lat' dir='ltr'>finitur</span> <span class='ocrx_word' id='word_1_208' title='bbox 1330 3284 1488 3371; x_wconf 82' lang='lat' dir='ltr'>incoepto,</span> 
     </span>
     <span class='ocr_line' id='line_1_27' title="bbox 307 3403 1490 3496; baseline -0.007 -20"><span class='ocrx_word' id='word_1_209' title='bbox 307 3415 342 3476; x_wconf 86' lang='lat' dir='ltr'>ut</span> <span class='ocrx_word' id='word_1_210' title='bbox 365 3411 555 3496; x_wconf 88' lang='lat' dir='ltr'>plurimum;</span> <span class='ocrx_word' id='word_1_211' title='bbox 580 3410 715 3495; x_wconf 84' lang='lat' dir='ltr'>posthac</span> <span class='ocrx_word' id='word_1_212' title='bbox 737 3409 877 3474; x_wconf 84' lang='lat' dir='ltr'>babetur</span> <span class='ocrx_word' id='word_1_213' title='bbox 904 3409 1057 3495; x_wconf 79' lang='lat' dir='ltr'>pubertas</span> <span class='ocrx_word' id='word_1_214' title='bbox 1081 3405 1144 3494; x_wconf 84' lang='lat' dir='ltr'>(l);</span> <span class='ocrx_word' id='word_1_215' title='bbox 1169 3406 1225 3471; x_wconf 90' lang='lat' dir='ltr'>sed</span> <span class='ocrx_word' id='word_1_216' title='bbox 1249 3409 1281 3471; x_wconf 91' lang='lat' dir='ltr'>in</span> <span class='ocrx_word' id='word_1_217' title='bbox 1305 3425 1343 3471; x_wconf 81' lang='lat' dir='ltr'>re</span> <span class='ocrx_word' id='word_1_218' title='bbox 1373 3403 1490 3475; x_wconf 67' lang='lat' dir='ltr'>elmi-</span> 
     </span>
     <span class='ocr_line' id='line_1_28' title="bbox 307 3530 1490 3619; baseline -0.007 -19"><span class='ocrx_word' id='word_1_219' title='bbox 307 3536 381 3600; x_wconf 83' lang='lat' dir='ltr'>aali</span> <span class='ocrx_word' id='word_1_220' title='bbox 395 3541 461 3600; x_wconf 90' lang='lat' dir='ltr'>tum</span> <span class='ocrx_word' id='word_1_221' title='bbox 479 3533 581 3619; x_wconf 83' lang='lat' dir='ltr'>quoad</span> <span class='ocrx_word' id='word_1_222' title='bbox 599 3535 759 3598; x_wconf 85' lang='lat' dir='ltr'>masculos</span> <span class='ocrx_word' id='word_1_223' title='bbox 773 3540 841 3600; x_wconf 88' lang='lat' dir='ltr'>tum</span> <span class='ocrx_word' id='word_1_224' title='bbox 861 3533 964 3617; x_wconf 82' lang='lat' dir='ltr'>quoad</span> <span class='ocrx_word' id='word_1_225' title='bbox 989 3533 1145 3597; x_wconf 85' lang='lat' dir='ltr'>foeminas</span> <span class='ocrx_word' id='word_1_226' title='bbox 1168 3530 1321 3616; x_wconf 84' lang='lat' dir='ltr'>pubertas</span> <span class='ocrx_word' id='word_1_227' title='bbox 1337 3534 1490 3594; x_wconf 86' lang='lat' dir='ltr'>censetur</span> 
     </span>
     <span class='ocr_line' id='line_1_29' title="bbox 308 3654 1488 3743; baseline -0.008 -17"><span class='ocrx_word' id='word_1_228' title='bbox 308 3681 393 3726; x_wconf 87' lang='lat' dir='ltr'>anno</span> <span class='ocrx_word' id='word_1_229' title='bbox 416 3666 532 3726; x_wconf 83' lang='lat' dir='ltr'>exacto</span> <span class='ocrx_word' id='word_1_230' title='bbox 556 3660 812 3743; x_wconf 86' lang='lat' dir='ltr'>decimoquarto;</span> <span class='ocrx_word' id='word_1_231' title='bbox 838 3659 879 3724; x_wconf 85' lang='lat' dir='ltr'>os.</span> <span class='ocrx_word' id='word_1_232' title='bbox 905 3655 1196 3738; x_wconf 65' lang='lat' dir='ltr'>metuendumne</span> <span class='ocrx_word' id='word_1_233' title='bbox 1219 3654 1347 3721; x_wconf 70' lang='lat' dir='ltr'>delictis</span> <span class='ocrx_word' id='word_1_234' title='bbox 1359 3669 1488 3736; x_wconf 79' lang='lat' dir='ltr'>puero·</span> 
     </span>
     <span class='ocr_line' id='line_1_30' title="bbox 306 3781 1491 3869; baseline -0.007 -18"><span class='ocrx_word' id='word_1_235' title='bbox 306 3805 385 3851; x_wconf 78' lang='lat' dir='ltr'>ram</span> <span class='ocrx_word' id='word_1_236' title='bbox 411 3805 445 3850; x_wconf 82' lang='lat' dir='ltr'>n.</span> <span class='ocrx_word' id='word_1_237' title='bbox 469 3787 503 3852; x_wconf 85' lang='lat'>5.</span> <span class='ocrx_word' id='word_1_238' title='bbox 528 3785 591 3852; x_wconf 90' lang='lat' dir='ltr'>Sed</span> <span class='ocrx_word' id='word_1_239' title='bbox 613 3787 700 3850; x_wconf 85' lang='lat' dir='ltr'>intra</span> <span class='ocrx_word' id='word_1_240' title='bbox 724 3783 803 3850; x_wconf 92' lang='lat' dir='ltr'>duos</span> <span class='ocrx_word' id='word_1_241' title='bbox 825 3784 981 3849; x_wconf 85' lang='lat' dir='ltr'>terminos</span> <span class='ocrx_word' id='word_1_242' title='bbox 1013 3783 1163 3869; x_wconf 82' lang='lat' dir='ltr'>expletae</span> <span class='ocrx_word' id='word_1_243' title='bbox 1185 3781 1355 3862; x_wconf 78' lang='lat' dir='ltr'>infantiae</span> <span class='ocrx_word' id='word_1_244' title='bbox 1378 3786 1412 3844; x_wconf 87' lang='lat' dir='ltr'>et</span> <span class='ocrx_word' id='word_1_245' title='bbox 1427 3798 1491 3863; x_wconf 84' lang='lat' dir='ltr'>pa-</span> 
     </span>
     <span class='ocr_line' id='line_1_31' title="bbox 310 3903 1492 3994; baseline -0.012 -14"><span class='ocrx_word' id='word_1_246' title='bbox 310 3912 457 3986; x_wconf 74' lang='lat' dir='ltr'>lerlatls,</span> <span class='ocrx_word' id='word_1_247' title='bbox 475 3912 527 3994; x_wconf 93' lang='lat' dir='ltr'>qui</span> <span class='ocrx_word' id='word_1_248' title='bbox 552 3908 649 3975; x_wconf 91' lang='lat' dir='ltr'>medii</span> <span class='ocrx_word' id='word_1_249' title='bbox 674 3913 759 3988; x_wconf 85' lang='lat' dir='ltr'>sunt,</span> <span class='ocrx_word' id='word_1_250' title='bbox 776 3906 927 3973; x_wconf 85' lang='lat' dir='ltr'>dicuntur</span> <span class='ocrx_word' id='word_1_251' title='bbox 944 3908 996 3971; x_wconf 89' lang='lat' dir='ltr'>vel</span> <span class='ocrx_word' id='word_1_252' title='bbox 1012 3905 1195 3991; x_wconf 86' lang='lat' dir='ltr'>impuberes</span> <span class='ocrx_word' id='word_1_253' title='bbox 1218 3903 1387 3987; x_wconf 74' lang='lat' dir='ltr'>infamiae</span> <span class='ocrx_word' id='word_1_254' title='bbox 1405 3919 1492 3984; x_wconf 80' lang='lat' dir='ltr'>pro·</span> 
     </span>
     <span class='ocr_line' id='line_1_32' title="bbox 308 4025 1493 4120; baseline -0.014 -14"><span class='ocrx_word' id='word_1_255' title='bbox 308 4037 408 4112; x_wconf 71' lang='lat' dir='ltr'>aiom,</span> <span class='ocrx_word' id='word_1_256' title='bbox 433 4036 485 4102; x_wconf 79' lang='lat' dir='ltr'>rel</span> <span class='ocrx_word' id='word_1_257' title='bbox 510 4034 693 4120; x_wconf 85' lang='lat' dir='ltr'>impuberes</span> <span class='ocrx_word' id='word_1_258' title='bbox 713 4031 886 4116; x_wconf 75' lang='lat' dir='ltr'>pubertati</span> <span class='ocrx_word' id='word_1_259' title='bbox 906 4031 1072 4114; x_wconf 76' lang='lat' dir='ltr'>proximi,</span> <span class='ocrx_word' id='word_1_260' title='bbox 1089 4049 1192 4114; x_wconf 89' lang='lat' dir='ltr'>aeque</span> <span class='ocrx_word' id='word_1_261' title='bbox 1215 4029 1366 4110; x_wconf 88' lang='lat' dir='ltr'>utrinque</span> <span class='ocrx_word' id='word_1_262' title='bbox 1382 4025 1493 4092; x_wconf 89' lang='lat' dir='ltr'>divisis</span> 
     </span>
    </p>
   </div>
   <div class='ocr_carea' id='block_1_9' title="bbox 310 4281 1493 4478">
    <p class='ocr_par' dir='ltr' id='par_1_9' title="bbox 310 4281 1493 4478">
     <span class='ocr_line' id='line_1_33' title="bbox 399 4281 1493 4371; baseline -0.016 -15"><span class='ocrx_word' id='word_1_263' title='bbox 399 4303 440 4371; x_wconf 92' lang='lat' dir='ltr'>(l)</span> <span class='ocrx_word' id='word_1_264' title='bbox 460 4300 500 4356; x_wconf 81' lang='lat' dir='ltr'>Gi.</span> <span class='ocrx_word' id='word_1_265' title='bbox 520 4299 677 4354; x_wconf 85' lang='lat' dir='ltr'>Thesaurus</span> <span class='ocrx_word' id='word_1_266' title='bbox 699 4315 742 4368; x_wconf 87' lang='lat' dir='ltr'>op.</span> <span class='ocrx_word' id='word_1_267' title='bbox 763 4299 806 4350; x_wconf 83' lang='lat' dir='ltr'>cil.</span> <span class='ocrx_word' id='word_1_268' title='bbox 821 4315 851 4368; x_wconf 87' lang='lat' dir='ltr'>p.</span> <span class='ocrx_word' id='word_1_269' title='bbox 872 4295 897 4362; x_wconf 89' lang='lat'>1,</span> <span class='ocrx_word' id='word_1_270' title='bbox 917 4314 939 4350; x_wconf 86' lang='lat' dir='ltr'>c.</span> <span class='ocrx_word' id='word_1_271' title='bbox 961 4295 1008 4348; x_wconf 89' lang='lat'>17.</span> <span class='ocrx_word' id='word_1_272' title='bbox 1028 4293 1168 4354; x_wconf 85' lang='lat' dir='ltr'>Quomodo</span> <span class='ocrx_word' id='word_1_273' title='bbox 1193 4291 1222 4348; x_wconf 90' lang='lat' dir='ltr'>in</span> <span class='ocrx_word' id='word_1_274' title='bbox 1242 4309 1271 4347; x_wconf 91' lang='lat' dir='ltr'>re</span> <span class='ocrx_word' id='word_1_275' title='bbox 1291 4281 1493 4346; x_wconf 76' lang='lat' dir='ltr'>matrimoniali</span> 
     </span>
     <span class='ocr_line' id='line_1_34' title="bbox 310 4401 1234 4478; baseline -0.011 -16"><span class='ocrx_word' id='word_1_276' title='bbox 310 4411 419 4464; x_wconf 82' lang='lat' dir='ltr'>mulitia</span> <span class='ocrx_word' id='word_1_277' title='bbox 438 4409 568 4478; x_wconf 81' lang='lat' dir='ltr'>suppleat</span> <span class='ocrx_word' id='word_1_278' title='bbox 587 4415 708 4461; x_wconf 78' lang='lat' dir='ltr'>oetatem</span> <span class='ocrx_word' id='word_1_279' title='bbox 727 4405 828 4459; x_wconf 89' lang='lat' dir='ltr'>docent</span> <span class='ocrx_word' id='word_1_280' title='bbox 848 4403 981 4458; x_wconf 84' lang='lat' dir='ltr'>Doctores</span> <span class='ocrx_word' id='word_1_281' title='bbox 998 4401 1028 4455; x_wconf 81' lang='lat' dir='ltr'>in</span> <span class='ocrx_word' id='word_1_282' title='bbox 1046 4419 1108 4470; x_wconf 83' lang='lat' dir='ltr'>app.</span> <span class='ocrx_word' id='word_1_283' title='bbox 1132 4401 1234 4454; x_wconf 77' lang='lat' dir='ltr'>Comus.</span> 
     </span>
    </p>
   </div>
   <div class='ocr_carea' id='block_1_10' title="bbox 0 0 1680 5108">
    <p class='ocr_par' dir='ltr' id='par_1_10' title="bbox 0 0 1680 5108">
     <span class='ocr_line' id='line_1_35' title="bbox 0 0 1680 5108; baseline 0 0"><span class='ocrx_word' id='word_1_284' title='bbox 0 0 1680 5108; x_wconf 95' lang='lat' dir='ltr'> </span> 
     </span>
    </p>
   </div>
  </div>
 </body>
</html>
