<?xml version="1.0" encoding="UTF-8"?>
<!DOCTYPE html PUBLIC "-//W3C//DTD XHTML 1.0 Transitional//EN"
    "http://www.w3.org/TR/xhtml1/DTD/xhtml1-transitional.dtd">
<html xmlns="http://www.w3.org/1999/xhtml" xml:lang="en" lang="en">
 <head>
  <title>
</title>
<meta http-equiv="Content-Type" content="text/html;charset=utf-8" />
  <meta name='ocr-system' content='tesseract 3.04.00' />
  <meta name='ocr-capabilities' content='ocr_page ocr_carea ocr_par ocr_line ocrx_word'/>
</head>
<body>
  <div class='ocr_page' id='page_1' title='image "./praelectionesin02legagoog_0097.png"; bbox 0 0 3266 5102; ppageno 0'>
   <div class='ocr_carea' id='block_1_1' title="bbox 281 275 934 346">
    <p class='ocr_par' dir='ltr' id='par_1_1' title="bbox 281 275 934 346">
     <span class='ocr_line' id='line_1_1' title="bbox 281 275 934 346; baseline 0.005 -7"><span class='ocrx_word' id='word_1_1' title='bbox 281 275 325 340; x_wconf 81' lang='lat'><strong><em>72</em></strong></span> <span class='ocrx_word' id='word_1_2' title='bbox 805 299 888 346; x_wconf 77' lang='lat' dir='ltr'><strong><em>ross</em></strong></span> <span class='ocrx_word' id='word_1_3' title='bbox 913 299 934 344; x_wconf 89' lang='lat'><strong><em>1.</em></strong></span> 
     </span>
    </p>
   </div>
   <div class='ocr_carea' id='block_1_2' title="bbox 271 422 1463 2374">
    <p class='ocr_par' dir='ltr' id='par_1_2' title="bbox 277 422 1448 626">
     <span class='ocr_line' id='line_1_2' title="bbox 277 422 1448 506; baseline 0.006 -23"><span class='ocrx_word' id='word_1_4' title='bbox 277 427 524 506; x_wconf 73' lang='lat' dir='ltr'><strong><em>praeterquam</em></strong></span> <span class='ocrx_word' id='word_1_5' title='bbox 549 422 580 488; x_wconf 82' lang='lat' dir='ltr'><strong><em>ci</em></strong></span> <span class='ocrx_word' id='word_1_6' title='bbox 606 424 727 504; x_wconf 80' lang='lat' dir='ltr'><strong><em>patara</em></strong></span> <span class='ocrx_word' id='word_1_7' title='bbox 759 428 949 506; x_wconf 77' lang='lat' dir='ltr'><strong><em>appareat,</em></strong></span> <span class='ocrx_word' id='word_1_8' title='bbox 983 423 1066 490; x_wconf 83' lang='lat' dir='ltr'><strong><em>haec</em></strong></span> <span class='ocrx_word' id='word_1_9' title='bbox 1096 425 1243 490; x_wconf 81' lang='lat' dir='ltr'><strong><em>coerceri</em></strong></span> <span class='ocrx_word' id='word_1_10' title='bbox 1272 445 1339 490; x_wconf 79' lang='lat' dir='ltr'><strong><em>ron</em></strong></span> <span class='ocrx_word' id='word_1_11' title='bbox 1366 444 1448 491; x_wconf 82' lang='lat' dir='ltr'><strong><em>sne</em></strong></span> 
     </span>
     <span class='ocr_line' id='line_1_3' title="bbox 281 545 833 626; baseline 0.002 -19"><span class='ocrx_word' id='word_1_12' title='bbox 281 545 371 626; x_wconf 82' lang='lat' dir='ltr'>quasi</span> <span class='ocrx_word' id='word_1_13' title='bbox 394 563 539 612; x_wconf 74' lang='lat' dir='ltr'><strong><em>nemora</em></strong></span> <span class='ocrx_word' id='word_1_14' title='bbox 562 565 615 612; x_wconf 83' lang='lat' dir='ltr'><strong><em>soi</em></strong></span> <span class='ocrx_word' id='word_1_15' title='bbox 640 565 785 612; x_wconf 78' lang='lat' dir='ltr'><strong><em>connais</em></strong></span> <span class='ocrx_word' id='word_1_16' title='bbox 803 567 833 610; x_wconf 65' lang='grc' dir='ltr'><strong><em>η.</em></strong></span> 
     </span>
    </p>

    <p class='ocr_par' dir='ltr' id='par_1_3' title="bbox 271 669 1463 2374">
     <span class='ocr_line' id='line_1_4' title="bbox 370 669 1458 761; baseline 0.003 -25"><span class='ocrx_word' id='word_1_17' title='bbox 370 669 435 736; x_wconf 87' lang='lat' dir='ltr'><strong><em>Sed</em></strong></span> <span class='ocrx_word' id='word_1_18' title='bbox 450 671 532 736; x_wconf 83' lang='lat' dir='ltr'><strong><em>haec</em></strong></span> <span class='ocrx_word' id='word_1_19' title='bbox 548 672 592 738; x_wconf 91' lang='lat' dir='ltr'><strong><em>ita</em></strong></span> <span class='ocrx_word' id='word_1_20' title='bbox 608 672 806 756; x_wconf 82' lang='lat' dir='ltr'><strong><em>generaliter</em></strong></span> <span class='ocrx_word' id='word_1_21' title='bbox 822 673 1002 746; x_wconf 82' lang='lat' dir='ltr'><strong><em>enunciata,</em></strong></span> <span class='ocrx_word' id='word_1_22' title='bbox 1016 675 1043 738; x_wconf 92' lang='lat' dir='ltr'><strong><em>si</em></strong></span> <span class='ocrx_word' id='word_1_23' title='bbox 1056 675 1252 740; x_wconf 87' lang='lat' dir='ltr'><strong><em>conveniunt</em></strong></span> <span class='ocrx_word' id='word_1_24' title='bbox 1268 678 1380 761; x_wconf 90' lang='lat' dir='ltr'><strong><em>poenis</em></strong></span> <span class='ocrx_word' id='word_1_25' title='bbox 1398 677 1458 740; x_wconf 85' lang='lat' dir='ltr'><strong><em>lat.</em></strong></span> 
     </span>
     <span class='ocr_line' id='line_1_5' title="bbox 278 795 1459 883; baseline 0.004 -28"><span class='ocrx_word' id='word_1_26' title='bbox 278 798 380 869; x_wconf 81' lang='lat' dir='ltr'><strong><em>sent,</em></strong></span> <span class='ocrx_word' id='word_1_27' title='bbox 403 811 474 858; x_wconf 90' lang='lat' dir='ltr'><strong><em>non</em></strong></span> <span class='ocrx_word' id='word_1_28' title='bbox 498 813 600 877; x_wconf 91' lang='lat' dir='ltr'><strong><em>aeque</em></strong></span> <span class='ocrx_word' id='word_1_29' title='bbox 624 799 777 879; x_wconf 87' lang='lat' dir='ltr'><strong><em>aptantur</em></strong></span> <span class='ocrx_word' id='word_1_30' title='bbox 800 797 911 879; x_wconf 88' lang='lat' dir='ltr'><strong><em>poenis</em></strong></span> <span class='ocrx_word' id='word_1_31' title='bbox 933 795 997 876; x_wconf 79' lang='lat' dir='ltr'><strong><em>ser.</em></strong></span> <span class='ocrx_word' id='word_1_32' title='bbox 1022 803 1119 871; x_wconf 83' lang='lat' dir='ltr'><strong><em>sent,</em></strong></span> <span class='ocrx_word' id='word_1_33' title='bbox 1143 803 1267 862; x_wconf 87' lang='lat' dir='ltr'><strong><em>attenta</em></strong></span> <span class='ocrx_word' id='word_1_34' title='bbox 1285 799 1366 883; x_wconf 82' lang='lat' dir='ltr'><strong><em>legis</em></strong></span> <span class='ocrx_word' id='word_1_35' title='bbox 1387 818 1459 864; x_wconf 89' lang='lat' dir='ltr'><strong><em>cao.</em></strong></span> 
     </span>
     <span class='ocr_line' id='line_1_6' title="bbox 280 917 1462 1004; baseline 0.005 -24"><span class='ocrx_word' id='word_1_36' title='bbox 280 917 466 983; x_wconf 88' lang='lat' dir='ltr'><strong><em>intentione.</em></strong></span> <span class='ocrx_word' id='word_1_37' title='bbox 492 919 543 984; x_wconf 85' lang='lat' dir='ltr'><strong><em>Ad</em></strong></span> <span class='ocrx_word' id='word_1_38' title='bbox 567 939 637 984; x_wconf 85' lang='lat' dir='ltr'><strong><em>rem</em></strong></span> <span class='ocrx_word' id='word_1_39' title='bbox 660 919 742 985; x_wconf 84' lang='lat' dir='ltr'><strong><em>hacc</em></strong></span> <span class='ocrx_word' id='word_1_40' title='bbox 765 919 863 986; x_wconf 88' lang='lat' dir='ltr'><strong><em>habet</em></strong></span> <span class='ocrx_word' id='word_1_41' title='bbox 880 921 1065 986; x_wconf 82' lang='lat' dir='ltr'><strong><em>Thesaurus</em></strong></span> <span class='ocrx_word' id='word_1_42' title='bbox 1088 941 1142 1004; x_wconf 75' lang='lat' dir='ltr'><strong><em>op·</em></strong></span> <span class='ocrx_word' id='word_1_43' title='bbox 1167 923 1219 989; x_wconf 89' lang='lat' dir='ltr'><strong><em>cit.</em></strong></span> <span class='ocrx_word' id='word_1_44' title='bbox 1244 922 1284 987; x_wconf 93' lang='lat' dir='ltr'><strong><em>P.</em></strong></span> <span class='ocrx_word' id='word_1_45' title='bbox 1311 924 1338 988; x_wconf 86' lang='lat'><strong><em>1.</em></strong></span> <span class='ocrx_word' id='word_1_46' title='bbox 1364 943 1392 988; x_wconf 92' lang='grc' dir='ltr'><strong><em>ο.</em></strong></span> <span class='ocrx_word' id='word_1_47' title='bbox 1416 921 1462 986; x_wconf 87' lang='grc'><strong><em>10</em></strong></span> 
     </span>
     <span class='ocr_line' id='line_1_7' title="bbox 279 1041 1461 1128; baseline 0.005 -24"><span class='ocrx_word' id='word_1_48' title='bbox 279 1041 333 1123; x_wconf 90' lang='lat' dir='ltr'><strong><em>qui</em></strong></span> <span class='ocrx_word' id='word_1_49' title='bbox 357 1043 547 1108; x_wconf 85' lang='lat' dir='ltr'><strong><em>satisfacens</em></strong></span> <span class='ocrx_word' id='word_1_50' title='bbox 570 1045 747 1128; x_wconf 85' lang='lat' dir='ltr'><strong><em>quaestioni</em></strong></span> <span class='ocrx_word' id='word_1_51' title='bbox 773 1045 863 1110; x_wconf 77' lang='lat' dir='ltr'><strong><em>&lt;An</em></strong></span> <span class='ocrx_word' id='word_1_52' title='bbox 882 1063 998 1128; x_wconf 87' lang='lat' dir='ltr'><strong><em>poena</em></strong></span> <span class='ocrx_word' id='word_1_53' title='bbox 1021 1045 1042 1110; x_wconf 91' lang='lat' dir='ltr'><strong><em>t.</em></strong></span> <span class='ocrx_word' id='word_1_54' title='bbox 1059 1063 1085 1110; x_wconf 81' lang='lat' dir='ltr'><strong><em>c.</em></strong></span> <span class='ocrx_word' id='word_1_55' title='bbox 1107 1048 1229 1112; x_wconf 89' lang='lat' dir='ltr'><strong><em>contra</em></strong></span> <span class='ocrx_word' id='word_1_56' title='bbox 1253 1046 1461 1112; x_wconf 87' lang='lat' dir='ltr'><strong><em>committen-</em></strong></span> 
     </span>
     <span class='ocr_line' id='line_1_8' title="bbox 279 1161 1458 1253; baseline 0.002 -22"><span class='ocrx_word' id='word_1_57' title='bbox 279 1171 345 1232; x_wconf 90' lang='lat' dir='ltr'><strong><em>tern</em></strong></span> <span class='ocrx_word' id='word_1_58' title='bbox 361 1169 502 1253; x_wconf 81' lang='lat' dir='ltr'><strong><em>aliquod</em></strong></span> <span class='ocrx_word' id='word_1_59' title='bbox 525 1171 692 1241; x_wconf 83' lang='lat' dir='ltr'><strong><em>delictum,</em></strong></span> <span class='ocrx_word' id='word_1_60' title='bbox 711 1170 917 1236; x_wconf 70' lang='lat' dir='ltr'><strong><em>contendatur</em></strong></span> <span class='ocrx_word' id='word_1_61' title='bbox 932 1161 1051 1235; x_wconf 84' lang='lat' dir='ltr'><strong><em>contra</em></strong></span> <span class='ocrx_word' id='word_1_62' title='bbox 1067 1174 1288 1252; x_wconf 77' lang='lat' dir='ltr'><strong><em>cooperantes</em></strong></span> <span class='ocrx_word' id='word_1_63' title='bbox 1310 1170 1420 1236; x_wconf 86' lang='lat' dir='ltr'><strong><em>eidem</em></strong></span> <span class='ocrx_word' id='word_1_64' title='bbox 1440 1192 1458 1233; x_wconf 85' lang='lat'><strong>»</strong></span> 
     </span>
     <span class='ocr_line' id='line_1_9' title="bbox 280 1291 1460 1378; baseline 0 -20"><span class='ocrx_word' id='word_1_65' title='bbox 280 1292 375 1359; x_wconf 90' lang='lat' dir='ltr'><strong><em>docet</em></strong></span> <span class='ocrx_word' id='word_1_66' title='bbox 397 1314 474 1359; x_wconf 79' lang='lat' dir='ltr'><strong><em>curu</em></strong></span> <span class='ocrx_word' id='word_1_67' title='bbox 499 1296 671 1362; x_wconf 85' lang='lat' dir='ltr'><strong><em>communi</em></strong></span> <span class='ocrx_word' id='word_1_68' title='bbox 695 1296 770 1370; x_wconf 84' lang='lat' dir='ltr'><strong>DD.;</strong></span> <span class='ocrx_word' id='word_1_69' title='bbox 799 1293 1043 1378; x_wconf 76' lang='lat' dir='ltr'><strong><em>‹Respondeo</em></strong></span> <span class='ocrx_word' id='word_1_70' title='bbox 1068 1295 1101 1358; x_wconf 92' lang='lat' dir='ltr'><strong><em>io</em></strong></span> <span class='ocrx_word' id='word_1_71' title='bbox 1126 1293 1189 1358; x_wconf 91' lang='lat' dir='ltr'><strong><em>hoc</em></strong></span> <span class='ocrx_word' id='word_1_72' title='bbox 1213 1313 1283 1358; x_wconf 85' lang='lat' dir='ltr'><strong><em>esse</em></strong></span> <span class='ocrx_word' id='word_1_73' title='bbox 1307 1291 1460 1360; x_wconf 83' lang='lat' dir='ltr'><strong><em>differen-</em></strong></span> 
     </span>
     <span class='ocr_line' id='line_1_10' title="bbox 278 1417 1460 1503; baseline 0.003 -23"><span class='ocrx_word' id='word_1_74' title='bbox 278 1417 355 1497; x_wconf 87' lang='lat' dir='ltr'><strong><em>tiam</em></strong></span> <span class='ocrx_word' id='word_1_75' title='bbox 383 1419 469 1482; x_wconf 89' lang='lat' dir='ltr'><strong><em>inter</em></strong></span> <span class='ocrx_word' id='word_1_76' title='bbox 498 1437 618 1502; x_wconf 85' lang='lat' dir='ltr'><strong><em>poenas</em></strong></span> <span class='ocrx_word' id='word_1_77' title='bbox 641 1438 668 1484; x_wconf 88' lang='lat' dir='ltr'><strong><em>s.</em></strong></span> <span class='ocrx_word' id='word_1_78' title='bbox 693 1419 799 1492; x_wconf 89' lang='lat' dir='ltr'><strong><em>tatae,</em></strong></span> <span class='ocrx_word' id='word_1_79' title='bbox 828 1420 902 1502; x_wconf 90' lang='lat' dir='ltr'><strong><em>qnia</em></strong></span> <span class='ocrx_word' id='word_1_80' title='bbox 932 1437 1056 1503; x_wconf 91' lang='lat' dir='ltr'><strong><em>poenae</em></strong></span> <span class='ocrx_word' id='word_1_81' title='bbox 1085 1417 1251 1498; x_wconf 76' lang='lat' dir='ltr'><strong><em>serendae</em></strong></span> <span class='ocrx_word' id='word_1_82' title='bbox 1274 1436 1301 1483; x_wconf 79' lang='lat' dir='ltr'><strong><em>a.</em></strong></span> <span class='ocrx_word' id='word_1_83' title='bbox 1326 1419 1358 1482; x_wconf 91' lang='lat' dir='ltr'><strong><em>in</em></strong></span> <span class='ocrx_word' id='word_1_84' title='bbox 1387 1419 1460 1484; x_wconf 92' lang='lat' dir='ltr'><strong><em>iure</em></strong></span> 
     </span>
     <span class='ocr_line' id='line_1_11' title="bbox 271 1541 1460 1626; baseline -0.001 -19"><span class='ocrx_word' id='word_1_85' title='bbox 271 1547 416 1617; x_wconf 82' lang='lat' dir='ltr'><strong><em>,statutae</em></strong></span> <span class='ocrx_word' id='word_1_86' title='bbox 440 1549 554 1608; x_wconf 90' lang='lat' dir='ltr'><strong><em>contra</em></strong></span> <span class='ocrx_word' id='word_1_87' title='bbox 576 1543 749 1608; x_wconf 83' lang='lat' dir='ltr'><strong><em>facientem</em></strong></span> <span class='ocrx_word' id='word_1_88' title='bbox 773 1563 830 1606; x_wconf 88' lang='lat' dir='ltr'><strong><em>sen</em></strong></span> <span class='ocrx_word' id='word_1_89' title='bbox 853 1543 1105 1607; x_wconf 87' lang='lat' dir='ltr'><strong><em>committentem</em></strong></span> <span class='ocrx_word' id='word_1_90' title='bbox 1130 1543 1254 1606; x_wconf 88' lang='lat' dir='ltr'><strong><em>crimen</em></strong></span> <span class='ocrx_word' id='word_1_91' title='bbox 1278 1541 1460 1626; x_wconf 89' lang='lat' dir='ltr'><strong><em>procedunt</em></strong></span> 
     </span>
     <span class='ocr_line' id='line_1_12' title="bbox 278 1668 1460 1753; baseline -0.002 -19"><span class='ocrx_word' id='word_1_92' title='bbox 278 1668 389 1734; x_wconf 89' lang='lat' dir='ltr'><strong><em>eodem</em></strong></span> <span class='ocrx_word' id='word_1_93' title='bbox 414 1669 506 1734; x_wconf 91' lang='lat' dir='ltr'><strong><em>modo</em></strong></span> <span class='ocrx_word' id='word_1_94' title='bbox 531 1675 644 1734; x_wconf 90' lang='lat' dir='ltr'><strong><em>contra</em></strong></span> <span class='ocrx_word' id='word_1_95' title='bbox 667 1675 879 1753; x_wconf 81' lang='lat' dir='ltr'><strong><em>cooperantes</em></strong></span> <span class='ocrx_word' id='word_1_96' title='bbox 902 1687 959 1732; x_wconf 88' lang='lat' dir='ltr'><strong><em>seu</em></strong></span> <span class='ocrx_word' id='word_1_97' title='bbox 982 1687 1096 1734; x_wconf 89' lang='lat' dir='ltr'><strong><em>causas</em></strong></span> <span class='ocrx_word' id='word_1_98' title='bbox 1117 1669 1222 1734; x_wconf 89' lang='lat' dir='ltr'><strong><em>minus</em></strong></span> <span class='ocrx_word' id='word_1_99' title='bbox 1246 1669 1460 1753; x_wconf 67' lang='lat' dir='ltr'><strong><em>principales</em></strong></span> 
     </span>
     <span class='ocr_line' id='line_1_13' title="bbox 278 1791 1461 1874; baseline 0.001 -18"><span class='ocrx_word' id='word_1_100' title='bbox 278 1796 314 1856; x_wconf 89' lang='lat' dir='ltr'><strong><em>ut</em></strong></span> <span class='ocrx_word' id='word_1_101' title='bbox 335 1792 539 1874; x_wconf 83' lang='lat' dir='ltr'><strong><em>mediatores,</em></strong></span> <span class='ocrx_word' id='word_1_102' title='bbox 562 1794 719 1858; x_wconf 86' lang='lat' dir='ltr'><strong><em>auxilium</em></strong></span> <span class='ocrx_word' id='word_1_103' title='bbox 743 1793 865 1864; x_wconf 80' lang='lat' dir='ltr'><strong><em>dantes,</em></strong></span> <span class='ocrx_word' id='word_1_104' title='bbox 891 1795 1142 1865; x_wconf 88' lang='lat' dir='ltr'><strong><em>consentientes,</em></strong></span> <span class='ocrx_word' id='word_1_105' title='bbox 1175 1791 1377 1864; x_wconf 79' lang='lat' dir='ltr'><strong><em>mandantes,</em></strong></span> <span class='ocrx_word' id='word_1_106' title='bbox 1402 1799 1461 1857; x_wconf 87' lang='lat' dir='ltr'><strong><em>aut</em></strong></span> 
     </span>
     <span class='ocr_line' id='line_1_14' title="bbox 279 1916 1463 2003; baseline 0 -23"><span class='ocrx_word' id='word_1_107' title='bbox 279 1917 374 1982; x_wconf 88' lang='lat' dir='ltr'><strong><em>aliter</em></strong></span> <span class='ocrx_word' id='word_1_108' title='bbox 398 1938 458 2003; x_wconf 89' lang='lat' dir='ltr'><strong><em>ope</em></strong></span> <span class='ocrx_word' id='word_1_109' title='bbox 481 1918 532 1982; x_wconf 91' lang='lat' dir='ltr'><strong><em>vel</em></strong></span> <span class='ocrx_word' id='word_1_110' title='bbox 557 1918 680 1982; x_wconf 84' lang='lat' dir='ltr'><strong><em>auxilio</em></strong></span> <span class='ocrx_word' id='word_1_111' title='bbox 704 1919 859 1988; x_wconf 84' lang='lat' dir='ltr'><strong><em>iuvantes,</em></strong></span> <span class='ocrx_word' id='word_1_112' title='bbox 885 1917 1160 2001; x_wconf 77' lang='lat' dir='ltr'><strong><em>quotiescumque</em></strong></span> <span class='ocrx_word' id='word_1_113' title='bbox 1182 1916 1334 1997; x_wconf 79' lang='lat' dir='ltr'><strong><em>suerum</em></strong></span> <span class='ocrx_word' id='word_1_114' title='bbox 1357 1933 1463 1984; x_wconf 82' lang='lat' dir='ltr'><strong><em>causa</em></strong></span> 
     </span>
     <span class='ocr_line' id='line_1_15' title="bbox 276 2039 1462 2124; baseline -0.002 -19"><span class='ocrx_word' id='word_1_115' title='bbox 276 2041 444 2124; x_wconf 70' lang='lat' dir='ltr'><strong><em>praecinto</em></strong></span> <span class='ocrx_word' id='word_1_116' title='bbox 467 2041 579 2107; x_wconf 87' lang='lat' dir='ltr'><strong><em>delicti</em></strong></span> <span class='ocrx_word' id='word_1_117' title='bbox 605 2047 642 2104; x_wconf 93' lang='lat' dir='ltr'><strong><em>ut</em></strong></span> <span class='ocrx_word' id='word_1_118' title='bbox 672 2039 789 2106; x_wconf 85' lang='lat' dir='ltr'><strong><em>dieunt</em></strong></span> <span class='ocrx_word' id='word_1_119' title='bbox 813 2039 975 2121; x_wconf 77' lang='lat' dir='ltr'><strong><em>luridae,</em></strong></span> <span class='ocrx_word' id='word_1_120' title='bbox 1007 2039 1088 2105; x_wconf 92' lang='lat' dir='ltr'><strong><em>idest</em></strong></span> <span class='ocrx_word' id='word_1_121' title='bbox 1116 2040 1255 2124; x_wconf 92' lang='lat' dir='ltr'><strong><em>quando</em></strong></span> <span class='ocrx_word' id='word_1_122' title='bbox 1279 2039 1462 2124; x_wconf 81' lang='lat' dir='ltr'><strong><em>efficaciter</em></strong></span> 
     </span>
     <span class='ocr_line' id='line_1_16' title="bbox 279 2164 1459 2251; baseline -0.002 -21"><span class='ocrx_word' id='word_1_123' title='bbox 279 2166 316 2230; x_wconf 85' lang='lat' dir='ltr'><strong><em>in</em></strong></span> <span class='ocrx_word' id='word_1_124' title='bbox 339 2167 441 2232; x_wconf 85' lang='lat' dir='ltr'><strong><em>tatem</em></strong></span> <span class='ocrx_word' id='word_1_125' title='bbox 465 2168 617 2251; x_wconf 78' lang='lat' dir='ltr'><strong><em>effectum</em></strong></span> <span class='ocrx_word' id='word_1_126' title='bbox 642 2165 871 2248; x_wconf 63' lang='lat' dir='ltr'><strong><em>influxerunq</em></strong></span> <span class='ocrx_word' id='word_1_127' title='bbox 891 2170 969 2230; x_wconf 89' lang='lat' dir='ltr'><strong><em>tunc</em></strong></span> <span class='ocrx_word' id='word_1_128' title='bbox 986 2166 1070 2229; x_wconf 89' lang='lat' dir='ltr'><strong><em>enlm</em></strong></span> <span class='ocrx_word' id='word_1_129' title='bbox 1087 2183 1199 2228; x_wconf 90' lang='lat' dir='ltr'><strong><em>omoes</em></strong></span> <span class='ocrx_word' id='word_1_130' title='bbox 1215 2164 1327 2230; x_wconf 91' lang='lat' dir='ltr'><strong><em>dicunt</em></strong></span> <span class='ocrx_word' id='word_1_131' title='bbox 1350 2165 1459 2250; x_wconf 89' lang='lat' dir='ltr'><strong><em>puniri</em></strong></span> 
     </span>
     <span class='ocr_line' id='line_1_17' title="bbox 279 2287 1460 2374; baseline 0.001 -20"><span class='ocrx_word' id='word_1_132' title='bbox 279 2310 383 2374; x_wconf 90' lang='lat' dir='ltr'><strong><em>poena</em></strong></span> <span class='ocrx_word' id='word_1_133' title='bbox 407 2287 585 2364; x_wconf 89' lang='lat' dir='ltr'><strong><em>ordinaria;</em></strong></span> <span class='ocrx_word' id='word_1_134' title='bbox 609 2291 636 2354; x_wconf 89' lang='lat' dir='ltr'><strong><em>si</em></strong></span> <span class='ocrx_word' id='word_1_135' title='bbox 659 2295 767 2366; x_wconf 84' lang='lat' dir='ltr'><strong><em>autem</em></strong></span> <span class='ocrx_word' id='word_1_136' title='bbox 790 2292 932 2374; x_wconf 90' lang='lat' dir='ltr'><strong><em>ipsorum</em></strong></span> <span class='ocrx_word' id='word_1_137' title='bbox 957 2309 1135 2354; x_wconf 91' lang='lat' dir='ltr'><strong><em>concursus</em></strong></span> <span class='ocrx_word' id='word_1_138' title='bbox 1155 2309 1222 2354; x_wconf 91' lang='lat' dir='ltr'><strong><em>non</em></strong></span> <span class='ocrx_word' id='word_1_139' title='bbox 1246 2287 1377 2354; x_wconf 84' lang='lat' dir='ltr'><strong><em>influxit</em></strong></span> <span class='ocrx_word' id='word_1_140' title='bbox 1403 2311 1460 2355; x_wconf 87' lang='lat' dir='ltr'><strong><em>seu</em></strong></span> 
     </span>
    </p>
   </div>
   <div class='ocr_carea' id='block_1_3' title="bbox 279 2411 1461 2496">
    <p class='ocr_par' dir='ltr' id='par_1_4' title="bbox 279 2411 1461 2496">
     <span class='ocr_line' id='line_1_18' title="bbox 279 2411 1461 2496; baseline 0 -18"><span class='ocrx_word' id='word_1_141' title='bbox 279 2433 345 2478; x_wconf 90' lang='lat' dir='ltr'><strong><em>noo</em></strong></span> <span class='ocrx_word' id='word_1_142' title='bbox 369 2415 514 2479; x_wconf 87' lang='lat' dir='ltr'><strong><em>causavit</em></strong></span> <span class='ocrx_word' id='word_1_143' title='bbox 537 2411 696 2496; x_wconf 85' lang='lat' dir='ltr'><strong><em>ellectum,</em></strong></span> <span class='ocrx_word' id='word_1_144' title='bbox 715 2415 775 2480; x_wconf 81' lang='lat' dir='ltr'><strong><em>sed</em></strong></span> <span class='ocrx_word' id='word_1_145' title='bbox 797 2419 924 2480; x_wconf 86' lang='lat' dir='ltr'><strong><em>remote</em></strong></span> <span class='ocrx_word' id='word_1_146' title='bbox 944 2421 1077 2478; x_wconf 82' lang='lat' dir='ltr'><strong><em>tantuna</em></strong></span> <span class='ocrx_word' id='word_1_147' title='bbox 1101 2415 1273 2496; x_wconf 88' lang='lat' dir='ltr'><strong><em>cooperati</em></strong></span> <span class='ocrx_word' id='word_1_148' title='bbox 1294 2419 1384 2487; x_wconf 82' lang='lat' dir='ltr'><strong><em>eunt,</em></strong></span> <span class='ocrx_word' id='word_1_149' title='bbox 1403 2415 1461 2479; x_wconf 88' lang='lat' dir='ltr'><strong><em>sci·</em></strong></span> 
     </span>
    </p>
   </div>
   <div class='ocr_carea' id='block_1_4' title="bbox 278 2535 1475 3620">
    <p class='ocr_par' dir='ltr' id='par_1_5' title="bbox 278 2535 1475 3620">
     <span class='ocr_line' id='line_1_19' title="bbox 278 2535 1461 2624; baseline 0 -22"><span class='ocrx_word' id='word_1_150' title='bbox 278 2539 355 2603; x_wconf 88' lang='lat' dir='ltr'><strong><em>licet</em></strong></span> <span class='ocrx_word' id='word_1_151' title='bbox 378 2537 503 2622; x_wconf 91' lang='lat' dir='ltr'><strong><em>quando</em></strong></span> <span class='ocrx_word' id='word_1_152' title='bbox 520 2539 617 2604; x_wconf 89' lang='lat' dir='ltr'><strong><em>etiam</em></strong></span> <span class='ocrx_word' id='word_1_153' title='bbox 632 2539 702 2604; x_wconf 89' lang='lat' dir='ltr'><strong><em>sine</em></strong></span> <span class='ocrx_word' id='word_1_154' title='bbox 719 2539 847 2603; x_wconf 90' lang='lat' dir='ltr'><strong><em>illorum</em></strong></span> <span class='ocrx_word' id='word_1_155' title='bbox 864 2539 1092 2624; x_wconf 87' lang='lat' dir='ltr'><strong><em>cooperatione</em></strong></span> <span class='ocrx_word' id='word_1_156' title='bbox 1116 2535 1227 2602; x_wconf 91' lang='lat' dir='ltr'><strong><em>eodem</em></strong></span> <span class='ocrx_word' id='word_1_157' title='bbox 1251 2537 1346 2602; x_wconf 89' lang='lat' dir='ltr'><strong><em>modo</em></strong></span> <span class='ocrx_word' id='word_1_158' title='bbox 1370 2544 1461 2602; x_wconf 85' lang='lat' dir='ltr'><strong><em>esset</em></strong></span> 
     </span>
     <span class='ocr_line' id='line_1_20' title="bbox 279 2659 1459 2749; baseline -0.002 -21"><span class='ocrx_word' id='word_1_159' title='bbox 279 2667 432 2746; x_wconf 90' lang='lat' dir='ltr'><strong><em>sequutus</em></strong></span> <span class='ocrx_word' id='word_1_160' title='bbox 462 2659 611 2744; x_wconf 87' lang='lat' dir='ltr'><strong><em>effectus,</em></strong></span> <span class='ocrx_word' id='word_1_161' title='bbox 642 2670 719 2730; x_wconf 92' lang='lat' dir='ltr'><strong><em>tunc</em></strong></span> <span class='ocrx_word' id='word_1_162' title='bbox 750 2664 862 2729; x_wconf 89' lang='lat' dir='ltr'><strong><em>dicunt</em></strong></span> <span class='ocrx_word' id='word_1_163' title='bbox 891 2663 1070 2748; x_wconf 87' lang='lat' dir='ltr'><strong><em>puniendos</em></strong></span> <span class='ocrx_word' id='word_1_164' title='bbox 1102 2683 1173 2728; x_wconf 90' lang='lat' dir='ltr'><strong><em>esse</em></strong></span> <span class='ocrx_word' id='word_1_165' title='bbox 1202 2682 1306 2749; x_wconf 85' lang='lat' dir='ltr'><strong><em>poena</em></strong></span> <span class='ocrx_word' id='word_1_166' title='bbox 1330 2665 1459 2744; x_wconf 89' lang='lat' dir='ltr'><strong><em>minori,</em></strong></span> 
     </span>
     <span class='ocr_line' id='line_1_21' title="bbox 280 2787 1460 2855; baseline 0.001 -4"><span class='ocrx_word' id='word_1_167' title='bbox 280 2788 312 2852; x_wconf 93' lang='lat' dir='ltr'><strong><em>id</em></strong></span> <span class='ocrx_word' id='word_1_168' title='bbox 343 2794 392 2855; x_wconf 88' lang='lat' dir='ltr'><strong><em>est</em></strong></span> <span class='ocrx_word' id='word_1_169' title='bbox 421 2787 692 2854; x_wconf 84' lang='lat' dir='ltr'><strong><em>extraordinaria.</em></strong></span> <span class='ocrx_word' id='word_1_170' title='bbox 719 2809 736 2852; x_wconf 80' lang='lat'><strong>&gt;</strong></span> <span class='ocrx_word' id='word_1_171' title='bbox 768 2789 852 2854; x_wconf 90' lang='lat' dir='ltr'><strong><em>Puto</em></strong></span> <span class='ocrx_word' id='word_1_172' title='bbox 882 2788 1076 2854; x_wconf 88' lang='lat' dir='ltr'><strong><em>adamussim</em></strong></span> <span class='ocrx_word' id='word_1_173' title='bbox 1107 2809 1178 2854; x_wconf 83' lang='lat' dir='ltr'><strong><em>esse</em></strong></span> <span class='ocrx_word' id='word_1_174' title='bbox 1209 2795 1460 2854; x_wconf 87' lang='lat' dir='ltr'><strong><em>consentaneam</em></strong></span> 
     </span>
     <span class='ocr_line' id='line_1_22' title="bbox 280 2909 1460 2998; baseline -0.003 -21"><span class='ocrx_word' id='word_1_175' title='bbox 280 2913 380 2977; x_wconf 90' lang='lat' dir='ltr'><strong><em>menti</em></strong></span> <span class='ocrx_word' id='word_1_176' title='bbox 402 2913 484 2998; x_wconf 84' lang='lat' dir='ltr'><strong><em>legis</em></strong></span> <span class='ocrx_word' id='word_1_177' title='bbox 507 2931 667 2976; x_wconf 90' lang='lat' dir='ltr'><strong><em>canonum</em></strong></span> <span class='ocrx_word' id='word_1_178' title='bbox 690 2911 775 2976; x_wconf 86' lang='lat' dir='ltr'><strong><em>hanc</em></strong></span> <span class='ocrx_word' id='word_1_179' title='bbox 795 2909 993 2982; x_wconf 63' lang='lat' dir='ltr'><strong><em>doctrinam</em></strong></span> <span class='ocrx_word' id='word_1_180' title='bbox 1018 2912 1169 2992; x_wconf 88' lang='lat' dir='ltr'><strong><em>quoniam</em></strong></span> <span class='ocrx_word' id='word_1_181' title='bbox 1193 2911 1226 2974; x_wconf 96' lang='lat' dir='ltr'><strong><em>in</em></strong></span> <span class='ocrx_word' id='word_1_182' title='bbox 1258 2913 1371 2994; x_wconf 90' lang='lat' dir='ltr'><strong><em>poenis</em></strong></span> <span class='ocrx_word' id='word_1_183' title='bbox 1393 2911 1460 2994; x_wconf 79' lang='lat' dir='ltr'><strong><em>fer.</em></strong></span> 
     </span>
     <span class='ocr_line' id='line_1_23' title="bbox 280 3034 1461 3122; baseline -0.003 -20"><span class='ocrx_word' id='word_1_184' title='bbox 280 3042 361 3102; x_wconf 82' lang='lat' dir='ltr'><strong><em>sent.</em></strong></span> <span class='ocrx_word' id='word_1_185' title='bbox 380 3037 611 3121; x_wconf 90' lang='lat' dir='ltr'><strong><em>aliquantisper</em></strong></span> <span class='ocrx_word' id='word_1_186' title='bbox 626 3034 812 3122; x_wconf 84' lang='lat' dir='ltr'><strong><em>indulgetur</em></strong></span> <span class='ocrx_word' id='word_1_187' title='bbox 825 3035 967 3120; x_wconf 85' lang='lat' dir='ltr'><strong><em>legitimo</em></strong></span> <span class='ocrx_word' id='word_1_188' title='bbox 980 3034 1116 3099; x_wconf 89' lang='lat' dir='ltr'><strong><em>arbitria</em></strong></span> <span class='ocrx_word' id='word_1_189' title='bbox 1133 3035 1258 3116; x_wconf 82' lang='lat' dir='ltr'><strong><em>iudicis,</em></strong></span> <span class='ocrx_word' id='word_1_190' title='bbox 1273 3055 1311 3099; x_wconf 91' lang='lat' dir='ltr'><strong><em>eo</em></strong></span> <span class='ocrx_word' id='word_1_191' title='bbox 1324 3035 1461 3100; x_wconf 89' lang='lat' dir='ltr'><strong><em>consilio</em></strong></span> 
     </span>
     <span class='ocr_line' id='line_1_24' title="bbox 282 3162 1475 3248; baseline -0.003 -20"><span class='ocrx_word' id='word_1_192' title='bbox 282 3168 315 3228; x_wconf 92' lang='lat' dir='ltr'><strong><em>ut</em></strong></span> <span class='ocrx_word' id='word_1_193' title='bbox 338 3165 396 3228; x_wconf 88' lang='lat' dir='ltr'><strong><em>iste</em></strong></span> <span class='ocrx_word' id='word_1_194' title='bbox 412 3163 524 3247; x_wconf 91' lang='lat' dir='ltr'><strong><em>poenis</em></strong></span> <span class='ocrx_word' id='word_1_195' title='bbox 548 3183 619 3227; x_wconf 90' lang='lat' dir='ltr'><strong><em>eum</em></strong></span> <span class='ocrx_word' id='word_1_196' title='bbox 643 3162 802 3248; x_wconf 89' lang='lat' dir='ltr'><strong><em>percellat</em></strong></span> <span class='ocrx_word' id='word_1_197' title='bbox 818 3162 881 3245; x_wconf 86' lang='lat' dir='ltr'><strong><em>qui,</em></strong></span> <span class='ocrx_word' id='word_1_198' title='bbox 899 3163 1032 3226; x_wconf 87' lang='lat' dir='ltr'><strong><em>canonis</em></strong></span> <span class='ocrx_word' id='word_1_199' title='bbox 1049 3181 1208 3246; x_wconf 88' lang='lat' dir='ltr'><strong><em>perpensa</em></strong></span> <span class='ocrx_word' id='word_1_200' title='bbox 1223 3162 1326 3247; x_wconf 84' lang='lat' dir='ltr'><strong><em>magis</em></strong></span> <span class='ocrx_word' id='word_1_201' title='bbox 1348 3162 1475 3227; x_wconf 66' lang='lat' dir='ltr'><strong><em>interr·</em></strong></span> 
     </span>
     <span class='ocr_line' id='line_1_25' title="bbox 282 3285 1461 3371; baseline -0.002 -19"><span class='ocrx_word' id='word_1_202' title='bbox 282 3289 371 3354; x_wconf 89' lang='lat' dir='ltr'><strong><em>tione</em></strong></span> <span class='ocrx_word' id='word_1_203' title='bbox 383 3307 476 3370; x_wconf 89' lang='lat' dir='ltr'><strong><em>quam</em></strong></span> <span class='ocrx_word' id='word_1_204' title='bbox 490 3286 611 3366; x_wconf 89' lang='lat' dir='ltr'><strong><em>tittera,</em></strong></span> <span class='ocrx_word' id='word_1_205' title='bbox 624 3286 731 3371; x_wconf 85' lang='lat' dir='ltr'><strong><em>legem</em></strong></span> <span class='ocrx_word' id='word_1_206' title='bbox 743 3286 907 3350; x_wconf 81' lang='lat' dir='ltr'><strong><em>violavit·</em></strong></span> <span class='ocrx_word' id='word_1_207' title='bbox 920 3285 1132 3350; x_wconf 70' lang='lat' dir='ltr'><strong><em>nihilominus</em></strong></span> <span class='ocrx_word' id='word_1_208' title='bbox 1145 3286 1171 3350; x_wconf 89' lang='lat' dir='ltr'><strong><em>si</em></strong></span> <span class='ocrx_word' id='word_1_209' title='bbox 1183 3303 1344 3368; x_wconf 81' lang='lat' dir='ltr'><strong><em>eapresse</em></strong></span> <span class='ocrx_word' id='word_1_210' title='bbox 1356 3305 1461 3370; x_wconf 89' lang='lat' dir='ltr'><strong><em>poena</em></strong></span> 
     </span>
     <span class='ocr_line' id='line_1_26' title="bbox 281 3409 1461 3495; baseline -0.003 -17"><span class='ocrx_word' id='word_1_211' title='bbox 281 3413 410 3478; x_wconf 88' lang='lat' dir='ltr'><strong><em>dicatur</em></strong></span> <span class='ocrx_word' id='word_1_212' title='bbox 432 3412 568 3478; x_wconf 83' lang='lat' dir='ltr'><strong><em>ferenda</em></strong></span> <span class='ocrx_word' id='word_1_213' title='bbox 592 3414 624 3476; x_wconf 92' lang='lat' dir='ltr'><strong><em>in</em></strong></span> <span class='ocrx_word' id='word_1_214' title='bbox 646 3417 853 3494; x_wconf 81' lang='lat' dir='ltr'><strong><em>patrantem,</em></strong></span> <span class='ocrx_word' id='word_1_215' title='bbox 871 3413 903 3474; x_wconf 94' lang='lat' dir='ltr'><strong><em>in</em></strong></span> <span class='ocrx_word' id='word_1_216' title='bbox 927 3415 1148 3495; x_wconf 75' lang='lat' dir='ltr'><strong><em>coequentur</em></strong></span> <span class='ocrx_word' id='word_1_217' title='bbox 1165 3413 1299 3490; x_wconf 89' lang='lat' dir='ltr'><strong><em>crimen,</em></strong></span> <span class='ocrx_word' id='word_1_218' title='bbox 1316 3409 1461 3475; x_wconf 91' lang='lat' dir='ltr'><strong><em>arbitror</em></strong></span> 
     </span>
     <span class='ocr_line' id='line_1_27' title="bbox 282 3533 1463 3620; baseline -0.002 -20"><span class='ocrx_word' id='word_1_219' title='bbox 282 3555 418 3620; x_wconf 91' lang='lat' dir='ltr'><strong><em>poenam</em></strong></span> <span class='ocrx_word' id='word_1_220' title='bbox 441 3555 506 3600; x_wconf 90' lang='grc' dir='ltr'><strong><em>ηοη</em></strong></span> <span class='ocrx_word' id='word_1_221' title='bbox 528 3554 600 3601; x_wconf 87' lang='lat' dir='ltr'><strong><em>esse</em></strong></span> <span class='ocrx_word' id='word_1_222' title='bbox 624 3533 862 3600; x_wconf 81' lang='lat' dir='ltr'><strong><em>extendendam</em></strong></span> <span class='ocrx_word' id='word_1_223' title='bbox 884 3535 977 3599; x_wconf 87' lang='lat' dir='ltr'><strong><em>ultra</em></strong></span> <span class='ocrx_word' id='word_1_224' title='bbox 993 3553 1110 3600; x_wconf 82' lang='lat' dir='ltr'><strong><em>cacum</em></strong></span> <span class='ocrx_word' id='word_1_225' title='bbox 1126 3551 1237 3598; x_wconf 70' lang='lat' dir='ltr'><strong><em>muna.</em></strong></span> <span class='ocrx_word' id='word_1_226' title='bbox 1256 3568 1273 3581; x_wconf 96' lang='lat'>-</span> <span class='ocrx_word' id='word_1_227' title='bbox 1295 3533 1357 3600; x_wconf 89' lang='lat' dir='ltr'><strong><em>Sed</em></strong></span> <span class='ocrx_word' id='word_1_228' title='bbox 1378 3533 1463 3598; x_wconf 87' lang='lat' dir='ltr'><strong><em>haec</em></strong></span> 
     </span>
    </p>
   </div>
   <div class='ocr_carea' id='block_1_5' title="bbox 281 3782 1465 4176">
    <p class='ocr_par' dir='ltr' id='par_1_6' title="bbox 281 3782 1465 4176">
     <span class='ocr_line' id='line_1_28' title="bbox 281 3782 1462 3854; baseline -0.001 -17"><span class='ocrx_word' id='word_1_229' title='bbox 281 3800 351 3850; x_wconf 86' lang='lat' dir='ltr'><strong><em>reos,</em></strong></span> <span class='ocrx_word' id='word_1_230' title='bbox 366 3789 424 3837; x_wconf 89' lang='lat' dir='ltr'><strong><em>tum</em></strong></span> <span class='ocrx_word' id='word_1_231' title='bbox 443 3799 559 3837; x_wconf 88' lang='lat' dir='ltr'><strong><em>cooreos</em></strong></span> <span class='ocrx_word' id='word_1_232' title='bbox 577 3783 636 3837; x_wconf 85' lang='lat' dir='ltr'><strong><em>sive</em></strong></span> <span class='ocrx_word' id='word_1_233' title='bbox 649 3783 817 3852; x_wconf 87' lang='lat' dir='ltr'><strong><em>principales</em></strong></span> <span class='ocrx_word' id='word_1_234' title='bbox 836 3784 894 3838; x_wconf 82' lang='lat' dir='ltr'><strong><em>sive</em></strong></span> <span class='ocrx_word' id='word_1_235' title='bbox 907 3784 1083 3836; x_wconf 84' lang='lat' dir='ltr'><strong><em>accessorius.</em></strong></span> <span class='ocrx_word' id='word_1_236' title='bbox 1099 3782 1140 3836; x_wconf 81' lang='lat' dir='ltr'><strong><em>lta</em></strong></span> <span class='ocrx_word' id='word_1_237' title='bbox 1154 3783 1201 3836; x_wconf 82' lang='lat' dir='ltr'><strong><em>tem</em></strong></span> <span class='ocrx_word' id='word_1_238' title='bbox 1214 3783 1258 3835; x_wconf 77' lang='lat'><strong><em>36</em></strong></span> <span class='ocrx_word' id='word_1_239' title='bbox 1270 3785 1299 3854; x_wconf 78' lang='lat' dir='ltr'><strong><em>d·</em></strong></span> <span class='ocrx_word' id='word_1_240' title='bbox 1311 3783 1352 3838; x_wconf 87' lang='lat' dir='ltr'><strong><em>De</em></strong></span> <span class='ocrx_word' id='word_1_241' title='bbox 1365 3787 1462 3854; x_wconf 79' lang='lat' dir='ltr'><strong><em>furtis:</em></strong></span> 
     </span>
     <span class='ocr_line' id='line_1_29' title="bbox 281 3890 1463 3963; baseline 0 -18"><span class='ocrx_word' id='word_1_242' title='bbox 281 3894 367 3952; x_wconf 84' lang='lat' dir='ltr'><strong><em>«Qui</em></strong></span> <span class='ocrx_word' id='word_1_243' title='bbox 384 3893 472 3945; x_wconf 85' lang='lat' dir='ltr'><strong><em>alicui</em></strong></span> <span class='ocrx_word' id='word_1_244' title='bbox 496 3890 624 3961; x_wconf 86' lang='lat' dir='ltr'><strong><em>(malum)</em></strong></span> <span class='ocrx_word' id='word_1_245' title='bbox 649 3893 797 3945; x_wconf 81' lang='lat' dir='ltr'><strong><em>corisitium</em></strong></span> <span class='ocrx_word' id='word_1_246' title='bbox 822 3893 898 3945; x_wconf 86' lang='lat' dir='ltr'><strong><em>dedit</em></strong></span> <span class='ocrx_word' id='word_1_247' title='bbox 919 3909 944 3944; x_wconf 85' lang='lat' dir='ltr'><strong><em>a.</em></strong></span> <span class='ocrx_word' id='word_1_248' title='bbox 963 3911 990 3961; x_wconf 78' lang='lat' dir='ltr'><strong><em>q.</em></strong></span> <span class='ocrx_word' id='word_1_249' title='bbox 1011 3909 1092 3946; x_wconf 88' lang='lat' dir='ltr'><strong><em>seraa</em></strong></span> <span class='ocrx_word' id='word_1_250' title='bbox 1117 3893 1255 3962; x_wconf 78' lang='lat' dir='ltr'><strong><em>sapiendi,</em></strong></span> <span class='ocrx_word' id='word_1_251' title='bbox 1281 3903 1347 3946; x_wconf 80' lang='lat' dir='ltr'><strong><em>taric</em></strong></span> <span class='ocrx_word' id='word_1_252' title='bbox 1365 3895 1463 3963; x_wconf 85' lang='lat' dir='ltr'><strong><em>incipit</em></strong></span> 
     </span>
     <span class='ocr_line' id='line_1_30' title="bbox 282 4000 1464 4071; baseline 0.003 -16"><span class='ocrx_word' id='word_1_253' title='bbox 282 4006 380 4068; x_wconf 82' lang='lat' dir='ltr'><strong><em>teneri,</em></strong></span> <span class='ocrx_word' id='word_1_254' title='bbox 399 4019 462 4055; x_wconf 79' lang='lat' dir='ltr'><strong><em>curn</em></strong></span> <span class='ocrx_word' id='word_1_255' title='bbox 480 4019 579 4056; x_wconf 83' lang='lat' dir='ltr'><strong><em>seruus</em></strong></span> <span class='ocrx_word' id='word_1_256' title='bbox 597 4003 733 4071; x_wconf 78' lang='lat' dir='ltr'><strong><em>supitii-us</em></strong></span> <span class='ocrx_word' id='word_1_257' title='bbox 759 4017 823 4056; x_wconf 87' lang='lat' dir='ltr'><strong><em>esse·</em></strong></span> <span class='ocrx_word' id='word_1_258' title='bbox 844 4004 966 4071; x_wconf 86' lang='lat' dir='ltr'><strong><em>coeperit</em></strong></span> <span class='ocrx_word' id='word_1_259' title='bbox 979 4015 1003 4056; x_wconf 77' lang='lat' dir='ltr'><strong><em>&gt;n</em></strong></span> <span class='ocrx_word' id='word_1_260' title='bbox 1024 4029 1039 4039; x_wconf 94' lang='lat'>·</span> <span class='ocrx_word' id='word_1_261' title='bbox 1059 4000 1148 4061; x_wconf 90' lang='lat' dir='ltr'><strong><em>Quum</em></strong></span> <span class='ocrx_word' id='word_1_262' title='bbox 1168 4017 1234 4055; x_wconf 82' lang='lat' dir='ltr'><strong><em>vero</em></strong></span> <span class='ocrx_word' id='word_1_263' title='bbox 1255 4001 1325 4056; x_wconf 90' lang='lat' dir='ltr'><strong><em>haec</em></strong></span> <span class='ocrx_word' id='word_1_264' title='bbox 1344 4005 1464 4058; x_wconf 88' lang='lat' dir='ltr'><strong><em>crimina</em></strong></span> 
     </span>
     <span class='ocr_line' id='line_1_31' title="bbox 282 4105 1465 4176; baseline 0.003 -16"><span class='ocrx_word' id='word_1_265' title='bbox 282 4106 480 4176; x_wconf 83' lang='lat' dir='ltr'><strong><em>complicitatis</em></strong></span> <span class='ocrx_word' id='word_1_266' title='bbox 499 4105 653 4174; x_wconf 87' lang='lat' dir='ltr'><strong><em>puniuntor</em></strong></span> <span class='ocrx_word' id='word_1_267' title='bbox 671 4106 750 4176; x_wconf 84' lang='lat' dir='ltr'><strong><em>quusi</em></strong></span> <span class='ocrx_word' id='word_1_268' title='bbox 769 4106 873 4160; x_wconf 86' lang='lat' dir='ltr'><strong><em>delicto</em></strong></span> <span class='ocrx_word' id='word_1_269' title='bbox 892 4107 936 4160; x_wconf 83' lang='lat' dir='ltr'><strong><em>sui</em></strong></span> <span class='ocrx_word' id='word_1_270' title='bbox 954 4107 1075 4174; x_wconf 82' lang='lat' dir='ltr'><strong><em>qeneris,</em></strong></span> <span class='ocrx_word' id='word_1_271' title='bbox 1095 4109 1161 4159; x_wconf 88' lang='lat' dir='ltr'><strong><em>tunc</em></strong></span> <span class='ocrx_word' id='word_1_272' title='bbox 1181 4106 1319 4176; x_wconf 88' lang='lat' dir='ltr'><strong><em>quianon</em></strong></span> <span class='ocrx_word' id='word_1_273' title='bbox 1338 4109 1465 4164; x_wconf 78' lang='lat' dir='ltr'><strong><em>conside-</em></strong></span> 
     </span>
    </p>
   </div>
   <div class='ocr_carea' id='block_1_6' title="bbox 282 4211 1465 4384">
    <p class='ocr_par' dir='ltr' id='par_1_7' title="bbox 282 4211 1465 4384">
     <span class='ocr_line' id='line_1_32' title="bbox 282 4211 1465 4280; baseline 0.002 -14"><span class='ocrx_word' id='word_1_274' title='bbox 282 4216 380 4266; x_wconf 87' lang='lat' dir='ltr'><strong><em>rentur</em></strong></span> <span class='ocrx_word' id='word_1_275' title='bbox 399 4213 440 4266; x_wconf 91' lang='lat' dir='ltr'><strong><em>uti</em></strong></span> <span class='ocrx_word' id='word_1_276' title='bbox 460 4212 578 4265; x_wconf 86' lang='lat' dir='ltr'><strong><em>crimina</em></strong></span> <span class='ocrx_word' id='word_1_277' title='bbox 596 4214 765 4278; x_wconf 81' lang='lat' dir='ltr'><strong><em>accessoria,</em></strong></span> <span class='ocrx_word' id='word_1_278' title='bbox 785 4211 832 4264; x_wconf 86' lang='lat' dir='ltr'><strong><em>sed</em></strong></span> <span class='ocrx_word' id='word_1_279' title='bbox 853 4211 893 4264; x_wconf 90' lang='lat' dir='ltr'><strong><em>oti</em></strong></span> <span class='ocrx_word' id='word_1_280' title='bbox 919 4211 1036 4264; x_wconf 80' lang='lat' dir='ltr'><strong><em>crimina</em></strong></span> <span class='ocrx_word' id='word_1_281' title='bbox 1058 4227 1114 4280; x_wconf 89' lang='lat' dir='ltr'><strong><em>per</em></strong></span> <span class='ocrx_word' id='word_1_282' title='bbox 1131 4228 1162 4266; x_wconf 84' lang='lat' dir='ltr'><strong><em>se</em></strong></span> <span class='ocrx_word' id='word_1_283' title='bbox 1180 4212 1295 4278; x_wconf 85' lang='lat' dir='ltr'><strong><em>stantia,</em></strong></span> <span class='ocrx_word' id='word_1_284' title='bbox 1314 4213 1465 4268; x_wconf 84' lang='lat' dir='ltr'><strong><em>incurrunt</em></strong></span> 
     </span>
     <span class='ocr_line' id='line_1_33' title="bbox 283 4312 1465 4384; baseline -0.001 -16"><span class='ocrx_word' id='word_1_285' title='bbox 283 4331 392 4384; x_wconf 85' lang='lat' dir='ltr'><strong><em>poenas,</em></strong></span> <span class='ocrx_word' id='word_1_286' title='bbox 413 4315 466 4368; x_wconf 89' lang='lat' dir='ltr'><strong><em>etsi</em></strong></span> <span class='ocrx_word' id='word_1_287' title='bbox 485 4315 591 4368; x_wconf 87' lang='lat' dir='ltr'><strong><em>crimen</em></strong></span> <span class='ocrx_word' id='word_1_288' title='bbox 610 4313 762 4383; x_wconf 87' lang='lat' dir='ltr'><strong><em>principale</em></strong></span> <span class='ocrx_word' id='word_1_289' title='bbox 782 4316 1002 4366; x_wconf 83' lang='lat' dir='ltr'><strong><em>consummatum</em></strong></span> <span class='ocrx_word' id='word_1_290' title='bbox 1022 4329 1077 4366; x_wconf 91' lang='lat' dir='ltr'><strong><em>non</em></strong></span> <span class='ocrx_word' id='word_1_291' title='bbox 1095 4312 1188 4367; x_wconf 84' lang='lat' dir='ltr'><strong><em>fuerit.</em></strong></span> <span class='ocrx_word' id='word_1_292' title='bbox 1215 4312 1293 4367; x_wconf 88' lang='lat' dir='ltr'><strong><em>Tunc</em></strong></span> <span class='ocrx_word' id='word_1_293' title='bbox 1312 4313 1386 4368; x_wconf 88' lang='lat' dir='ltr'><strong><em>enim</em></strong></span> <span class='ocrx_word' id='word_1_294' title='bbox 1407 4329 1465 4367; x_wconf 88' lang='lat' dir='ltr'><strong><em>non</em></strong></span> 
     </span>
    </p>
   </div>
   <div class='ocr_carea' id='block_1_7' title="bbox 282 4416 1026 4498">
    <p class='ocr_par' dir='ltr' id='par_1_8' title="bbox 282 4416 1026 4498">
     <span class='ocr_line' id='line_1_34' title="bbox 282 4416 1026 4498; baseline -0.007 -22"><span class='ocrx_word' id='word_1_295' title='bbox 282 4422 361 4490; x_wconf 86' lang='lat' dir='ltr'><strong><em>viget</em></strong></span> <span class='ocrx_word' id='word_1_296' title='bbox 379 4419 490 4490; x_wconf 79' lang='lat' dir='ltr'><strong><em>regula:</em></strong></span> <span class='ocrx_word' id='word_1_297' title='bbox 509 4420 693 4476; x_wconf 84' lang='lat' dir='ltr'><strong><em>accessorium</em></strong></span> <span class='ocrx_word' id='word_1_298' title='bbox 713 4419 839 4488; x_wconf 84' lang='lat' dir='ltr'><strong><em>sequitur</em></strong></span> <span class='ocrx_word' id='word_1_299' title='bbox 859 4416 1026 4498; x_wconf 31' lang='lat' dir='ltr'><strong><em>principale..</em></strong></span> 
     </span>
    </p>
   </div>
   <div class='ocr_carea' id='block_1_8' title="bbox 0 0 1646 5102">
    <p class='ocr_par' dir='ltr' id='par_1_9' title="bbox 0 0 1646 5102">
     <span class='ocr_line' id='line_1_35' title="bbox 0 0 1646 5102; baseline 0 0"><span class='ocrx_word' id='word_1_300' title='bbox 0 0 1646 5102; x_wconf 95' lang='lat' dir='ltr'><strong><em> </em></strong></span> 
     </span>
    </p>
   </div>
  </div>
 </body>
</html>
