3312 5108
540 353 583 400 nn
608 353 764 400 nunionis
788 353 831 399 er
855 355 976 402 Poenis
1302 337 1346 402 33

166 475 376 558 eumdemque
399 475 527 560 publice
544 477 865 542 excommunicatum.
891 479 937 544 cf.
963 478 1057 564 Sayr,
1083 477 1128 544 lib
1149 480 1168 544 1
1193 479 1240 544 Dc
1257 499 1344 546 cens.

169 599 363 682 cap.10,n.
381 600 442 682 105
466 599 597 681 Suarez,
622 601 671 666 De
687 619 775 666 can.
792 601 889 684 Disp.
907 603 940 675 5,
964 607 1041 668 recl.
1059 601 1092 684 3,
1112 623 1146 667 n.
1163 603 1205 666 14
1221 603 1278 688 (l).

258 721 311 786 22.
337 721 471 786 Domum
501 724 699 806 inquiramus
729 743 771 786 an
803 725 873 788 iure
908 743 978 788 can.
1012 725 1120 812 vigeat
1154 725 1346 810 principium

170 845 265 912 hodie
298 849 416 932 passim
450 847 621 912 admissum
653 848 685 912 in
717 847 880 912 codicibus
914 848 1101 932 poenalibus
1125 845 1184 931 (2),
1212 867 1345 933 nempe:

171 972 304 1036 nullum
317 972 446 1038 manea
460 972 533 1038 sine
546 975 617 1058 lupe
623 991 637 1055 ,·
652 973 749 1038 nulla
760 991 874 1055 poena
889 973 963 1039 siae
974 974 1055 1059 leae.
1073 1009 1091 1020 -
1108 973 1185 1039 Iure
1198 975 1347 1038 Romano

105 1184 109 1195 Ι
171 1093 258 1158 aliud
281 1093 412 1178 uigebat
433 1095 636 1179 principium,
661 1113 730 1179 a1·g.
756 1095 776 1158 l.
801 1096 829 1168 1,
847 1091 880 1160 0.
910 1093 972 1162 Ubi
995 1095 1037 1161 da
1060 1097 1167 1168 atra,
1192 1095 1347 1180 siquideln

173 1223 304 1304 praeter
326 1220 463 1284 crimina
479 1219 631 1305 lepilinaa
654 1239 710 1284 seu
731 1220 912 1286 ordinaria
935 1221 1009 1308 lege
1032 1221 1158 1307 poenali
1182 1241 1347 1308 expressa,

172 1344 374 1411 habebantur
389 1347 525 1411 crimina
542 1345 805 1414 extraordinaria
821 1366 878 1411 seu
897 1367 962 1412 non
979 1348 1129 1435 lepitima
1152 1369 1208 1414 seu
1224 1348 1349 1434 legibus

173 1471 360 1555 poenalibus
383 1491 448 1536 non
472 1471 716 1558 comprehensa,
730 1490 812 1555 quae
827 1492 847 1536 a
862 1472 967 1538 iudice
990 1472 1151 1558 punienda
1174 1479 1267 1538 erant
1290 1493 1350 1559 pro

174 1616 230 1662 suo
253 1596 389 1661 arbitrio
412 1617 472 1682 pro
494 1597 654 1663 adiunctis
686 1617 797 1662 rerum
822 1603 854 1662 et
876 1617 1099 1684 personarum.
1130 1600 1216 1664 Hinc
1239 1597 1351 1664 liuius-

173 1723 258 1790 modi
288 1743 413 1808 poenae
436 1723 541 1789 dictae
570 1729 645 1790 sunl
668 1724 875 1790 arbitrariae
899 1761 916 1774 -
942 1728 1039 1809 Atqui
1064 1727 1352 1792 iu1·ecan.adhuo

174 1845 262 1928 uiget
284 1843 465 1910 huiusmodi
476 1849 627 1929 systema,
645 1846 728 1929 quod
744 1846 907 1931 explicant
922 1843 1119 1936 Canonistae
1135 1853 1167 1912 et
1184 1849 1352 1914 Commen-

174 1975 296 2036 tatores
312 1975 446 2055 agentes
461 1970 500 2035 de
518 1970 571 2036 lib.
591 1971 625 2046 V,
643 1971 774 2036 Deerat.
792 1971 838 2037 ad
856 1971 901 2036 til.
919 1970 969 2036 37
985 1972 1351 2057 aepoenis:cf.Enge1

184 2095 295 2172 V,37,
312 2097 347 2161 2.
374 2132 391 2146 -
417 2097 519 2173 Quam
544 2097 584 2163 ob
615 2097 800 2163 facultatem
836 2098 935 2163 iudex
970 2099 1208 2164 ecclesiasticus
1241 2100 1353 2184 poenis
1394 2085 1396 2090 ¹

176 2241 383 2306 compescere
399 2222 486 2287 valet
507 2221 682 2287 laesionem
698 2222 779 2307 legis
802 2242 883 2307 pure
906 2223 1065 2288 naturalis
1088 2227 1143 2288 aul
1158 2222 1271 2296 civilis,
1296 2243 1353 2288 seu

176 2345 310 2412 ratione
327 2346 469 2428 peccati,
496 2347 540 2410 uti
563 2345 672 2410 aiebat
696 2346 768 2410 lnu.
787 2345 835 2411 lIl
861 2365 935 2428 cap.
948 2344 1000 2416 13,
1025 2346 1075 2412 De
1090 2345 1162 2412 iud.
1180 2337 1215 2409 X
1235 2345 1291 2430 (ll,
1311 2345 1353 2432 1),

178 2471 438 2553 quotiescumque
472 2470 535 2535 boc
569 2474 737 2554 peccatum
774 2471 915 2556 speciem
954 2469 1065 2534 induat
1103 2468 1211 2533 delicti
1251 2467 1355 2552 quoad

177 2594 364 2661 societatem
392 2589 662 2666 ecclesiasticam,
687 2597 794 2680 prouti
817 2594 1060 2680 explicavimus.
1087 2629 1104 2642 -
1131 2595 1236 2658 Porro
1260 2613 1355 2658 nemo

178 2738 243 2782 non
266 2719 363 2792 videl,
384 2737 504 2803 poenam
527 2716 728 2792 arbitrariae,
746 2699 916 2783 dummodo
933 2718 984 2782 his
999 2737 1064 2782 non
1080 2718 1232 2784 abutatur
1247 2717 1355 2798 iudex,

181 2849 226 2911 ita
242 2845 440 2931 respondere
456 2843 512 2910 fini
531 2845 710 2926 Ecclesiae,
728 2865 786 2910 seu
800 2847 976 2930 praecipue
992 2847 1140 2930 privatae
1155 2841 1296 2908 fidelium
1312 2845 1357 2906 in-

187 2969 343 3032 stitutioni
368 2973 403 3032 ut
426 2966 501 3032 illae
523 2986 688 3050 nunquam
724 2972 952 3053 expungantur
975 2985 995 3030 a
1018 2965 1185 3050 disciplina
1220 2965 1356 3050 poenali.

188 3093 236 3161 Cf.
262 3095 396 3174 Suarez,
419 3093 470 3160 De
493 3093 632 3180 lapibus,
657 3096 684 3159 l.
705 3093 740 3168 V,
765 3111 791 3159 c.
808 3093 854 3156 11.

181 3291 257 3372 51.
283 3323 301 3338 ·
325 3288 504 3356 Nonnulla
537 3288 729 3372 specialiter
762 3289 980 3372 eapticantur
1013 3288 1056 3354 ale
1089 3288 1217 3354 damno
1253 3293 1283 3352 el
1318 3285 1360 3353 cle

270 3415 350 3480 dolo
375 3432 435 3478 seu
465 3413 508 3478 cle
531 3415 692 3480 elemento
723 3419 794 3478 lum
818 3412 975 3479 obiectiuo
1000 3417 1071 3477 tum
1093 3387 1275 3478 subiect-too
1307 3411 1360 3476 cle·

272 3555 351 3622 licii.

183 3764 399 3823 Samarium.
419 3795 453 3809 -
472 3767 514 3821 23.
535 3767 619 3822 Dolus
638 3771 680 3822 est
699 3767 867 3822 elementum
886 3769 1076 3834 subiectiaam,
1093 3766 1222 3820 damnum
1242 3767 1362 3823 elomen-

275 3878 334 3928 tum
354 3877 525 3930 obiectiuum.
546 3903 580 3916 -
600 3873 641 3928 al.
662 3873 798 3928 Damnum
823 3891 872 3929 seu
892 3873 1000 3928 iactura
1019 3877 1126 3928 ordinis
1144 3875 1257 3929 socialis
1277 3875 1362 3930 efficit

273 4055 314 4124 (l)
334 4053 441 4109 Diversi
467 4058 595 4123 aspectus
620 4054 702 4108 unius
726 4053 846 4107 actionis
870 4069 919 4107 seu
945 4052 1038 4122 plures
1063 4051 1288 4106 circumstantiae
1307 4068 1362 4105 nou

186 4161 376 4232 multiplicant
390 4161 500 4224 delicta,
519 4163 543 4215 si
563 4163 633 4217 istae
653 4179 683 4217 se
701 4161 824 4216 babeant
842 4161 877 4215 ad
896 4161 1015 4216 invicem
1035 4164 1067 4215 ul
1085 4178 1178 4230 genus*
1193 4165 1223 4214 et
1240 4160 1362 4229 speciem
1480 4199 1483 4206 .

186 4270 227 4323 ita
244 4268 377 4324 delictum
396 4269 518 4324 omicidii
537 4269 696 4323 continetur
714 4269 743 4322 in
762 4267 865 4322 delicto
884 4267 1033 4337 parricidii.

274 4375 315 4446 (2)
333 4375 374 4428 Cl'.
398 4375 463 4430 aaa.
479 4391 562 4446 poan.
581 4375 754 4441 ilal.art.1,·
773 4403 787 4412 -
806 4373 880 4442 pall.
898 4383 951 4426 art.
965 4374 999 4440 43
1019 4401 1034 4414 ·
1051 4374 1158 4444 hispan.
1178 4382 1230 4426 art.
1247 4373 1338 4438 1e23
1349 4400 1363 4412 ·

188 4479 227 4538 Cf.
247 4483 360 4548 Berner,
379 4481 526 4537 Lebrbacb
544 4484 595 4537 des
614 4482 767 4536 deutschen
786 4482 959 4550 strasreclas.

331 4573 391 4626 Suc.
411 4571 489 4642 Lapa
1203 4567 1220 4622 3
