3266 5102
486 304 530 350 nn
553 302 711 351 naurcrrs
735 303 778 350 nr
801 303 921 351 rosms
1226 283 1291 350 173

120 429 329 515 gulositatem,
351 449 445 516 posse
468 431 648 496 Romanurn
673 427 865 495 Pontificem
895 428 1093 515 suspendere
1123 427 1163 494 ad
1194 448 1293 494 unuin

119 555 168 619 rel
188 555 228 620 ad
251 555 392 620 alterum
414 559 522 620 actum
544 555 599 620 vel
621 551 771 621 effectum
795 560 929 620 tantum.

204 681 275 746 118.
303 679 471 768 Quaerunt
490 681 566 762 Do,
583 699 625 744 an
640 681 800 766 Episcopo
823 681 985 766 integrum
1000 681 1042 744 sit
1057 699 1121 744 non
1138 700 1231 748 secus
1254 699 1294 745 ac

120 808 219 891 Papae
245 806 357 872 taliter
380 806 577 891 suspendere
600 826 755 872 censuras
778 806 830 872 vel
854 807 934 872 alias
957 827 1077 892 poenas
1100 827 1120 872 a
1143 826 1177 870 se
1200 806 1292 880 letas,

119 933 222 1014 utputa
236 928 277 994 ad
295 927 444 994 effectum
457 929 646 995 conferendi
662 928 853 995 beneficium
866 929 991 995 cuidam
1004 930 1291 995 excommunicato.

121 1057 157 1122 Et
178 1058 379 1121 communior
401 1057 562 1122 sententia
584 1062 618 1121 et
640 1056 737 1141 longe
766 1058 877 1120 verior
900 1061 1015 1142 negat,
1041 1057 1115 1139 quia
1138 1055 1187 1120 ius
1211 1074 1294 1120 com·

120 1197 291 1262 muneque
323 1197 500 1263 poenarum
525 1173 657 1244 effectus
680 1179 927 1250 constituuntur,
953 1175 1146 1242 determinat
1173 1195 1293 1262 poenas

120 1303 180 1367 tolli
203 1323 261 1388 per
285 1303 530 1370 absolutionem
546 1309 603 1368 aut
629 1303 915 1388 dispensationem
931 1302 987 1367 sed
1010 1302 1050 1367 de
1073 1301 1294 1386 suspensione

120 1429 192 1494 nibil
207 1433 311 1504 cavet,
331 1449 426 1514 quarn
441 1434 563 1495 tantum
580 1429 734 1495 Pontifex
750 1430 783 1494 in
799 1429 946 1494 Ecclesia
965 1429 1077 1494 statuit
1100 1427 1140 1492 ob
1160 1445 1295 1513 praeva-

121 1552 228 1617 lentem
252 1555 481 1620 auctoritatem
498 1555 531 1618 in
547 1555 649 1638 ipsum
666 1555 715 1618 ius
732 1571 917 1626 commune;
935 1553 978 1617 ita
995 1551 1124 1625 suarez,
1139 1550 1189 1617 De
1205 1569 1292 1617 oeus.

128 1675 158 1748 V,
180 1677 209 1750 4,
234 1678 266 1750 7,
284 1679 365 1742 item
387 1677 581 1744 Thesaurus
603 1678 625 1742 t.
643 1677 695 1744 cit.
713 1677 766 1760 qui
790 1681 899 1740 tamen
921 1675 1025 1742 addit:
1046 1696 1064 1739 c
1082 1677 1124 1740 Et
1147 1676 1230 1740 haec
1246 1677 1295 1739 est

121 1803 211 1886 inagis
237 1804 435 1878 communis;
459 1804 604 1887 quamvis
635 1804 800 1868 contraria
829 1803 870 1866 sit
900 1800 1075 1886 probabilis
1106 1801 1291 1873 multorum,

121 1926 195 2008 quod
217 1927 454 2012 Episcopus(l)
479 1926 556 2014 (non
579 1933 688 1993 tamen
712 1927 847 1992 inferior
862 1926 1049 2006 Praelatus)
1071 1927 1171 2012 possit
1193 1925 1294 1991 absol·

121 2069 191 2114 rere
213 2050 310 2115 modo
334 2051 500 2136 praedicto
525 2052 564 2117 ad
589 2057 713 2119 eertum
741 2055 847 2118 actum
871 2072 899 2117 e.
924 2073 955 2138 g.
980 2051 1170 2118 conferendi
1200 2050 1295 2116 bene

121 2169 216 2238 ficium
232 2177 523 2249 excommunicato,
544 2197 708 2262 suspenso,
723 2177 749 2242 si
761 2177 834 2242 talis
850 2179 892 2241 sit
907 2195 1047 2241 censura
1062 2195 1126 2260 qua
1141 2177 1209 2260 ipse
1224 2195 1293 2260 pos·

122 2298 157 2361 sit
170 2298 340 2364 absolvere
354 2301 427 2365 iure
443 2300 606 2365 ordinario
620 2320 650 2364 u.
669 2299 821 2367 Arbitror
837 2301 1012 2386 Episcopos
1030 2320 1094 2364 non
1112 2298 1231 2364 debere
1246 2298 1294 2365 uti

121 2420 176 2487 hac
197 2426 358 2508 opinione,
382 2427 428 2492 ita
449 2425 635 2490 auferentes
658 2444 834 2510 poenarum
861 2419 997 2490 effectus
1019 2425 1096 2490 iure
1121 2424 1294 2490 communi

122 2551 253 2622 statutos,
270 2569 340 2614 non
362 2550 505 2615 resoluta
527 2569 648 2636 poena;
672 2548 729 2616 sed
751 2555 869 2624 tamen
883 2556 989 2616 stante
1011 2548 1106 2614 dubio
1130 2551 1220 2624 iuris,
1238 2569 1293 2614 eos

121 2691 178 2736 non
200 2692 269 2740 esse
292 2675 526 2758 inquietandos,
544 2677 608 2758 qni,
626 2674 689 2740 hac
712 2677 848 2748 ratione,
864 2673 1057 2740 beneficium
1080 2679 1136 2740 aut
1158 2675 1293 2760 privile-

121 2799 199 2882 gium
220 2800 420 2866 obtinuerint
442 2800 499 2886 (2),
524 2819 605 2884 quae
633 2802 810 2888 Episcopus
832 2821 897 2865 non
926 2799 1113 2866 intendebat
1140 2800 1295 2864 conferre

121 2923 175 2986 nisi
196 2924 390 3008 praehabita
411 2925 631 3008 suspensione
653 2923 786 2992 effectus
810 2926 965 3010 poenalis.

121 3151 251 3206 absolutio
263 3171 337 3224 quse
356 3153 446 3220 datur,
459 3155 623 3208 nominatim
637 3153 893 3220 excommunicatis,
907 3154 935 3207 in
949 3153 1034 3207 Sacra
1047 3153 1155 3207 Poenit.
1169 3169 1217 3222 per
1230 3157 1295 3206 octo

121 3255 173 3310 dies
190 3259 223 3312 ad
238 3261 371 3314 effectum
390 3260 574 3331 consequendi
588 3259 778 3330 indulgentias
792 3259 877 3315 Urbis
889 3278 914 3316 a.
934 3260 964 3312 ln
978 3260 1155 3314 concessione
1177 3259 1294 3314 lubilaei

122 3361 196 3417 datur
208 3366 329 3420 facultas
342 3368 518 3422 confessariis
538 3369 698 3438 approbatis
712 3367 873 3422 absolvendi
886 3366 982 3421 fideles
995 3385 1011 3420 a
1024 3368 1132 3421 casibus
1146 3365 1295 3420 reservatis

122 3471 273 3540 papalibus3
292 3475 328 3528 ab
348 3471 392 3528 his
410 3490 520 3546 quoque
539 3475 688 3529 reservatis
706 3475 766 3528 iure
785 3473 899 3543 speciali
914 3473 1082 3538 Ordinariis‚·
1097 3473 1196 3528 saltem
1214 3473 1294 3528 iuxta

122 3577 286 3644 probabilem
305 3581 483 3646 sententiam,
501 3597 551 3636 nec
570 3597 625 3634 non
644 3581 799 3635 acensuris
816 3583 851 3634 ult
864 3581 990 3643 bouaiue,·
1004 3583 1033 3632 at
1048 3581 1137 3633 abbis
1150 3579 1295 3634 dumtaxat

122 3681 152 3734 ad
169 3685 296 3740 effectum
314 3686 440 3741 lucrandi
460 3687 621 3741 lubilaoum.

203 3793 241 3864 (l)
261 3793 368 3849 Verum
386 3796 408 3848 si
429 3797 488 3850 iura
503 3795 641 3850 communi
661 3811 715 3850 non
730 3793 892 3866 prohibetur
906 3795 1050 3863 Episcopo
1063 3809 1118 3847 non
1131 3798 1210 3863 patet
1222 3793 1296 3848 ratio

122 3911 166 3947 cur
183 3897 364 3966 prohibeatur
382 3899 513 3955 Praelato
532 3899 671 3966 inferiori3
689 3917 774 3970 quum
793 3899 865 3953 nibil
884 3900 912 3954 in
932 3900 992 3953 iura
1011 3901 1152 3953 caveatur.

205 4003 243 4074 (2)
264 4005 421 4060 Recensent
440 4005 470 4058 D.
484 4006 513 4058 D.
528 4005 613 4060 alium
633 4005 745 4060 modurn
759 4005 963 4075 suspensionis‚·
983 4023 1045 4060 eum
1060 4007 1158 4074 nempe
1171 4004 1219 4074 qui
1232 4021 1297 4073 pro·

122 4108 195 4164 venit
212 4129 246 4165 ex
266 4112 398 4167 dilatione
416 4129 499 4182 quam
519 4113 646 4167 concedit
671 4113 791 4168 creditor
816 4113 934 4167 debitori
954 4115 1004 4166 sub
1025 4128 1114 4182 poena
1138 4128 1296 4166 excommu-

124 4213 265 4271 nicationis
283 4217 407 4286 obligato
426 4235 442 4272 a
460 4218 550 4274 iudica
569 4219 603 4274 ad
622 4237 680 4274 rem
699 4220 820 4274 debitam
840 4223 917 4274 certo
930 4225 1055 4288 ternpore
1075 4225 1104 4274 et
1122 4220 1203 4273 modo
1216 4235 1296 4288 prae·

124 4321 252 4377 subdam.
269 4325 447 4380 communior
469 4329 513 4382 est
538 4326 641 4396 opinis,
660 4327 802 4396 integrum
825 4343 886 4382 esse
912 4327 1042 4381 creditori
1066 4327 1108 4381 ita
1127 4327 1296 4396 suspendere

124 4442 251 4487 censurae
269 4433 467 4502 irrogationem
486 4433 660 4488 concedendo
678 4433 857 4499 dilationem
877 4433 986 4501 Saurea,
1002 4435 1058 4504 m,
1072 4453 1094 4490 e.
1119 4435 1147 4488 8.
1171 4434 1223 4490 Sed
1245 4432 1295 4488 alii
