3290 5100
540 297 584 342 1111
607 273 761 344 nnmcms
785 296 827 342 nr
850 295 970 344 sosius

668 665 785 736 (larun
810 669 835 733 1.

599 879 645 934 DE
665 877 912 934 SCHISMATlClS
943 917 948 926 .

200 1001 245 1055 ET
267 1000 312 1056 DE
332 1000 375 1056 llS
395 1001 457 1062 QUI
479 999 1305 1057 ROM.PONT1FICIOBEDIENT1AMDETREGTANT.
1407 996 1411 1002 '

412 1162 464 1204 liae
478 1160 571 1215 reserat,
586 1161 621 1204 tit.
636 1162 657 1216 8,
673 1161 712 1206 lib.
728 1163 756 1214 V,
769 1161 801 1214 X,
815 1165 839 1204 et
853 1162 888 1204 tit.
903 1163 924 1215 3,
940 1160 979 1204 lih.
993 1161 1022 1215 V,
1036 1161 1059 1204 iu
1073 1161 1094 1204 6.

170 1368 388 1426 summarium.
400 1399 437 1412 -
449 1371 510 1426 434.
530 1373 648 1434 Quinam
666 1372 794 1427 dicantur
812 1371 992 1426 schismatici.
1004 1400 1040 1414 -
1052 1370 1112 1426 435.
1126 1370 1252 1425 Schisma
1266 1370 1342 1424 aliud

249 1498 368 1552 purum,
388 1481 463 1535 alind
482 1498 536 1536 non
552 1500 659 1552 purum
679 1499 727 1538 seu
747 1483 900 1536 admixtum
918 1480 1036 1536 haeresi.
1055 1509 1089 1522 -
1102 1479 1163 1534 436.
1183 1479 1222 1533 De
1240 1479 1275 1532 iis
1294 1477 1341 1549 qui

253 1605 283 1644 se
309 1588 477 1644 subtrahunt
502 1591 537 1644 ab
562 1590 723 1646 obedientia
745 1591 888 1645 Pontificis
912 1605 961 1660 pro
986 1593 1111 1659 tempore
1133 1587 1288 1644 existentis.
1306 1614 1342 1627 -

253 1695 316 1750 437.
339 1695 378 1750 De
398 1697 476 1766 ponis
494 1698 523 1751 in
544 1697 679 1753 eiusmodi
699 1697 898 1752 schismaticos.
910 1725 947 1738 -
959 1698 1019 1752 438.
1034 1698 1073 1752 De
1085 1697 1249 1751 ordinatiss
1267 1694 1342 1749 schi-

254 1805 386 1859 smaticis.
405 1833 441 1846 -
461 1805 522 1859 439.
543 1805 725 1876 Appellantes
743 1807 777 1860 acl
795 1807 920 1860 futurum
946 1805 1103 1862 universale
1126 1805 1274 1860 concilium
1297 1805 1341 1859 vel

255 1915 542 1970 excommunicatione
562 1913 607 1969 uel
626 1915 775 1968 interdicto
793 1914 983 1984 percelluntur
1002 1931 1018 1968 a
1037 1913 1129 1969 Consi.
1149 1915 1204 1985 Ap.
1220 1915 1306 1969 Sedis.

259 2161 334 2226 434.
359 2161 559 2228 schismatici
581 2163 613 2226 hi
631 2166 706 2228 sunt
721 2163 774 2246 qui
790 2163 948 2228 recedunt
963 2162 1003 2226 ab
1019 2163 1141 2228 unitate
1156 2163 1341 2236 Ecclesiae;

158 2285 202 2350 ‘ia
227 2291 393 2369 quautam
417 2305 457 2352 ea
481 2293 528 2354 est
552 2307 676 2370 corpus
695 2287 865 2354 misticum
888 2307 933 2352 ecc
955 2287 1109 2372 fidelibus
1132 2293 1163 2352 et
1186 2286 1343 2374 tepitimis

160 2408 359 2490 pastoribus
382 2430 423 2474 ac
441 2411 647 2493 praesertim
671 2410 827 2478 Romano
850 2411 1014 2497 Pontifice
1034 2417 1210 2498 tamquam
1234 2410 1342 2492 capite

166 2540 334 2600 coustaus.
353 2571 370 2584 -
389 2537 439 2602 lta
455 2539 640 2602 canonistas
663 2543 735 2623 post
754 2539 790 2602 D.
808 2537 973 2602 Thcmam.
998 2538 1107 2612 Quare
1130 2541 1235 2611 etiam,
1260 2537 1342 2604 Sede

167 2659 314 2725 Romana
329 2681 440 2735 vacua,
457 2663 597 2726 schisma
620 2661 691 2727 fieri
707 2667 829 2747 potest:
846 2662 1000 2746 siquidem
1017 2683 1082 2727 non
1102 2661 1211 2728 deficit
1226 2664 1342 2746 unitas,

166 2782 225 2846 etsi
250 2783 289 2848 ad
313 2788 438 2870 tempus
462 2753 543 2850 desit
566 2785 742 2852 subiectum
764 2789 930 2871 potestatis
954 2787 1159 2872 primatialis;
1189 2785 1343 2851 Schisma

131 2935 136 2943 ·
166 2906 334 2992 siquidem
357 2911 470 2994 ipsum
494 2909 551 2997 (ait
574 2932 649 2978 aaa.
674 2911 731 2988 34,
757 2933 847 2979 caus.
872 2912 931 2987 24,
956 2932 987 2997 q.
1005 2911 1048 2998 1),
1065 2913 1157 2996 quod
1179 2929 1343 2998 praecum

165 3049 292 3098 nomeu
324 3037 387 3114 est,
420 3033 605 3100 scissuram
634 3041 742 3102 sonat.
775 3035 866 3100 Unde
897 3053 962 3099 noa
993 3035 1173 3120 concipitur
1204 3033 1345 3098 schisma

167 3157 346 3240 occutmm,
365 3159 410 3222 uti
430 3157 569 3224 habetur
592 3159 740 3226 haeresis
763 3161 903 3226 occidte.
930 3159 1008 3223 Nam
1032 3160 1171 3224 schisma
1194 3157 1230 3222 ia
1252 3155 1343 3239 facto

168 3279 325 3352 coadstit
350 3301 407 3347 seu
432 3283 463 3345 in
488 3285 690 3368 separatione
720 3283 759 3348 ab
788 3284 910 3348 unitate
935 3283 1100 3348 Ecclesiae
1125 3289 1157 3347 et
1180 3299 1344 3365 quousque

167 3403 336 3471 dumtaxat
359 3412 408 3472 est
422 3407 531 3474 verbis
546 3428 736 3494 expressum
757 3409 954 3494 propositum
970 3406 1135 3473 resiliendi
1158 3406 1198 3472 ab
1223 3407 1344 3471 unitate

168 3527 336 3594 Ecclesiae
367 3529 506 3596 habetur
535 3551 635 3617 grave
666 3538 832 3617 peccatum
864 3515 919 3596 sed
952 3550 1015 3596 non
1044 3533 1191 3616 patratur
1215 3530 1345 3595 aimeri

169 3653 366 3726 schismatis,
404 3656 465 3718 nisi
501 3676 596 3740 quum
630 3657 721 3738 facto
758 3654 927 3741 perficitur
960 3656 1119 3722 scissura.
1152 3654 1344 3721 constitutio

167 3775 278 3859 Apost.
305 3774 404 3849 Sedis,
431 3779 760 3844 excommunicatione
785 3779 919 3865 speciali
935 3778 1028 3843 modo
1044 3776 1152 3863 Papae
1178 3783 1345 3844 reservata

168 3898 281 3984 plectit
305 3900 373 3965 sub.
392 3921 424 3965 n.
443 3902 510 3968 lll:
530 3923 547 3964 ‹
566 3903 802 3969 Schismaticcs
826 3910 857 3969 et
872 3922 927 3971 eos
943 3903 1002 3988 qui
1025 3923 1047 3968 a
1062 3902 1211 3970 Romami
1226 3901 1344 3968 Pomti-

167 4025 239 4110 fiuis
259 4043 325 4108 pro
351 4037 501 4110 tempore
529 4028 718 4095 emsisteutis
744 4027 934 4095 obedientia
956 4027 1178 4110 pertinaciter
1205 4047 1240 4094 se
1267 4028 1344 4096 sub-
1388 4083 1390 4090 ,

171 4147 310 4214 trahunt
333 4153 385 4216 oet
408 4153 570 4218 recedunt
585 4175 616 4216 ›.

258 4273 334 4339 435.
361 4275 507 4341 Schisma
529 4275 647 4342 dicitur
665 4295 797 4360 purum
814 4275 896 4361 quod
912 4296 976 4342 noa
993 4281 1042 4343 est
1056 4275 1233 4341 admixtum
1249 4276 1345 4341 alicui

168 4396 307 4476 haeresi,
325 4407 375 4467 ast
390 4403 453 4469 hcc
469 4401 598 4469 difficile
615 4401 650 4468 lit
669 4404 695 4467 si
712 4403 850 4468 schisma
866 4400 919 4466 diu
934 4399 1097 4486 perduret,
1114 4401 1221 4487 prouti
1236 4406 1346 4467 monet

313 4527 373 4582 Suc.
392 4528 476 4599 Lapa.
1092 4565 1095 4570 ·
1203 4525 1239 4579 32
