3266 5102
496 303 539 350 oa
563 301 722 349 narreris
746 301 788 347 nr
811 300 932 347 Porrus
1241 279 1305 344 125

117 435 193 494 sent
209 430 374 515 gravioris
390 428 653 514 reprehensionis
669 427 809 513 dignum.
830 425 880 509 Cf.
897 426 963 492 Cic.
981 425 1030 491 De
1046 425 1125 510 Lep.
1139 425 1178 490 Il
1180 425 1206 496 l,
1220 423 1254 500 3,
1269 424 1292 488 7
1294 475 1301 496 ‚

118 561 153 622 et
177 575 239 640 pro
263 553 390 620 Cluent.
416 553 482 636 aa·
505 553 576 618 Liu.
603 553 622 617 1
631 552 666 625 V,
692 551 723 624 8,
749 551 774 616 2
802 549 857 634 (l).

211 680 284 744 Hoc
315 680 505 758 institutum,
530 679 593 742 iam
617 697 637 741 a
661 679 765 763 prima
788 681 904 750 aetate,
929 676 1123 740 examussim
1141 674 1303 786 quadrare

117 806 225 870 risum
249 806 355 870 estin
381 804 639 868 constitutionem
664 803 832 868 Ecclesiae
863 821 945 884 quae
970 799 1081 864 sedulo
1111 819 1170 864 sua
1192 799 1303 864 sociali

119 938 261 998 externa
285 931 480 996 auctoritate
505 949 616 994 curem
641 929 726 1015 gerit
755 929 795 992 de
827 927 962 1012 singulis
985 923 1141 1000 fidelibus,
1175 932 1208 991 et
1231 945 1303 991 reo·

118 1077 193 1122 rum
221 1059 340 1142 satagit
371 1055 517 1121 obtinere
545 1053 811 1120 emendationem.
844 1054 992 1118 Ecclesia
1022 1073 1112 1118 suum
1146 1051 1225 1116 fecit
1254 1073 1305 1138 sy·

119 1185 226 1246 stema
249 1198 416 1245 censurae
438 1198 496 1243 seu
522 1177 683 1242 sollicitae
709 1177 999 1242 animadversionis
1023 1177 1055 1240 in
1081 1175 1304 1260 delinquentes

120 1311 155 1370 ut
179 1305 422 1390 resipiscerent.
436 1302 492 1386 (2).
510 1306 547 1369 In
559 1303 748 1388 pervicaces
761 1321 919 1369 censurae
932 1306 1179 1389 contemptores,
1194 1321 1235 1366 ne
1247 1320 1306 1367 sua

121 1433 288 1516 impietate
311 1430 459 1496 ordinem
482 1429 635 1494 socialem
658 1429 786 1514 penitus
809 1433 1046 1513 perverterent,
1075 1427 1304 1493 animadvertit

122 1576 177 1622 eos
194 1555 341 1622 eiciendo
357 1575 377 1619 a
393 1553 533 1620 fidelium
559 1554 784 1620 communione
801 1559 834 1618 et
848 1573 868 1618 a
884 1555 1000 1618 iurium
1019 1553 1190 1640 religiosae
1206 1555 1304 1618 socie·

122 1683 198 1748 tatis
221 1681 486 1765 partecipatione.
513 1681 551 1745 ln
575 1680 637 1744 boc
662 1681 757 1744 etiam
782 1683 894 1744 secuta
917 1684 966 1744 est
982 1681 1171 1764 sapientiam
1198 1697 1305 1742 roma-

122 1826 208 1870 nam.
236 1806 285 1870 Re
309 1805 435 1888 quidem
458 1825 539 1870 vera
563 1804 700 1869 Romani
723 1806 757 1867 in
780 1809 904 1868 tantam
935 1802 1069 1888 gloriam
1103 1802 1305 1870 devenerunt

121 1927 300 2012 vigilanter
331 1925 548 1991 custodientes
577 1933 612 1990 ut
644 1927 716 1990 iura
748 1925 914 1990 Romanae
946 1925 1083 1989 civitatis
1111 1929 1233 1988 tantum
1266 1925 1304 1988 iis

122 2051 443 2116 communicarentur
467 2052 521 2134 qui
544 2069 654 2136 opera,
678 2047 847 2134 probitate,
873 2050 1003 2134 ingenio
1029 2051 1165 2135 patriam
1190 2051 1304 2114 iurare

122 2180 285 2258 poterant.
312 2173 403 2240 Unde
425 2175 519 2259 pauci
543 2172 599 2238 sed
622 2173 714 2257 probi
730 2173 964 2258 gloriabantur
989 2192 1123 2237 romana
1155 2174 1302 2248 civitate3

122 2298 277 2382 reliquos,
295 2299 432 2362 Romani
458 2297 510 2360 vel
529 2297 562 2360 in
579 2297 767 2361 servitutem
788 2295 988 2381 redigebant,
1007 2297 1058 2360 rel
1075 2295 1133 2360 sibi
1150 2295 1303 2382 adiunge-

122 2421 202 2486 bant
218 2421 327 2504 aliquo
340 2423 411 2486 iure
428 2420 613 2490 colomario,
627 2422 674 2485 uti
687 2421 821 2485 Latinos
837 2421 889 2484 vel
906 2420 970 2484 alio
988 2419 1120 2485 loedere
1136 2422 1183 2485 uti
1207 2441 1302 2507 pere-

216 2651 255 2720 (l)
275 2649 411 2706 Censores
421 2652 541 2706 instituti
556 2655 621 2706 sunt
631 2669 655 2704 a.
666 2651 715 2705 311
730 2649 921 2720 Reipublicae,
932 2655 960 2704 et
970 2655 1118 2719 praeerant
1130 2651 1302 2720 potissimum

123 2763 222 2812 causat
234 2758 329 2827 populi
344 2759 528 2828 conficiendo:
541 2759 605 2812 hinc
618 2758 683 2812 dicti
699 2760 834 2813 Censores
847 2763 876 2812 et
889 2757 987 2812 exinde
1000 2757 1034 2812 de
1046 2758 1189 2811 ordinibus
1203 2759 1305 2812 civium

123 2881 220 2918 curam
240 2864 400 2918 babuerunt
419 2883 453 2920 ne
472 2867 593 2935 dignitas
612 2866 716 2920 ordinis
734 2865 779 2921 vel
796 2870 892 2919 coetus
904 2865 1025 2934 indignis
1045 2866 1167 2918 moribus
1187 2864 1306 2919 debone-

123 2977 249 3025 staretur
269 2977 298 3026 et
316 2975 484 3027 exercebant
501 2975 645 3038 iudicium,
665 2990 712 3028 seu
732 2975 1012 3037 unirrzadoersionem,
1032 2990 1081 3026 seu
1100 2974 1250 3025 arbitrium
1269 2975 1305 3026 de

123 3081 260 3133 moribus.
279 3077 320 3131 Cf.
340 3078 395 3132 Cic.
417 3081 458 3134 De
476 3081 546 3150 Περ.
566 3080 584 3132 I
588 3081 616 3147 V,
638 3081 665 3133 6.
685 3079 777 3134 Etiam
791 3080 820 3132 in
833 3079 959 3134 Ecclesia
971 3079 1067 3134 fideles
1080 3096 1141 3132 cum
1156 3079 1218 3132 aliis
1231 3095 1305 3132 com·

124 3184 287 3237 munionem
306 3182 448 3252 babentes,
463 3184 490 3238 in
505 3183 650 3256 quemdam
670 3202 781 3240 censam
796 3184 1037 3250 adscribebantnr3
1057 3200 1171 3254 quornm
1193 3182 1304 3236 nomina

125 3289 296 3358 legebantur
321 3290 348 3342 in
375 3289 493 3358 publicis
518 3291 710 3355 conventibus,
735 3294 763 3345 et
782 3289 822 3342 illi
844 3291 1075 3359 expungebantur
1094 3289 1128 3340 ab
1147 3287 1303 3341 huiusmodi

125 3412 212 3450 censu
231 3396 280 3466 qui
300 3398 620 3452 excommunicabantur.
643 3397 718 3452 Libri
738 3414 837 3451 census
856 3397 1019 3451 dicebantur
1037 3398 1132 3466 dipticr'
1153 3413 1200 3451 seu
1224 3413 1305 3450 cano-

125 3521 177 3559 nes
191 3509 220 3558 et
233 3505 449 3559 recensebantur
459 3505 554 3560 fideles
564 3510 623 3558 tum
635 3507 690 3559 vivi
705 3509 763 3559 tum
776 3505 913 3559 demortui
927 3507 955 3558 in
968 3505 1063 3558 osculo
1076 3503 1304 3558 Christi-Cano·

127 3629 177 3665 nes
190 3612 239 3681 qui
253 3610 343 3664 adbuc
357 3612 384 3664 in
398 3611 484 3665 Missa
496 3617 652 3681 supersunt,
666 3617 731 3665 sunt
747 3611 828 3665 huius
840 3611 1003 3680 disciplinae
1017 3609 1174 3679 vestigium.
1189 3610 1229 3662 Cs.
1244 3609 1306 3664 Ser·

126 3715 221 3770 mendi
241 3715 333 3769 iacobi
353 3716 496 3784 egregium
515 3733 585 3786 opus
605 3717 728 3770 Historia
742 3721 848 3787 poenit.
864 3716 1004 3787 publicae.
1031 3715 1152 3768 Veneriis
1173 3714 1262 3778 1728,
1276 3718 1304 3766 et

127 3821 275 3876 Ducbesne
298 3821 413 3892 Origine
430 3823 469 3876 du
488 3825 562 3878 culte
582 3822 706 3878 cbrdtiea
719 3853 735 3863 ·
749 3822 827 3892 chap.
848 3839 893 3876 xv.

217 3913 258 3982 (2)
272 3911 404 3966 Historici
418 3914 552 3979 referunt,
565 3913 764 3982 rempublicam
778 3913 948 3967 Venetorum
962 3911 1083 3981 pressius
1095 3909 1250 3964 inhaesisse
1260 3925 1305 3964 ve·

126 4019 221 4088 stigiis
242 4019 430 4074 Romanorum
449 4020 477 4073 in
496 4020 554 4072 suis
572 4018 730 4088 primordiis
743 4019 863 4072 maxime
878 4035 926 4088 per
938 4017 1119 4071 constitutam
1134 4021 1162 4070 et
1183 4015 1307 4084 rigorose

127 4127 282 4181 exercitam
289 4127 435 4198 publicam
449 4143 612 4191 censuram
626 4133 655 4179 et
668 4124 864 4179 blacchiavelli
880 4127 1005 4179 Discorsi
1012 4153 1026 4163 -
1040 4125 1101 4177 Tito
1111 4123 1190 4176 Liuio
1200 4152 1215 4161 -
1225 4123 1273 4176 tib.
1283 4124 1306 4176 1.

127 4233 241 4299 etalii,
260 4233 349 4288 relati
374 4231 478 4301 Sayrus
502 4233 582 4288 Thes.
603 4231 626 4284 I.
647 4232 668 4283 1.
688 4234 723 4297 2,
743 4230 843 4285 exinde
868 4236 999 4300 repetunt
1024 4231 1053 4284 in
1079 4231 1190 4300 primis,
1216 4229 1306 4284 Vene-

127 4344 172 4394 tae
191 4338 377 4409 Reipublicae
395 4341 545 4405 fertunam‚
558 4343 593 4424 ¹et
612 4338 719 4408 gloriae
738 4339 903 4409 imperiique
923 4337 1151 4406 magnitudinem.
