3312 5108
305 279 349 344 22
827 295 911 344 rans
936 297 958 342 1.

440 421 470 506 l)
494 421 590 488 Actio
612 421 665 486 vel
688 419 823 487 omissio
847 419 975 485 iniusto
1005 421 1139 488 auctori
1167 441 1228 488 sco
1252 423 1477 506 iaraputabitiS,

211 575 215 583 ¹
303 544 456 628 siquidem
481 550 556 610 sunt
578 544 724 609 nonnulli
747 548 839 609 actus
855 545 909 627 qui
924 543 1072 610 ordinem
1095 546 1248 611 socialem
1264 546 1404 620 turbant,
1422 547 1479 612 sed

301 685 368 731 non
391 671 465 731 sunt
479 669 628 734 morales
643 687 699 732 seu
718 669 845 732 auctori
868 665 1080 752 imputabiles‚
1097 667 1198 732 veluti
1217 672 1307 733 actus
1331 668 1479 754 probrosi

302 811 323 854 a
345 789 467 856 furioso
490 790 606 858 veleb
629 795 757 856 amente
772 789 919 856 admissi.
945 789 989 854 Hi
1012 795 1192 876 provocant
1213 795 1403 875 potestatem
1427 811 1479 856 so-

302 917 426 982 cietatis
442 917 665 986 ¹coercitieum
688 915 745 980 sed
768 935 832 980 non
851 918 1044 1002 pecualem.

435 1037 469 1126 2)
494 1039 674 1106 Praeterea
707 1039 889 1106 huiusmodi
921 1041 1006 1105 ectio
1029 1041 1081 1104 vel
1106 1040 1234 1104 omissio
1257 1038 1293 1104 lit
1316 1039 1477 1122 delictum,

302 1141 398 1247 quum
423 1163 580 1230 ordinem
601 1164 762 1230 socialem
787 1162 908 1230 turbat.
935 1165 1015 1228 Nam
1038 1165 1122 1261 actio
1142 1164 1195 1247 vel
1219 1165 1348 1232 omissio
1372 1165 1405 1227 in
1428 1185 1479 1250 ge-

301 1305 382 1352 nere
405 1305 529 1352 morum
553 1287 657 1362 meato,
683 1292 732 1352 est
756 1293 936 1378 peccatum
964 1307 1130 1372 quousque
1153 1289 1299 1353 ordinem
1327 1291 1478 1354 socialem

300 1431 365 1476 non
380 1411 503 1488 turbat;
527 1414 553 1478 si
576 1414 670 1478 istum
686 1389 804 1486 turbet,
820 1413 959 1479 hebetur
974 1413 1143 1487 delictum,
1167 1419 1365 1500 quapropter
1380 1436 1475 1482 omne

301 1539 425 1602 crimen
449 1542 498 1603 est
520 1545 688 1624 peccatum
704 1538 760 1604 sed
777 1559 841 1605 non
858 1559 952 1604 omne
967 1545 1135 1625 peccatum
1160 1545 1210 1606 est
1232 1541 1356 1606 crimen
1373 1540 1428 1628 (l).

389 1658 541 1728 Criminis
571 1663 659 1728 notio
686 1683 707 1728 a
737 1663 829 1728 nobis
860 1666 1008 1749 exposita
1040 1663 1216 1749 improbari
1248 1669 1356 1749 posset
1386 1668 1477 1748 quasi

301 1785 394 1850 nimis
416 1787 596 1871 generalis3
620 1789 737 1874 quippe
759 1807 824 1852 non
847 1787 989 1873 explicat
1017 1807 1188 1872 quamnam
1218 1788 1323 1873 legem
1351 1789 1475 1854 violent

302 1909 377 1974 illae
407 1912 602 1978 criminosae
632 1913 776 1978 actiones
806 1912 859 1978 vel
887 1914 1085 1977 omissiones.
1110 1911 1262 1977 Ceterum
1286 1933 1351 1976 non
1374 1914 1477 1978 omnis

202 2037 204 2042 ’
301 2035 383 2121 legis
407 2037 536 2102 violatio
560 2045 609 2103 est
632 2039 774 2113 crimem
800 2044 835 2104 ut
858 2037 954 2112 ecce,
991 2058 1056 2102 non
1087 2040 1211 2104 crimen
1238 2043 1346 2123 patrat
1369 2039 1423 2121 qui
1446 2039 1479 2103 in

302 2162 521 2228 contractibus
553 2163 710 2246 ineundis,
744 2165 776 2228 in
808 2164 933 2229 iudiciis
963 2163 1165 2229 instituendis
1190 2169 1222 2229 et
1248 2145 1480 2250 prosequeddis

301 2305 368 2352 non
382 2293 493 2353 servat
508 2290 725 2374 praescriptas
740 2289 841 2375 leges.
858 2325 873 2338 -
887 2289 977 2356 Unde
994 2289 1079 2374 apud
1095 2291 1261 2371 Doctores,
1278 2291 1324 2354 uti
1340 2309 1360 2354 a
1377 2287 1478 2354 D'An·

301 2408 409 2474 nibale
433 2407 472 2494 ll,
497 2408 578 2490 296)
595 2429 667 2474 cum
684 2411 844 2474 communi
861 2409 1012 2476 delictum
1029 2409 1198 2476 delinitur:
1222 2411 1379 2476 Externa
1397 2409 1480 2497 leuis

297 2531 456 2614 poenalis
479 2529 615 2598 uiolatio
640 2531 717 2598 dolo
743 2532 834 2598 mato
857 2531 961 2614 facta.
984 2533 1028 2598 Et
1049 2531 1193 2598 additur:
1217 2531 1301 2618 this
1320 2533 1480 2615 poenalis

301 2651 448 2727 uiolatio,
473 2655 598 2718 scilicet
621 2653 727 2720 ciuilio
750 2654 803 2719 vel
827 2655 1081 2722 ecclesiasticae.
1100 2655 1226 2722 Etenim
1252 2655 1382 2720 violatio
1398 2655 1480 2740 legis

301 2780 461 2845 humanae
491 2786 615 2845 tantum
646 2787 701 2848 aut
732 2780 868 2856 divinae,
897 2788 1079 2865 paccatum
1106 2780 1194 2864 facit,
1219 2802 1284 2846 non
1308 2781 1478 2848 clelictum.

392 2903 481 2977 Quae
513 2903 622 2972 delicti
651 2906 739 2970 notio
771 2909 821 2970 est
851 2905 981 2970 omnino
1004 2924 1095 2979 vera,
1121 2908 1147 2970 si
1179 2905 1344 2971 referatur
1367 2906 1408 2971 ad
1431 2907 1479 2970 ius

302 3027 392 3092 crim.
418 3029 496 3110 cin,
525 3029 581 3094 sed
604 3049 669 3094 non
697 3029 890 3096 adamussim
924 3037 1040 3096 exacta
1071 3029 1200 3094 videtur
1223 3031 1257 3095 in
1280 3032 1353 3096 iure
1377 3031 1480 3096 eccle·

301 3153 438 3220 siastico.
463 3153 502 3218 In
526 3174 588 3238 quo
613 3153 673 3220 leco
693 3156 852 3238 poematis
885 3175 950 3219 non
975 3160 1024 3219 est
1056 3155 1101 3219 ita
1124 3173 1283 3239 expressa
1306 3161 1342 3221 ut
1365 3155 1479 3240 punire

301 3297 366 3343 non
390 3279 500 3344 voleat
522 3283 613 3344 actus
636 3279 747 3344 forsan
770 3281 860 3346 nulla
885 3280 959 3367 lege
981 3281 1119 3366 positiva
1143 3269 1330 3367 prohibitos,
1355 3279 1410 3346 scd
1427 3299 1480 3344 vc·

301 3405 376 3468 titos
389 3401 464 3489 lege
479 3403 621 3468 naturali
644 3410 702 3470 aut
717 3404 845 3482 divina3
864 3405 990 3490 quando
1006 3406 1058 3471 isti
1079 3410 1171 3471 actus
1185 3405 1318 3472 turbent
1334 3405 1480 3469 ordinem

301 3531 463 3598 socialem.
489 3531 532 3596 Et
555 3529 618 3596 hoc
642 3552 738 3598 sensu
764 3535 974 3598 Innocentius
998 3533 1049 3598 lli
1073 3534 1107 3600 in
1133 3551 1209 3616 cop.
1225 3530 1279 3608 13,
1296 3531 1346 3598 Dc
1362 3531 1431 3598 iud.
1448 3530 1483 3596 X

302 3777 468 3850 qualitatem
486 3783 515 3836 et
534 3779 729 3850 quantitatem,
742 3779 789 3833 sed
808 3797 825 3832 e
844 3779 985 3849 gravitate
1005 3782 1075 3834 iuris
1094 3779 1170 3836 laesi.
1186 3779 1273 3835 Hodie
1292 3780 1322 3854 in
1341 3781 1419 3834 novis
1432 3795 1479 3833 co-

300 3883 406 3938 ilicibus
425 3886 595 3954 expungitur
613 3885 682 3941 haee
701 3865 851 3954 distinctio,
871 3887 912 3940 uti
931 3888 1037 3940 factum
1056 3891 1099 3942 est
1117 3887 1145 3940 in
1165 3885 1259 3941 codice
1278 3885 1384 3939 italico,

391 3989 430 4058 (l)
450 3989 521 4042 Hinc
540 3989 569 4043 iu
592 3989 638 4042 cit.
658 4008 716 4043 con.
737 3991 759 4055 l,
785 3991 853 4044 Dist.
874 3990 925 4055 81,
953 3989 983 4044 D.
1008 3991 1182 4060 Augustinus
1210 3989 1305 4044 docet:
1325 4001 1342 4042 u
1360 3987 1420 4042 Non
1440 3987 1481 4040 ait

301 4091 474 4162 (Apostolus)
493 4094 516 4146 ei
534 4093 597 4163 quis
624 4093 684 4146 sine
713 4097 826 4160 peccato
855 4097 912 4158 est;
941 4093 994 4148 hoc
1013 4094 1086 4147 enim
1107 4095 1258 4159 sidiceret,
1284 4094 1374 4170 omnis
1390 4091 1481 4146 ’homo

300 4199 505 4268 reprobaretur,
530 4197 625 4252 nullus
643 4197 831 4264 ordinaretur-3
850 4199 898 4254 sed
916 4201 956 4253 eit
976 4201 1000 4252 si
1023 4205 1084 4270 quis
1108 4201 1168 4254 sinc
1194 4203 1311 4255 crimine
1330 4210 1386 4266 esc,
1407 4199 1480 4273 siqui

302 4307 344 4358 est
362 4302 538 4369 adulterium,
551 4301 738 4370 homicidium,
751 4303 845 4376 aliqua
858 4304 1034 4358 immunditia
1052 4305 1252 4371 fornicationis,
1270 4307 1384 4372 furtum,
1395 4307 1482 4365 treus,

302 4409 480 4480 sacrilegium
500 4415 585 4468 etc.»
