3306 5102
520 259 522 267 ¹
563 298 607 346 nn
631 297 784 345 nunionis
808 297 851 343 nr
874 297 996 344 renuis
1302 278 1369 345 325

280 419 460 486 Praeterea
482 419 563 486 nihil
586 420 725 506 probant
746 421 780 484 in
804 439 878 503 cap.
896 421 923 493 1,
945 417 998 485 Da
1020 424 1102 486 sear.
1120 437 1250 486 eoecom.
1273 419 1312 483 io
1336 419 1368 493 6,

189 544 293 610 verba
314 543 466 610 adnotata
489 565 509 611 a
531 547 571 612 cl.
597 547 764 634 Gusparri,
789 547 809 611 l.
835 567 863 613 c.
890 567 907 610 ‹
927 565 1079 630 poenam
1102 545 1368 628 suspensionis»

190 669 282 734 cuius
297 668 471 733 violatores
488 667 708 734 decernuntur
723 668 942 756 irregularem
967 687 1063 752 quum
1080 666 1163 734 idem
1180 673 1276 753 caput
1291 669 1370 733 iucif

190 795 259 882 piat
281 796 318 860 iis
340 793 450 860 verbis
469 794 582 861 «Cum
599 794 798 861 medicinalis
814 796 856 860 sit
870 794 1190 860 excommunicatio...
1209 817 1228 856 »
1246 799 1280 860 et
1298 813 1372 860 con·

191 920 301 984 stituto
331 938 454 1005 poenae
489 919 688 986 medicinalis
722 939 893 1006 processu,
925 920 959 984 in
989 917 1094 984 medio
1124 918 1219 984 huius
1248 917 1372 984 decreti

192 1043 434 1130 praescribatur
466 1037 485 1108 t
512 1042 557 1109 Et
586 1044 670 1110 haec
692 1043 805 1110 eadem
836 1046 869 1108 in
900 1044 1118 1129 suspensionis
1149 1049 1182 1109 et
1207 1041 1371 1110 interdicti

193 1167 359 1233 sententiis
382 1167 530 1233 volumus
554 1165 720 1234 observari
739 1188 789 1232 ›..
863 1227 872 1250 ,

282 1292 358 1359 227.
385 1293 457 1358 Non
481 1298 632 1359 censetur
664 1293 809 1359 ordinem
842 1294 1028 1360 ministrare
1058 1295 1112 1378 qui
1144 1275 1292 1359 eumdem
1318 1313 1372 1358 su·

193 1419 303 1505 scipit;
321 1423 396 1483 tunc
415 1420 499 1483 eninr
516 1417 634 1483 dicitur
650 1417 809 1485 ordinari
825 1437 889 1482 non
906 1417 1052 1482 ordinem
1068 1437 1246 1494 exercere;
1265 1417 1373 1503 prouti

192 1541 301 1610 tradit.
324 1541 442 1606 Bened.
468 1542 562 1616 XlV,
593 1542 643 1608 De
667 1541 794 1627 Synod.
819 1541 900 1617 ΧΠ,
926 1540 959 1622 3,
984 1539 1017 1605 7.
1043 1575 1061 1590 -
1087 1541 1264 1626 Episcopus
1293 1557 1400 1605 vero·

193 1687 367 1753 suspensus
390 1688 412 1733 a
436 1667 613 1735 collatione
632 1667 795 1734 ordinum
810 1687 876 1732 uon
900 1664 936 1732 flt
959 1668 1151 1753 irregularis
1175 1665 1373 1731 conferendo

193 1793 332 1876 primam
354 1795 521 1857 tonsuram
545 1809 628 1876 quae
650 1791 684 1855 iu
707 1790 824 1856 odiosis
848 1811 912 1855 non
936 1791 1054 1856 dicitur
1074 1789 1171 1866 ordo;
1195 1796 1229 1857 at
1251 1791 1375 1876 irregu-

193 1917 357 1983 laritatem
380 1917 567 1980 incurreret
588 1917 614 1980 si
639 1935 813 1999 suspensus
835 1914 948 1980 fuisset
970 1915 1011 1980 ab
1034 1915 1156 1982 ordine
1174 1913 1372 2001 pontificali.

194 2040 279 2116 Quid
302 2041 381 2106 iuris
397 2041 423 2104 si
440 2059 614 2125 suspensus
628 2039 668 2105 ab
683 2059 749 2106 usar
768 2040 1019 2126 pontificalium
1034 2041 1085 2106 bis
1100 2045 1248 2106 uteretur
1264 2045 1375 2125 utputa

194 2169 229 2231 in
252 2165 449 2232 conferendo
474 2166 581 2249 aliquo
605 2165 720 2230 ordine
744 2165 797 2229 vel
819 2165 925 2250 prima
941 2163 1093 2230 tonsuret
1110 2165 1275 2249 Gasparri,
1291 2163 1373 2238 367,

196 2291 347 2376 opinatur
378 2291 571 2375 Episcopum
601 2291 773 2354 incurrere
801 2288 1076 2374 irregularitatem
1108 2291 1167 2354 etsi
1199 2289 1269 2354 sine
1299 2287 1374 2353 insi·

196 2415 312 2501 gnibus
335 2411 569 2499 pontificalibus
591 2413 722 2478 ordines
745 2419 899 2479 exerceat
918 2415 1002 2498 quia.
1018 2413 1180 2500 prohibito
1202 2434 1268 2480 aaa
1286 2432 1376 2496 pon-

197 2539 382 2624 tificalium,
399 2539 623 2625 intelliguntur
642 2538 796 2624 prohibiti
819 2543 911 2603 actus
927 2540 979 2623 qui
999 2539 1212 2625 pontificalia
1226 2535 1376 2624 insignia

198 2663 414 2748 expostulant.
439 2663 500 2728 Sed
525 2667 640 2727 contra
662 2664 760 2728 sentit
784 2663 907 2750 Sayrus
930 2664 1005 2746 (lV,
1025 2663 1075 2737 16,
1092 2663 1160 2742 25),
1185 2669 1217 2728 et
1240 2661 1377 2728 D'Anni·

197 2789 271 2854 bale
295 2785 334 2872 (Ι,
359 2787 437 2871 381)
461 2789 515 2873 qui
539 2787 656 2854 docent
678 2807 720 2854 ex
744 2788 863 2854 violata
886 2790 1094 2874 suspensione
1119 2789 1162 2855 ab
1184 2809 1249 2854 usu
1269 2788 1378 2871 ponti·

198 2914 348 3000 fictilium
372 2933 435 2976 nou
457 2915 582 2978 incurri
598 2913 884 3000 irregularitatem.
902 2913 949 2978 cf.
966 2933 1064 3000 supra
1080 2934 1110 2977 n.
1131 2913 1203 2978 160.
1222 2911 1377 2996 Equidem

198 3038 366 3123 suspensio
389 3035 432 3102 ab
454 3055 520 3102 usu
538 3037 789 3123 pontificalium
812 3056 878 3101 non
905 3036 946 3101 ad
969 3057 1005 3100 se
1027 3035 1128 3102 trahit
1150 3035 1297 3117 alteram,
1321 3055 1379 3102 seu

200 3163 443 3246 suspensionem
468 3159 509 3224 ab
532 3159 654 3226 ordine
672 3159 874 3244 pontificali.

289 3285 366 3352 228.
383 3285 466 3359 Quia
482 3286 622 3352 clericus
638 3306 702 3350 non
719 3284 755 3350 fit
770 3285 962 3371 irregularis
986 3285 1060 3350 dum
1085 3306 1124 3351 ea
1148 3269 1379 3370 exercet'quae

200 3409 296 3473 otiam
320 3429 340 3472 a
362 3409 452 3474 laicis
477 3409 553 3494 poni
575 3415 716 3494 possunt,
740 3408 793 3474 vel
817 3409 1021 3474 administrat
1036 3415 1226 3496 potestatem
1250 3409 1380 3477 iurisdi-

201 3535 324 3614 ctionis,
338 3532 473 3618 proinde
486 3553 550 3596 non
562 3530 598 3599 iit
610 3534 800 3620 irregularis
812 3533 1002 3618 baptismum
1012 3534 1177 3617 priuatim
1195 3535 1378 3609 conferens,

201 3660 306 3743 prouti
333 3658 413 3723 laici
429 3677 554 3742 quoque
574 3657 726 3723 conferre
742 3663 892 3744 possuut;
909 3678 1086 3745 aspergens
1103 3663 1186 3744 aqud
1201 3659 1379 3733 benedicta.

202 3801 256 3848 res
279 3782 453 3848 domestico
477 3784 547 3847 usui
570 3783 712 3848 addictas
735 3788 791 3848 aut
814 3785 910 3849 etiarn
936 3785 1085 3866 cadaver,
1102 3805 1194 3851 more
1212 3786 1380 3862 laicorum,

201 3906 372 3972 absolvens
387 3927 407 3972 a
423 3909 569 3973 censuris
584 3912 640 3973 aut
655 3925 810 3972 censuras
833 3907 943 3972 ferens
955 3907 1078 3993 absque
1095 3909 1160 3974 ulla
1180 3910 1382 3976 solemnitate

202 4035 236 4096 et
258 4030 378 4116 absque
401 4032 579 4118 insignibus
599 4031 721 4097 ordinis
744 4030 968 4108 sacerdotalis;
993 4035 1069 4098 item
1093 4037 1246 4101 assistens
1269 4037 1380 4101 matri·

202 4158 319 4230 monio,
344 4157 399 4223 sed
423 4159 500 4241 quin
530 4164 638 4222 tamen
661 4157 825 4242 impertiat
855 4155 1109 4223 benedictionem
1132 4157 1326 4243 nuptialem
1351 4165 1384 4227 et

204 4282 249 4346 ita
271 4301 380 4366 porro.
406 4281 454 4347 of.
480 4280 646 4366 Gasparri.
669 4299 703 4344 a.
729 4277 796 4344 361
820 4278 874 4361 qui
903 4277 987 4344 baec
1017 4279 1122 4346 refert
1151 4279 1191 4345 ad
1220 4280 1385 4348 traditae

204 4403 352 4491 Pirhing.
369 4405 517 4481 XXVII,
540 4425 575 4471 a.
592 4404 661 4489 36;
685 4403 728 4471 ci.
754 4397 920 4468 Reiffenst.
944 4405 1017 4472 eod.
1042 4404 1088 4470 rit.
1113 4423 1146 4470 u.
1172 4403 1203 4470 6.
