3302 5100
783 315 989 396 antandron
1011 315 1046 364 V.

601 631 913 672 excommunicationes
930 631 1023 671 Luras
1043 631 1224 671 staremus

660 747 778 786 ROMANO
796 745 940 786 Ponrrrlol
961 745 1162 786 RESERVATAE.

409 971 698 1027 Exoommunicationi
707 970 783 1027 letae
792 969 951 1027 sententiae
960 969 1088 1026 Romano
1098 968 1228 1025 Pontifici
1239 974 1400 1028 reservatae
1409 970 1500 1025 subia-

317 1093 383 1134 cere
400 1077 587 1134 declaramus:

408 1184 429 1238 l.
449 1183 587 1240 Ducentos
605 1184 652 1241 vel
670 1184 849 1241 defendentes
874 1183 934 1240 sire
957 1183 1077 1254 publice,
1099 1183 1157 1239 sire
1175 1183 1308 1254 privatim
1334 1182 1503 1254 propositio·

316 1305 367 1346 nes
384 1292 420 1344 ab
438 1290 603 1361 Apostolica
614 1291 685 1348 Sede
704 1291 848 1346 &moetas
860 1290 911 1344 sub
924 1290 1225 1346 excommunicationis
1237 1307 1327 1360 poena
1340 1290 1420 1346 latae
1433 1306 1499 1346 sen-

315 1399 442 1466 teutiae3
461 1399 530 1456 item
547 1399 680 1454 docentes
697 1397 742 1454 vel
761 1397 940 1454 defendentes
964 1402 1110 1470 umquam
1135 1397 1245 1454 licitam
1270 1399 1378 1468 praxim
1405 1400 1503 1470 inqui·

315 1505 395 1561 randi
413 1520 431 1559 a
449 1505 612 1577 poenitente
625 1519 726 1558 nomen
740 1504 894 1576 complicis,
908 1505 1000 1575 prouti
1014 1503 1145 1559 damnata
1163 1509 1208 1560 est
1225 1504 1410 1560 aBenedicto
1423 1504 1499 1560 XIV.

315 1610 459 1667 inconst.
484 1612 623 1683 Supremo
641 1611 659 1664 7
677 1610 741 1665 lulii
764 1611 846 1676 1745,
873 1613 926 1666 Ubi
947 1609 1300 1683 primum2lulii17463
1325 1613 1371 1664 Ad
1398 1613 1501 1666 erudi-

315 1719 439 1773 coadum
458 1717 493 1772 28
511 1716 683 1787 Septembris
706 1717 781 1770 1746.

405 1824 439 1878 11.
457 1823 604 1879 Violentus
628 1840 734 1890 manus,
759 1823 893 1879 suadente
923 1823 1046 1892 diabolo,
1074 1824 1234 1880 inlicientes
1252 1825 1281 1879 in
1299 1824 1434 1892 clericos,
1453 1826 1499 1881 vel

313 1916 463 2002 utriusque
479 1947 562 1987 serus
580 1927 741 1995 Monachus,
760 1930 885 2000 exceptis
903 1931 995 2001 quoad
1013 1931 1234 1986 reservationem
1253 1931 1364 1986 casibus
1384 1936 1414 1986 et
1432 1948 1497 2001 per·

311 2038 401 2104 sonis,
419 2038 452 2094 de
471 2039 572 2110 quibus
590 2039 650 2094 iure
669 2037 715 2094 rel
734 2037 881 2108 privilegio
907 2039 1091 2108 permittitur,
1110 2043 1142 2094 ut
1167 2039 1321 2110 Episcopus
1345 2044 1396 2095 aut
1422 2041 1500 2096 alius

312 2145 451 2202 absolvat.

404 2251 449 2306 Ill.
470 2250 601 2306 Duellona
621 2253 822 2321 perpetrantes,
841 2254 891 2304 aut
910 2249 1077 2320 simpliciter
1095 2250 1130 2304 ad
1149 2249 1220 2306 illud
1237 2257 1433 2321 provocantes,
1449 2254 1496 2310 vel

312 2358 408 2429 ipsum
420 2361 609 2427 acceptantes,
628 2362 658 2412 et
675 2356 816 2427 quoslibet
828 2355 988 2427 complices,
1007 2356 1053 2412 vel
1071 2356 1305 2429 qualemcumque
1317 2373 1433 2428 operam
1446 2365 1499 2415 ant

310 2465 436 2520 levorem
456 2465 631 2534 praebentes,
648 2479 701 2518 neo
719 2478 774 2517 non
793 2463 827 2518 de
847 2462 984 2518 industria
995 2467 1166 2533 spectantes,
1185 2462 1311 2534 illudque
1327 2466 1500 2533 permitten-

312 2571 436 2650 testvel
460 2576 597 2642 quantum
622 2571 650 2626 in
675 2569 734 2624 illis
759 2575 810 2637 est,
829 2585 885 2624 nou
911 2569 1103 2640 prohibentes,
1121 2571 1321 2642 cuiuscumque
1346 2571 1497 2642 dignitatis

310 2679 378 2746 sint,
397 2679 483 2734 etiam
501 2677 606 2750 regalis
623 2678 670 2735 vel
688 2677 851 2748 imperialis.

401 2785 448 2840 IV.
467 2786 575 2841 Nomen
599 2785 697 2842 dantes
720 2789 814 2840 sectae
839 2786 1023 2852 Marsonia-ac,
1048 2789 1099 2840 aut
1126 2785 1326 2853 Carbonaria«,
1352 2789 1402 2840 aut
1429 2785 1499 2842 aliis

308 2890 437 2946 eiusdem
458 2889 569 2960 generis
593 2890 677 2945 sectis
701 2905 773 2960 quas
792 2893 891 2944 contra
915 2888 1072 2944 Ecclesiam
1095 2889 1141 2946 uel
1166 2890 1310 2960 legitimas
1336 2893 1498 2960 potestates

309 3011 360 3051 seu
379 2995 481 3066 palam,
500 3011 548 3050 seu
568 2994 741 3051 clandestine
759 2989 964 3060 machinantur,
983 3011 1036 3050 nec
1061 3011 1116 3050 non
1141 2995 1240 3051 iisdem
1259 2995 1344 3051 sectis
1366 2997 1497 3052 fauorem

306 3102 542 3174 qualemcumque
564 3106 756 3172 praestantes3
774 3117 906 3156 earumve
925 3101 1051 3158 occultos
1076 3100 1242 3172 ooriphaeos
1266 3119 1300 3158 ao
1324 3102 1413 3158 duces
1437 3119 1497 3158 non

308 3207 520 3274 denunciantes,
539 3208 627 3264 donec
644 3225 700 3264 non
719 3207 957 3264 denunciaverint

400 3311 433 3366 V.
455 3312 661 3367 lmmunitetem
681 3310 754 3384 asyli
773 3310 958 3366 ecclesiastici
976 3311 1085 3367 violare
1104 3311 1241 3379 iubentes,
1255 3317 1303 3367 aut
1322 3329 1391 3368 ausu
1405 3317 1497 3370 ῐοωο-

309 3421 385 3475 rario
403 3419 550 3475 violantes.

398 3526 445 3582 Vl.
464 3526 611 3582 violantes
629 3525 788 3580 clausuram
807 3523 985 3591 Monialium,
1004 3523 1204 3598 cuiuscumque
1221 3527 1335 3596 generis
1353 3531 1404 3581 aut
1422 3541 1496 3580 oon·

304 3635 431 3703 ditionis,
449 3651 532 3690 sexus
550 3633 596 3689 vel
615 3634 717 3690 aetatis
735 3633 849 3698 inerint,
867 3633 898 3687 in
916 3647 1015 3688 earnm
1033 3634 1206 3690 monasteria
1228 3636 1334 3706 absque
1359 3635 1497 3705 legitima

307 3740 426 3796 lieentia
443 3738 638 3810 ingrediend03
658 3737 819 3810 pariterque
837 3754 885 3794 eos
903 3738 1115 3795 introducentes
1132 3740 1179 3796 vel
1197 3741 1389 3808 admittentes,
1408 3744 1499 3799 item·

305 3863 361 3918 que
385 3846 526 3902 Moniales
543 3846 580 3899 ab
599 3844 651 3900 illa
673 3849 808 3900 exeuntes
833 3847 915 3900 extra
936 3861 1018 3900 casus
1037 3861 1071 3900 ac
1095 3847 1216 3902 formam
1241 3862 1259 3901 a
1283 3846 1310 3902 S.
1330 3847 1383 3903 Pio
1401 3847 1436 3902 V.
1461 3850 1498 3904 in

305 3953 425 4009 Constit.
446 3955 550 4009 Decori
569 3953 778 4023 praescriptam.

399 4063 456 4118 Vll.
476 4060 610 4117 Mulieres
635 4058 774 4114 violantes
794 4059 977 4130 Regularium
999 4061 1127 4116 vivorum
1151 4060 1319 4128 clausuram,
1345 4065 1375 4118 et
1400 4061 1496 4132 Supe-

243 4242 246 4248 .
307 4168 397 4224 riores
415 4168 521 4224 aliosve
539 4183 587 4222 eas
604 4165 794 4220 admittentes.

400 4273 470 4329 Vlll.
493 4275 564 4330 Reos
588 4271 724 4328 simoniae
744 4271 828 4328 realis
852 4273 881 4328 in
907 4273 1056 4329 Beneficiis
1081 4273 1310 4346 quibuscumque,
1335 4289 1499 4346 eorumque

305 4382 466 4452 complices.
