3202 5104
827 229 911 279 PARS
936 231 958 276 l.

298 360 405 444 ligari,
422 360 467 424 ita
489 362 594 444 potest
609 355 732 422 absolvi
748 356 802 420 vel
819 355 859 421 ab
876 355 1022 420 omnibus
1037 353 1091 417 vel
1107 352 1147 418 ab
1164 351 1322 436 aliquibus
1338 339 1496 416 tantum:

299 484 459 570 dependet
481 503 500 548 a
522 487 681 582 potestate
704 487 738 547 et
760 502 781 546 a
802 482 969 548 voluntate
992 479 1203 546 absolventis.

207 703 208 706 Ἴ
340 589 422 696 Ἢ’2)
446 587 551 675 Debet
559 581 638 706 dari
649 607 688 692 iu
705 607 827 691 formu
842 605 1013 673 Ecclesiae
1029 609 1200 685 consuetu,
1217 603 1392 668 constituta
1417 603 1495 665 tum

298 753 358 819 pro
380 710 530 814 externo,
555 737 623 799 tum
645 751 705 818 pro
728 732 801 796 foro
828 732 967 797 interno.
996 731 1147 795 lamvero
1169 727 1288 812 formu
1311 726 1496 794 Ecclesiae

298 863 457 924 consueta
486 841 525 922 ea
555 861 605 922 est
623 875 691 939 pro
713 855 792 939 soro
827 839 960 920 iatemo
985 873 1068 938 quae
1092 853 1280 920 continetur
1302 853 1337 915 in
1360 849 1497 916 absolu·

297 984 386 1048 tione
412 981 658 1057 sacramentali;
678 1001 746 1065 pro
777 979 855 1063 soro
887 983 1030 1046 colman
1062 977 1217 1044 solemnis
1248 975 1498 1063 praescribitur

297 1109 332 1174 in
347 1107 413 1173 Rit.
432 1105 530 1174 Rom.
555 1107 605 1172 De
629 1105 774 1173 Sacrum
790 1104 920 1172 Poena.
945 1105 1056 1180 Quare
1079 1104 1141 1168 nisi
1166 1101 1344 1167 necessitas
1368 1103 1497 1185 urgeat

298 1227 369 1293 dari
393 1247 457 1293 non
480 1227 575 1292 debet
597 1226 722 1292 absenti
738 1245 798 1312 per
821 1227 948 1290 litteras
970 1229 1026 1290 aut
1049 1244 1108 1309 per
1124 1223 1385 1296 internuncium
1412 1221 1497 1305 quia

297 1351 404 1416 forma
427 1355 581 1416 consueta
604 1350 740 1434 requirit
761 1349 955 1436 poenitentis
978 1346 1164 1414 absolvendi
1188 1348 1426 1432 praesentiam.

386 1477 420 1564 3)
445 1477 536 1543 Unde
559 1495 728 1560 cupresso,
745 1497 802 1541 seu
821 1473 1000 1562 significatu
1017 1493 1156 1541 censura
1180 1494 1200 1538 a
1223 1493 1286 1558 qua
1302 1472 1496 1538 absolvitur

297 1607 331 1666 et
354 1601 530 1667 intentione
557 1599 762 1673 absolventis,
786 1619 853 1665 non
869 1600 974 1666 tacite
997 1598 1069 1666 dari
1092 1596 1187 1666 debet
1207 1596 1382 1672 absoluti0;
1409 1615 1495 1659 nam

297 1743 340 1788 ex
367 1743 394 1790 c.
419 1742 447 1788 c.
472 1720 522 1786 41.
547 1722 598 1787 Dc
619 1725 701 1787 seat.
727 1739 857 1787 eacom.
883 1719 929 1803 X;
955 1720 1060 1786 Clam.
1084 1722 1145 1784 att.
1170 1717 1243 1785 eod.
1269 1717 1316 1784 tit.
1341 1713 1397 1801 (V,
1419 1715 1496 1800 10),

296 1849 448 1914 statuitur
472 1865 611 1912 censura
633 1840 779 1911 notatlim
804 1863 869 1908 non
892 1845 1021 1909 censeri
1044 1842 1234 1915 absolutum,
1260 1861 1303 1906 ex
1326 1860 1366 1905 eo
1397 1837 1495 1925 quod

296 1974 554 2039 communionem
584 1991 658 2036 cum
689 1990 727 2035 eo
758 1969 908 2036 habuerit
939 1968 1094 2034 Pontifex
1121 1967 1222 2040 Max„
1247 1972 1280 2032 et
1302 1984 1377 2032 eum
1409 1986 1494 2031 cum

295 2097 422 2163 honore
453 2097 631 2180 exceperit.
664 2095 878 2160 Nihilominus
909 2095 936 2160 si
969 2093 1101 2178 factum
1135 2069 1308 2158 manifeste
1342 2092 1493 2178 positum

296 2223 337 2286 sit
373 2221 414 2287 ad
444 2219 687 2307 significandam
723 2221 918 2306 impertitam
949 2219 1201 2292 absolutionem,
1232 2217 1353 2302 absquo
1385 2215 1493 2284 dubio

296 2369 339 2413 ex
361 2346 543 2413 huiusmodi
560 2347 646 2412 laeto
663 2347 767 2412 evinci
785 2350 889 2432 potest
904 2345 1102 2431 propositum
1119 2343 1317 2409 absolvendi.
1334 2342 1398 2410 Sed
1421 2345 1492 2409 nisi

295 2474 464 2539 evidenter
486 2472 565 2539 lacti
588 2471 723 2537 intentio
746 2476 864 2557 pateat,
888 2471 950 2536 ista
973 2491 1033 2556 per
1048 2469 1344 2554 praesumptionem
1361 2470 1492 2534 coniici

295 2615 360 2660 non
384 2600 500 2682 potest.

385 2721 421 2802 4)
443 2717 556 2784 Danda
578 2723 628 2783 est
651 2739 725 2783 cum
747 2719 843 2804 plena
857 2737 974 2783 causae
995 2720 1197 2804 cognitione;
1214 2719 1292 2783 hino
1308 2735 1373 2783 non
1390 2718 1491 2784 valet

294 2823 550 2912 absolutiodata
573 2844 603 2909 ei
626 2845 680 2928 qui
704 2845 737 2907 in
761 2842 939 2908 rationibus
952 2843 1086 2909 motivis
1102 2843 1217 2908 falsam
1237 2842 1358 2928 negotii
1377 2861 1491 2928 expo-

295 2971 357 3037 suit
373 2972 613 3045 narrationem;
638 2989 681 3034 ex
696 2990 724 3035 c.
741 2989 768 3034 c.
786 2966 836 3033 42
851 2969 901 3034 De
916 2973 998 3034 seat.
1015 2987 1089 3034 eac.
1108 2968 1150 3043 X,
1167 2971 1200 3034 et
1214 2967 1247 3040 5,
1265 2967 1315 3032 De
1330 2967 1387 3051 off.
1404 2967 1489 3034 iud.

294 3094 358 3160 del.
382 3093 418 3159 X
454 3094 479 3157 Ι.
504 3090 570 3157 29.

383 3212 417 3302 5)
440 3089 562 3280 liber}
592 3215 689 3279 etiam
719 3213 880 3300 impertiri
910 3213 1005 3279 debet
1034 3213 1211 3288 absolutio;
1244 3209 1380 3298 proinde
1410 3231 1490 3279 non

293 3339 381 3404 valet
403 3337 561 3404 absolutio
583 3359 643 3424 per
666 3343 794 3404 metum
817 3357 959 3425 prooem
982 3338 1147 3404 iniustam
1172 3342 1315 3411 extorta
1339 3355 1384 3400 ex
1399 3355 1488 3420 cap.

292 3466 382 3533 uate.
408 3465 459 3532 De
488 3463 530 3532 iis
565 3484 654 3550 quae
684 3465 720 3532 ui
748 3471 824 3532 met.
851 3465 933 3530 ind
967 3463 1005 3551 (Ι,
1030 3465 1098 3551 20).
1133 3465 1256 3530 Tamen
1279 3425 1307 3528 si
1328 3462 1489 3530 iniustus

293 3610 358 3656 non
389 3595 475 3656 esset
504 3596 624 3665 metus,
653 3591 810 3656 absolutio
845 3591 989 3665 valeret,
1014 3589 1170 3676 siquidem
1201 3593 1393 3656 censuratus
1424 3590 1489 3658 ius

292 3711 391 3779 habet
413 3713 454 3779 ad
477 3713 719 3791 absolutionem,
752 3714 879 3798 quando
902 3715 1076 3780 recesserit
1102 3734 1122 3778 a
1145 3714 1355 3788 contumacia,
1388 3715 1488 3798 parti

291 3841 400 3907 laesae
423 3841 619 3908 satisfecerit
641 3847 673 3908 et
695 3841 864 3908 humiliter
886 3841 1118 3907 absolutionem
1142 3841 1283 3926 petierit.

382 3963 415 4053 6)
440 3967 467 4030 Ε
492 3971 606 4032 contra
629 3964 827 4053 siSuperior
850 3965 996 4033 absolvat
1011 3987 1054 4032 ex
1068 3987 1126 4033 suo
1148 3964 1294 4038 arbitrio,
1310 3963 1380 4030 istis
1397 3965 1488 4054 legi·

289 4089 377 4154 timis
400 4109 465 4156 non
489 4091 673 4158 extantibus
696 4093 800 4158 causis
825 4097 858 4157 et
880 4090 1122 4164 conditionibus,
1139 4088 1297 4156 absolutio
1316 4109 1337 4154 a
1359 4109 1485 4158 censu·

291 4215 338 4279 ris
363 4217 412 4281 est
433 4214 552 4282 illicita
575 4220 607 4282 et
631 4217 727 4282 etiam
749 4216 923 4308 inualida3
945 4217 1097 4282 nimirum
1120 4221 1170 4282 est
1192 4235 1320 4301 semper
1341 4214 1484 4292 illicita,

291 4341 342 4404 est
363 4341 469 4405 autem
493 4337 655 4416 inualida,
679 4341 726 4407 uti
749 4341 981 4428 explicavimus
1005 4361 1113 4428 supra,
1134 4339 1397 4426 quotiescumque
1414 4339 1482 4410 Su·
