3296 5108
569 400 610 444 na
638 400 791 446 onuioms
815 401 857 446 nr
883 401 1000 447 nonnis
1307 383 1375 448 373

195 517 424 590 conscendere,
449 520 511 584 hoc
535 519 671 586 obtinuit
694 520 850 586 indultum
868 521 922 587 die
937 522 980 586 19
1002 522 1134 604 Aprilis
1148 523 1237 590 1845
1265 525 1373 592 «Pro

193 643 308 727 pratia
331 643 593 726 dispensationis
615 651 645 710 el
667 645 948 712 rebubilitolionis
970 645 1017 712 acl
1042 645 1101 711 SS.
1124 647 1250 713 Missae
1271 649 1374 716 saai-

192 767 308 852 tieiarn
331 788 409 834 cum
427 769 617 835 assistentia
640 770 782 836 alterins
804 771 988 838 sacerdotis
1004 777 1034 836 et
1050 791 1128 836 carn
1150 773 1374 840 reincidentia

193 892 282 958 siin
304 893 462 960 morbum
489 893 666 962 relabatur
688 895 831 961 arbitrio
844 895 1025 980 Episcopi,
1049 894 1139 977 sacto
1171 897 1271 964 aerbo
1296 918 1374 964 mni

195 1013 301 1083 SSrno
318 1037 347 1079 a.
373 1018 411 1081 Iu
436 1021 571 1083 Aturen.
597 1018 627 1083 S.
653 1017 752 1103 (long.
778 1037 836 1102 pro
861 1037 937 1082 casu
959 1017 1045 1084 haud
1068 1019 1220 1092 dissimili,
1245 1021 1301 1086 olie
1324 1020 1373 1086 24

195 1145 284 1227 Sept.
308 1142 402 1210 1832
424 1145 589 1230 respondit
608 1166 626 1207 r
646 1142 899 1212 Consalendann
921 1141 1028 1210 SSrno
1040 1165 1107 1228 pro
1123 1145 1374 1229 dispensatione

193 1268 380 1335 danimodo
404 1270 545 1336 celebret
560 1289 637 1336 cam
658 1269 848 1336 assistentia
871 1271 1012 1336 allerias
1034 1273 1220 1338 sacerdotis
1234 1295 1264 1336 a.
1292 1275 1371 1340 item

192 1393 226 1456 in
251 1393 430 1459 Rossanen.
455 1395 509 1460 elie
530 1395 579 1458 24
595 1395 683 1459 Maii
699 1392 805 1477 1823,·
822 1396 853 1458 iu
871 1395 1022 1480 Tropieu.
1039 1396 1095 1461 dic
1110 1396 1160 1462 26
1175 1397 1250 1463 Ian.
1272 1399 1371 1465 1878.

282 1517 415 1582 Morbus
429 1518 628 1603 epilepticus,
646 1520 700 1601 qui
716 1518 903 1591 comitialis,
920 1519 1070 1584 sonticas
1093 1527 1125 1584 et
1148 1520 1299 1586 caducus
1314 1541 1368 1607 ap-

192 1640 307 1724 pellari
331 1640 422 1712 solet.
440 1661 505 1705 non
530 1642 690 1706 immerito
706 1639 845 1706 habetur
869 1642 912 1708 uti
938 1640 1067 1706 morbus
1086 1642 1373 1725 phisicoanoralis

191 1762 232 1827 ob
257 1761 412 1828 influxum
438 1784 532 1848 quem
557 1765 588 1829 iu
614 1765 761 1831 eumdem
785 1770 942 1830 exercent
965 1766 1064 1830 animi
1087 1768 1261 1851 passiones.
1279 1767 1371 1842 Quod

193 1890 225 1953 iu
250 1889 318 1954 eius
342 1889 571 1975 perpendenda
594 1891 754 1976 gravitate
777 1890 888 1954 sedulo
912 1890 1036 1956 adverti
1057 1891 1160 1957 debet.

281 2015 357 2080 285.
383 2013 555 2081 Pasillilas
576 2020 728 2082 staturae
752 2021 801 2080 est
817 2035 916 2081 cansa
937 2017 1197 2102 irregularitatis.
1217 2053 1234 2066 ·
1254 2019 1291 2081 ln
1308 2039 1373 2084 uua

194 2141 369 2205 Taurinou.
396 2141 665 2224 Dispensationis
681 2141 724 2206 ab
739 2141 994 2228 irrepalaritate
1014 2142 1191 2228 Episcopus
1207 2142 1373 2208 referebat

194 2265 268 2331 ‹In
292 2267 381 2333 clero
405 2287 475 2332 meo
492 2273 541 2332 est
557 2268 697 2332 clericus
721 2269 756 2331 Ι).
782 2269 835 2352 qui
859 2270 890 2331 iu
916 2274 1023 2333 aetate
1046 2269 1266 2334 essenorum
1290 2268 1372 2336 adeo

193 2413 313 2477 parvae
336 2400 385 2458 est
408 2399 552 2460 staturae
575 2399 610 2458 ut
633 2399 691 2458 vix
714 2394 915 2459 altitudinem
940 2395 1034 2458 unius
1058 2395 1151 2458 metri
1177 2399 1209 2459 et
1231 2395 1275 2460 33
1299 2415 1370 2460 cen·

190 2521 392 2584 timetrorum
416 2521 567 2606 attingat3
591 2523 764 2604 praeterea
787 2519 937 2585 cruribus
960 2539 1058 2584 varus
1084 2525 1133 2584 est
1163 2528 1195 2585 et
1225 2521 1370 2604 aliquan-

189 2645 292 2710 tulum
315 2644 474 2730 gibbosus.
493 2646 596 2731 capite
620 2665 734 2730 grosso
758 2650 790 2710 et
813 2642 1028 2710 debilissimae
1052 2645 1173 2709 visivae
1199 2645 1369 2712 facultatis.

191 2771 264 2835 Misi
288 2791 361 2836 eum
384 2770 424 2836 ad
449 2770 575 2835 domum
601 2771 761 2836 Missionis
785 2772 1016 2836 Taurinensem
1048 2778 1082 2836 ut
1110 2773 1368 2857 experimentum

190 2892 230 2958 ad
253 2895 357 2960 altare
381 2894 505 2959 subiret
528 2899 561 2958 et
584 2895 742 2959 indicatus
766 2895 826 2959 fuit
856 2895 1046 2980 irregularis
1069 2900 1103 2961 et
1128 2893 1167 2958 ad
1200 2894 1370 2960 celebran-

189 3016 264 3083 dum
288 3019 439 3084 inhabilis
463 3019 523 3084 nisi
548 3021 696 3104 privatim
723 3025 754 3084 et
778 3020 810 3083 in
834 3019 929 3084 altari
953 3039 1012 3103 pro
1044 3039 1082 3084 ec>
1113 3039 1268 3105 expresse
1292 3040 1369 3086 oon-

189 3149 312 3210 structo
325 3164 356 3207 ›.
372 3143 527 3211 Omnibus
543 3145 710 3230 perpensis
727 3145 918 3228 rescriptum
932 3145 1051 3228 prodiit
1063 3143 1120 3209 die
1131 3144 1183 3211 29
1194 3145 1269 3210 Ian.
1282 3145 1373 3212 1818

194 3268 484 3334 ‹Consulendam
508 3266 615 3334 SSnco
640 3272 679 3332 nt
702 3267 907 3334 concedatur
928 3267 1077 3348 facultas
1107 3267 1371 3352 Archiepiscopo

184 3411 253 3476 pro
276 3413 337 3460 sao
362 3392 504 3459 arbitrio
527 3398 559 3460 el
574 3394 778 3460 conscientia
801 3392 1026 3475 dispensandi
1049 3398 1081 3459 et
1104 3392 1308 3460 babilitandi
1325 3393 1370 3480 (l)

190 3515 350 3584 clericam
370 3519 408 3583 D.
427 3518 474 3584 ad
490 3537 606 3584 omnes
629 3519 767 3585 ordines
782 3537 891 3603 nsque
906 3518 953 3584 ad
964 3519 1239 3604 presbyteralem
1263 3520 1370 3586 incla-

188 3641 257 3706 sive
280 3641 423 3708 savales
441 3643 630 3724 serbonitis,
649 3644 831 3710 dommodo
856 3643 1048 3710 celebrata
1064 3643 1215 3710 erectorio
1231 3645 1369 3728 priuato

188 3768 240 3834 oel
270 3768 309 3832 in
340 3768 491 3834 Ecclesia
522 3750 608 3834 bora
639 3768 754 3834 minas
782 3767 1034 3852 frequentata»
1062 3773 1094 3834 et
1124 3770 1156 3832 in
1190 3770 1309 3834 Pisana
1337 3771 1369 3833 in

188 3891 307 3956 eisdem
333 3911 415 3976 pene
438 3911 549 3956 rerum
572 3890 731 3955 adiunctis
754 3893 948 3976 rescriptum
972 3889 1371 3958 totidemtotidem

277 4101 316 4168 (l)
337 4100 514 4168 advertatur,
535 4100 562 4154 S.
578 4101 663 4168 (long.
685 4099 775 4154 solere
794 4101 958 4170 dispensare
971 4104 1000 4154 et
1012 4101 1161 4155 habilitare
1180 4101 1245 4171 quia
1264 4102 1371 4171 irregu-

187 4207 316 4262 laritales
333 4213 399 4263 sunt
417 4207 717 4278 qnasi-inhabilitatem
735 4211 764 4261 et
780 4223 844 4260 casu
864 4221 919 4276 quo
938 4223 993 4260 non
1006 4208 1062 4260 sint
1080 4211 1215 4277 propriae
1235 4207 1370 4277 irregula-

187 4317 294 4381 ritatcs,
308 4319 374 4370 sunt
393 4313 454 4384 plus
467 4315 593 4370 minusve
607 4314 750 4368 naturales
763 4313 956 4368 inhabilitates
968 4331 1015 4368 seu
1036 4315 1237 4382 inidoneitates,
1255 4315 1288 4368 ad
1301 4332 1369 4386 quas

119 4481 123 4491 ¹
161 4415 163 4420 ’
186 4422 277 4492 magis
301 4426 410 4491 spectat
436 4421 601 4491 rescriptum
626 4420 826 4475 habilitationis
845 4435 927 4490 quam
953 4422 1173 4492 dispensationis.
1194 4421 1369 4491 Rescriptum

186 4547 254 4586 vero
272 4530 422 4601 aliquando
441 4530 586 4600 expeditur
606 4530 635 4584 in
654 4530 744 4582 forma
763 4529 872 4594 Brevis,
893 4528 932 4581 uti
952 4529 980 4581 in
1000 4529 1135 4598 rescripto
1155 4533 1251 4599 postea
1273 4528 1368 4583 allato.
