3296 5108
827 246 911 294 PARS
943 245 965 292 1.

468 547 489 630 §
513 547 544 612 6.
564 583 581 596 -
598 547 649 614 De
670 546 781 614 sacris
804 547 1017 633 Imuqiuibus
1040 553 1072 614 et
1095 547 1329 634 Indedqeutiis.

603 721 654 764 Huc
668 720 761 764 referet.
777 729 847 778 eaput
862 721 903 776 VI,
917 722 953 764 tit.
968 721 988 775 1,
1003 723 1036 764 iu
1049 721 1193 777 Inscriptum.

307 915 525 972 Snmmanum.
539 945 572 958 -
591 915 652 971 366.
664 916 796 972 Refertur
808 928 861 972 art.
876 921 923 972 15.
934 946 967 960 -
980 916 1042 972 367.
1052 917 1267 972 Commentatio.
1281 945 1316 958 -
1329 916 1390 971 368.
1405 917 1494 973 Reie-

386 1027 487 1077 runtur
504 1033 558 1077 arr.
577 1022 623 1088 16,
642 1023 689 1077 17.
709 1049 744 1065 -
762 1022 824 1078 369.
843 1023 1057 1079 Commentatio.

395 1238 471 1304 366.
504 1241 590 1305 Aer.
625 1239 675 1305 15.
709 1239 923 1326 ‹Iraoqines
953 1239 1270 1325 quomodocumque
1300 1239 1490 1322 impressae

305 1363 349 1428 D.
373 1363 417 1428 N.
442 1363 520 1430 Iesu
546 1364 678 1436 Christi,
704 1364 743 1428 B.
768 1365 818 1431 M.
850 1365 1008 1450 Virqiuir,
1037 1365 1250 1450 Ampelorum
1273 1369 1375 1448 atque
1400 1362 1490 1430 San-

305 1493 436 1555 clmmm
466 1491 518 1556 uel
549 1489 699 1556 otiorum
729 1487 916 1557 Servorum
945 1489 1018 1570 Dei,
1050 1487 1094 1555 ab
1123 1487 1295 1554 Ecclesiae
1324 1507 1428 1553 seusu
1457 1495 1489 1556 el

303 1611 447 1677 decretis
470 1611 654 1694 difformes
679 1611 817 1679 omniuo
841 1617 1010 1678 vetamur.
1035 1609 1155 1678 Nouae
1176 1629 1257 1676 uero
1281 1610 1352 1676 sioe
1363 1627 1489 1692 preces

304 1732 452 1800 labeant
472 1733 640 1808 cameos,
663 1733 734 1800 siue
753 1733 880 1819 absque
895 1733 963 1798 illis
979 1733 1136 1808 ederetur,
1152 1731 1226 1798 siue
1241 1732 1488 1799 ecclesiasticae

299 1859 473 1941 potestatis
496 1858 640 1928 licentia.
664 1878 735 1926 mon
757 1857 1021 1942 publicentur».

390 1979 467 2046 367.
491 1980 574 2056 Quia
596 1981 744 2047 inimIcus
769 1987 802 2046 et
823 1980 969 2066 proditor
992 1981 1174 2047 animarum
1191 1979 1290 2044 etiam
1304 1981 1408 2046 sacris
1424 1981 1486 2046 uti·

300 2109 355 2169 tur
377 2104 474 2170 rebus
496 2105 537 2170 ad
561 2125 668 2172 mores
692 2105 934 2172 labefactandos
957 2112 990 2172 et
1005 2104 1100 2171 fldem
1117 2104 1389 2190 corrumpendum
1405 2105 1486 2170 hinc

300 2230 450 2296 Ecclesia
472 2231 610 2300 sollicita
633 2237 683 2299 est
706 2231 745 2298 de
762 2237 854 2298 recto
869 2253 930 2298 usu
945 2231 1126 2317 imaginum
1140 2235 1174 2297 el
1190 2230 1482 2316 indulgentiarum.

300 2355 419 2440 Agitur
449 2353 491 2420 de
520 2356 712 2442 imagInibus
737 2356 1093 2442 -quomodocumque
1123 2373 1310 2435 IMPREsffls,
1329 2389 1347 2402 -
1364 2373 1484 2440 nempe

298 2482 355 2542 eut
376 2479 543 2562 incisione,
567 2484 623 2544 aut
644 2479 873 2566 lithographie‚
899 2483 955 2543 cut
977 2477 1176 2565 phototypie,
1199 2482 1256 2543 aut
1278 2477 1482 2564 phothogra·

299 2601 376 2687 phia
398 2608 454 2670 aut
477 2603 675 2690 silographie
697 2610 752 2671 aut
775 2624 976 2689 quocumque
999 2604 1063 2669 alio
1086 2601 1180 2669 modu
1203 2603 1289 2670 unde
1307 2603 1405 2670 hodie
1419 2625 1482 2691 per

297 2727 531 2814 impositionem
555 2733 588 2796 et
611 2731 883 2815 compressionem
906 2729 1163 2815 multiplicentur
1188 2728 1358 2816 imagines.
1384 2764 1402 2777 -
1427 2729 1481 2797 Ad

297 2874 401 2938 genus
423 2861 531 2921 eutem
555 2855 802 2940 impressionum
825 2876 904 2921 sane
927 2875 992 2920 non
1015 2856 1180 2941 pertinent
1203 2855 1349 2939 picturae
1368 2858 1402 2919 el
1416 2859 1482 2920 ste-

296 2988 372 3046 tuee
393 2998 499 3064 neque
521 2981 731 3046 numismata
753 2981 918 3065 pertinent
941 2997 1023 3064 quae
1052 2981 1158 3064 potius
1188 2978 1352 3046 cuduntur
1382 2997 1479 3064 quum

296 3103 532 3188 imprtmuntur‚
546 3104 592 3167 uti
616 3101 756 3168 advertit
772 3103 809 3167 Ρ.
827 3101 1050 3169 Vermeersch
1073 3102 1094 3166 l.
1112 3121 1139 3168 o.
1151 3121 1189 3186 p.
1206 3100 1273 3184 89,-
1288 3105 1321 3166 et
1336 3100 1378 3166 cl.
1395 3101 1479 3166 Gen·

295 3226 369 3290 neri
392 3226 413 3291 l.
438 3245 466 3292 c.
486 3244 569 3312 pap,
594 3226 650 3290 18.

384 3350 550 3416 Articulus
583 3349 749 3438 distinguit
779 3352 934 3438 imagines
957 3353 1021 3416 iem
1044 3352 1218 3438 impressas
1242 3354 1275 3415 et
1296 3348 1477 3435 publicatus

294 3479 370 3540 ente
393 3479 538 3541 nostram
562 3474 679 3541 editam
709 3477 816 3542 Const.
841 3475 881 3540 ab
912 3476 982 3541 aliis
1002 3480 1114 3561 postea
1141 3471 1307 3559 impressis
1337 3478 1393 3540 aut
1415 3493 1476 3558 pu·

294 3597 429 3666 blioetis.
1290 3599 1293 3606 “

382 3725 523 3792 Primae
545 3725 658 3792 classis
681 3727 838 3811 imagines
861 3724 1076 3811 prohibentur
1098 3725 1126 3790 si
1149 3725 1213 3790 sirit
1235 3722 1279 3790 ab
1302 3723 1476 3790 Ecclesiae

292 3869 394 3916 sensu
416 3855 449 3917 el
469 3850 620 3918 Decretis
642 3851 826 3934 difformes.
846 3888 863 3902 -
881 3851 973 3916 Haec
990 3852 1129 3918 Decrete
1149 3849 1359 3916 continentur
1374 3849 1475 3935 potis·

292 3977 406 4040 simum
429 3977 466 4042 iu
491 3975 576 4043 Sess.
601 3995 675 4042 xxv
703 3977 823 4043 Concil.
857 3976 944 4042 TrId.
969 3976 1020 4043 De
1050 3975 1158 4044 sacris
1185 3973 1417 4062 imaqiuibus5
1440 3975 1474 4040 in

292 4099 438 4166 Decretis
456 4100 579 4167 Urbani
594 4102 678 4166 VIII
695 4121 778 4185 quae
793 4102 898 4167 refert
914 4101 1035 4168 Beued,
1050 4101 1135 4168 XIV
1154 4101 1188 4165 in
1211 4120 1262 4186 op.
1280 4097 1334 4166 De
1357 4099 1471 4182 beatis.

292 4221 364 4288 Lib.
381 4222 403 4286 1
412 4224 442 4296 V,
461 4222 500 4287 P.
518 4223 565 4300 11,
582 4243 658 4309 cap.
682 4225 739 4298 21,
757 4224 914 4292 inconst.
933 4224 1177 4297 Solleeitudiui,
1194 4223 1283 4290 diet
1299 4228 1363 4290 oct.
1380 4221 1471 4288 1745

291 4344 377 4412 edite
392 4367 412 4412 a
427 4348 548 4414 Bened.
565 4349 668 4426 xlm
693 4353 725 4415 et
749 4350 783 4415 in
799 4349 950 4418 Decretis
968 4351 1010 4417 de
1030 4347 1125 4416 libris
1143 4346 1326 4433 prohibitis
1347 4367 1413 4414 uec
1434 4347 1471 4412 iu
