3290 5100
285 291 352 356 494
807 311 892 359 rans
916 311 938 356 1.

373 434 412 498 In
436 432 569 500 rubrica
591 434 678 501 tituli
701 433 847 501 additur:
870 433 925 500 De
949 434 1120 500 Induere...
1146 439 1178 499 et
1199 451 1319 499 eorum
1348 431 1471 505 ser-nis

282 559 359 640 quia
385 559 419 622 in
443 579 469 625 c.
495 578 522 625 c.
546 561 574 633 1,
599 560 633 640 2,
658 559 690 642 8,
716 559 745 623 b.
773 565 793 624 t.
822 564 976 626 statutum
999 558 1069 632 fuit,
1095 563 1130 623 ut
1152 577 1247 622 nemo
1270 556 1472 622 christianus

282 702 400 771 operas
423 705 498 750 suas
521 685 561 748 ad
585 684 791 749 serviendum
816 685 849 749 in
873 684 968 749 domo
991 689 1025 749 et
1048 683 1173 748 familia
1197 683 1306 749 Iudaei
1331 683 1470 746 locaret.

374 810 448 876 429.
474 811 628 877 Saraceni
652 829 742 891 vero,
766 829 786 874 a
809 811 891 876 Sara
913 807 1068 874 Abrahae
1091 829 1196 875 uxore
1219 829 1255 874 se
1277 813 1372 872 natos
1395 827 1470 872 esse

285 937 476 1008 mediantes,
508 935 691 1001 Mahnmedi
723 934 925 1022 dogmatibus
954 935 1073 1001 addicti
1105 955 1126 1000 a
1155 953 1213 1000 sua
1242 933 1378 1018 origine,
1407 931 1470 996 sub

284 1077 368 1122 saec.
400 1074 462 1137 v11,
493 1077 553 1143 pro
584 1057 707 1122 viribus
738 1075 867 1142 semper
897 1054 982 1122 belia
1014 1060 1186 1121 moverunt
1213 1056 1246 1119 in
1270 1053 1470 1118 christianos

283 1199 364 1264 quos
394 1180 434 1245 ad
464 1181 720 1248 internecionem
752 1179 902 1266 redigere
934 1181 994 1245 sibi
1025 1184 1270 1266 proposuerant.
1304 1177 1471 1252 Quocirca

285 1300 460 1368 Pontifices
474 1305 679 1369 severissime
694 1302 914 1368 decreverunt
929 1321 971 1368 ne
987 1299 1099 1367 fideles
1114 1322 1208 1386 opem
1224 1301 1352 1366 ferrent
1367 1299 1469 1366 Sara·

284 1429 374 1493 cenis
405 1428 662 1514 depugnantibus
686 1430 719 1493 in
741 1428 893 1514 populum
925 1427 1138 1494 christianum
1169 1445 1274 1510 neque
1305 1424 1470 1490 cumillis

283 1554 514 1618 commercium
529 1558 742 1619 exercerent:
768 1573 809 1618 ex
834 1573 860 1618 c.
879 1572 906 1618 c.
924 1552 993 1618 det
1008 1551 1061 1626 12,
1087 1552 1118 1616 h.
1136 1557 1157 1618 t.
1182 1557 1214 1618 ct
1228 1551 1373 1616 Ecetrae.
1390 1550 1468 1616 eod.

284 1679 330 1744 tit.
355 1679 444 1744 inter
467 1699 586 1746 comm.
611 1651 642 1744 et
665 1677 768 1743 Batia
794 1649 960 1744 Coersae.¹

280 1875 430 1944 perculam
448 1893 465 1927 a
480 1878 612 1945 peccatis,
633 1875 668 1928 de
686 1877 786 1944 quibus
798 1873 923 1927 maxime
940 1873 1031 1938 dalea,
1050 1881 1081 1926 at
1099 1881 1128 1926 et
1146 1888 1196 1942 eqo
1217 1871 1357 1926 exultuna'
1370 1871 1468 1924 animo

281 1983 320 2036 aa
337 1998 449 2035 sacram
469 1982 605 2050 synaxim
622 1981 759 2036 accedere
774 1983 889 2051 possins

371 2099 388 2139 s
403 2085 531 2140 Mulieris
549 2085 736 2140 constantiam
756 2085 920 2152 admiratus,
939 2101 1002 2140 eum
1021 2102 1056 2140 ex
1075 2103 1127 2140 sua
1144 2091 1227 2156 parte
1244 2086 1278 2141 de
1296 2085 1376 2140 illius
1392 2086 1470 2140 bona

282 2191 338 2246 fide
356 2197 450 2248 certus
468 2191 514 2258 sit,
533 2196 563 2248 et
581 2208 617 2247 ex
635 2190 727 2246 altera
744 2191 819 2244 serio
837 2192 940 2246 timens
959 2209 995 2247 ne
1012 2193 1133 2262 amplior
1150 2192 1310 2263 disquisitio
1331 2193 1469 2246 obfutura

282 2299 309 2352 ei
328 2297 425 2367 magis,
444 2313 529 2369 quam
555 2298 701 2368 profutura
725 2302 809 2364 esset,
827 2301 978 2351 autumans
1002 2299 1155 2352 sabanum
1179 2299 1284 2364 facere,
1302 2297 1469 2352 Bonifacius

282 2405 434 2475 Agatbam,
452 2406 617 2476 ceteroquin
642 2407 799 2460 confessam
817 2409 847 2460 et
866 2406 1017 2459 contritam
1036 2403 1165 2461 absolvit.
1185 2405 1244 2460 Nec
1269 2404 1396 2460 eamdem
1415 2405 1468 2458 im·

283 2513 359 2582 pedit
382 2513 532 2584 quominus
553 2512 579 2566 S.
601 2510 806 2566 Eucharistiam
831 2526 881 2581 per
907 2513 1067 2566 Ministrum
1090 2511 1305 2567 Schismaticum
1334 2511 1467 2581 accipiat,

280 2619 396 2675 silentio
414 2621 569 2676 concedens
588 2619 660 2690 quod
680 2635 729 2688 per
747 2635 777 2674 se
795 2618 949 2674 concedere
970 2635 1026 2674 non
1045 2623 1146 2688 posset,
1163 2635 1199 2674 eo
1217 2618 1264 2674 rel
1282 2618 1373 2688 magis
1391 2617 1467 2689 quod

281 2726 341 2796 ipse
360 2726 465 2796 optime
482 2731 581 2781 noscat
600 2726 793 2793 Sacramenta,
812 2728 883 2780 ritus
903 2735 929 2779 et
946 2742 1054 2796 preces,
1074 2725 1148 2796 apud
1162 2724 1373 2791 schismaticos,
1392 2723 1467 2778 nibil

281 2833 312 2888 in
331 2849 360 2888 se
379 2833 522 2889 continere
541 2832 614 2904 quod
633 2831 803 2888 catholicum
824 2847 877 2886 non
898 2831 943 2886 sit

371 2939 474 2995 «Hinc
493 2939 652 3010 quaeritur:
963 3005 965 3016 A

371 3046 390 3100 1.
411 3049 454 3100 An
474 3045 623 3116 aliquando
642 3044 750 3102 absolvi
769 3046 875 3116 possint
893 3045 1066 3102 schismatici
1085 3045 1254 3114 materiales,
1273 3044 1370 3117 quiin
1389 3046 1467 3100 bona

280 3151 338 3207 fide
354 3149 521 3208 versantur?

372 3259 403 3312 11.
423 3260 467 3312 An
487 3257 591 3314 eisdem
610 3257 724 3313 concedi
744 3259 841 3328 possit,
860 3259 962 3313 saltem
989 3260 1080 3326 tacite,
1100 3263 1131 3313 ut
1149 3259 1177 3313 in
1196 3257 1317 3328 propriis
1335 3257 1468 3314 ecclesiis

279 3363 432 3436 aliquando
451 3372 628 3420 sacramenta
646 3364 794 3435 recipiant,
814 3371 898 3436 atque
917 3366 1004 3421 sacris
1022 3367 1214 3421 functionibus
1231 3365 1383 3420 assistenti

371 3471 416 3524 111.
436 3471 480 3524 An
499 3470 661 3526 Baniiecius
678 3473 750 3526 bene
770 3487 869 3526 revera
887 3472 955 3540 egit,
975 3471 1088 3542 etquid
1106 3471 1131 3526 ei
1151 3470 1360 3526 consulendum.

372 3597 388 3634 s
402 3581 489 3635 Porro
502 3581 530 3635 in
543 3579 768 3652 Congrsgatione
781 3581 912 3636 Generali
926 3581 952 3635 S.
967 3581 1000 3636 R.
1020 3587 1050 3636 et
1063 3581 1098 3637 U.
1111 3581 1303 3653 Inquisitionis
1315 3581 1416 3636 habita
1427 3585 1466 3638 ab

283 3689 339 3743 ΕΕ.
358 3685 387 3744 et
407 3689 464 3743 RR.
484 3687 539 3742 Di).
552 3687 749 3744 Cardinelibus
766 3689 796 3743 in
816 3691 899 3744 rebus
917 3687 983 3744 fidei
1002 3694 1031 3745 st
1049 3706 1157 3744 morum
1171 3689 1358 3746 Generalibus
1369 3690 1467 3762 lnqui-

280 3796 423 3865 sitatibus,
443 3796 593 3866 propositis
611 3797 810 3868 suprascriptis
827 3796 930 3864 dubiis,
950 3795 1175 3869 prubein‘tnque
1191 3797 1251 3852 BR.
1270 3797 1326 3851 nn.
1345 3798 1468 3855 Gema]-

283 3907 376 3958 snm
393 3905 470 3968 voto,
487 3901 560 3956 idem
579 3901 637 3956 EE.
655 3919 689 3956 ac
709 3902 767 3956 RB„
788 3903 885 3959 Patres
903 3905 1019 3960 rescribi
1038 3903 1220 3958 mandarunt:

372 4009 419 4064 Ad
437 4007 459 4062 1.
483 4009 551 4063 Cam
569 4008 734 4062 scandalum
747 4020 864 4080 nequeat
876 4013 968 4078 vitari,
983 4011 1130 4082 Nepotius,
1145 4013 1376 4082 praetermorem
1394 4016 1467 4068 arti-

281 4116 394 4184 culam
412 4125 439 4170 et
456 4124 522 4170 tunc
541 4114 690 4186 efficaciter
707 4127 813 4170 remoto
831 4115 974 4170 scandala.

372 4223 418 4277 Ad
436 4221 476 4276 ΙΙ.
494 4221 639 4293 Negatiae.

371 4329 417 4382 Ad
430 4327 485 4382 111.
500 4328 653 4398 Nepariue:
673 4337 699 4383 et
713 4329 916 4384 consulendum
930 4333 1101 4403 confessario
1114 4339 1152 4397 at,
1164 4332 1333 4402 praehabita
1349 4333 1465 4388 ticcam

279 4453 301 4490 a
315 4438 484 4506 paenitente,
503 4439 592 4506 ipsam
611 4447 767 4507 opportune
786 4447 813 4491 et
832 4447 910 4492 caute
929 4447 1047 4492 moneat.
