3226 5106
488 309 532 356 na
557 311 710 358 onurcrrs
734 313 777 358 ar
800 312 920 360 ror-:rus
1234 299 1300 364 109

104 429 219 496 adhuc
245 431 358 496 iudicis
381 433 543 499 sententia
566 433 780 498 declaratoria
803 435 1017 519 pronunciata
1040 439 1098 510 est,
1122 435 1173 499 vel
1202 436 1297 507 forte,

104 559 187 640 quia
204 559 328 622 crimen
346 563 395 622 est
409 557 580 631 occultum.
598 559 808 643 pronunciari
830 579 894 624 non
910 565 1026 645 potest,
1043 562 1170 646 cogitur
1186 561 1298 626 forsan

103 681 302 766 delinquens
318 683 424 746 statim
440 685 512 767 post
528 681 700 748 admissum
718 685 852 758 crimen,
866 703 938 748 sese
954 703 1079 769 poenae
1095 683 1298 750 submitteret

105 804 269 885 Quaestio
293 806 438 890 pluribus
462 807 624 892 implicata
646 811 695 873 est
718 806 959 874 difficultatibus
984 817 1018 872 et
1036 807 1119 893 apud
1144 809 1299 874 Doctores

105 932 288 1006 contrariis
316 929 447 996 definita
470 931 738 1006 conclusionibus,
756 935 803 1000 uti
828 932 939 998 videre
964 939 1014 998 est
1036 932 1120 1018 apud
1143 933 1297 1007 Theseu„

106 1075 166 1138 op.
184 1056 237 1120 cit.
255 1055 296 1118 P.
311 1055 337 1128 l,
356 1075 382 1120 c.
402 1055 436 1130 5,
454 1060 485 1120 et
500 1055 560 1130 28,
573 1074 623 1140 sq.
642 1061 673 1122 et
690 1055 820 1128 Sumen,
838 1057 888 1121 De
906 1056 1061 1142 Lepidus,
1080 1056 1151 1122 Lib.
1175 1056 1208 1128 V,
1223 1077 1250 1122 c.
1263 1057 1297 1132 5,

105 1198 161 1264 sq.
185 1177 281 1242 Ratio
305 1176 471 1242 dubitandi
495 1180 600 1263 potior
623 1183 681 1250 est,
700 1179 776 1264 quia
800 1181 945 1264 quamvis
969 1179 1151 1244 huiusmodi
1175 1199 1299 1266 poenae

106 1305 236 1367 incurri
251 1301 389 1366 debeant
400 1301 474 1385 ipso
489 1301 590 1384 sacto,
605 1308 714 1368 tamen
730 1323 827 1387 quum
840 1305 943 1368 omnis
955 1325 1060 1388 poena
1071 1305 1109 1369 ia
1121 1303 1296 1386 patientie,

107 1445 178 1488 non
194 1427 231 1489 in
245 1425 404 1509 faciendo
422 1427 577 1491 consistat
591 1427 651 1508 (1),
670 1426 799 1492 videtur
815 1426 955 1491 alienum
971 1447 991 1490 a
1007 1429 1078 1491 iure
1095 1425 1179 1510 quod
1195 1425 1297 1492 delin-

109 1569 216 1632 quens
239 1569 374 1634 poenam
398 1551 463 1634 pati
487 1549 602 1615 debeat
625 1570 719 1635 quam
741 1550 880 1635 ipsemet
903 1551 936 1615 in
960 1571 994 1614 se
1020 1556 1211 1634 exequatur.

202 1673 256 1736 71.
283 1673 339 1738 Cui
363 1675 542 1758 quaestioni
566 1679 602 1738 ut
624 1672 758 1741 satisfiat
781 1673 934 1760 distingui
959 1694 1032 1739 cum
1064 1674 1176 1758 primis
1204 1671 1299 1738 debet

105 1817 226 1880 poena
244 1797 393 1880 positiva
417 1817 570 1880 apoena
593 1799 764 1884 nepetino.
790 1799 901 1862 Poena
921 1798 1124 1881 positiones
1148 1803 1196 1862 est
1216 1817 1298 1882 quae

109 1919 264 1988 effectum
286 1921 457 2006 physicum
480 1943 537 1988 seu
560 1924 741 2008 passionem
765 1923 953 2002 secumlmt,
971 1942 1055 2007 quae
1079 1921 1217 1987 obtineri
1233 1941 1299 1986 non

109 2053 218 2132 potest
242 2049 312 2113 sine
331 2049 458 2112 actione
482 2048 637 2121 hominis,
662 2068 810 2133 quaeque
833 2048 967 2133 proinde
992 2048 1107 2133 alege
1138 2045 1210 2112 fieri
1234 2067 1298 2113 non

108 2177 237 2257 potest,
261 2171 317 2235 sed
349 2169 521 2236 obtinenda
552 2179 600 2237 est
630 2174 809 2238 ministerio
833 2173 989 2248 horninis;
1015 2179 1047 2237 et
1070 2171 1134 2236 hae
1165 2191 1298 2257 poenae,

109 2302 188 2362 sunt
211 2315 340 2369 carcer,
365 2296 518 2377 emiliam,
541 2299 668 2363 mulcta
692 2302 725 2361 et
747 2298 812 2362 alia
834 2295 1025 2362 huiusmodi.
1059 2297 1085 2360 E
1110 2303 1226 2360 contra
1250 2301 1299 2362 est

105 2441 226 2506 poena
249 2423 408 2509 nepotioa
432 2442 515 2506 quae
537 2422 713 2488 secumiert
736 2426 892 2508 effectum
915 2425 1083 2490 moralem
1114 2444 1171 2490 seu
1194 2425 1300 2510 priva·

110 2551 234 2614 tionem
258 2550 354 2624 iuris,
380 2554 412 2614 et
434 2549 517 2616 haec
540 2549 660 2634 absque
684 2549 770 2614 facto
794 2556 905 2616 nostro
930 2551 981 2614 vel
1005 2551 1139 2617 alterius
1166 2550 1298 2616 deman-

109 2673 209 2740 datur
233 2675 435 2750 executioni;
459 2675 554 2739 huius
583 2677 714 2760 generis
744 2681 818 2740 sunt
848 2674 1034 2740 inhabilitas
1068 2675 1108 2740 ad
1141 2673 1299 2740 beneficia

109 2799 328 2882 acquirenda;
352 2799 511 2884 ademptio
541 2800 630 2864 vocis
660 2801 787 2865 activae
811 2805 843 2864 et
866 2801 1030 2885 passivae;
1055 2800 1104 2863 ius
1128 2801 1231 2874 euim,
1256 2799 1295 2864 de

110 2945 148 2990 se
165 2945 239 2988 cum
263 2926 304 2989 sit
326 2921 445 3008 aliquid
465 2925 634 3008 spirituale
658 2924 847 2991 conceditur
871 2931 903 2990 et
925 2924 1089 3002 adimitur,
1107 2924 1202 2987 etiam
1226 2924 1296 2986 sim-

111 3050 190 3136 plici
222 3051 400 3115 ministerio
430 3050 522 3136 legis.
546 3052 672 3117 Verum
696 3053 772 3136 quia
795 3053 865 3116 iura
888 3050 1011 3116 habent
1042 3048 1214 3133 aliquando
1240 3049 1297 3116 ad·

111 3177 247 3239 mixtam
271 3175 325 3240 vel
348 3173 444 3238 cilicii
467 3174 776 3242 administrationem
800 3177 853 3240 vel
877 3174 1035 3240 bonorum
1052 3174 1296 3258 possessionem,

112 3306 147 3364 et
177 3299 342 3365 fructuum
372 3304 613 3386 perceptionem
638 3301 852 3382 coniunctam,
877 3303 984 3386 prouti
1009 3299 1044 3364 fit
1067 3301 1101 3364 in
1133 3297 1298 3363 beneficiis

111 3426 351 3496 ecclesiasticis,
365 3425 442 3490 hinc
457 3427 603 3509 sequitur
618 3425 789 3489 nonnullas
811 3445 932 3511 poenas
944 3445 1014 3490 esse
1028 3425 1165 3501 mistas,
1179 3425 1298 3509 quippe

110 3569 233 3614 revera
261 3550 439 3614 consistunt
469 3550 502 3614 in
534 3549 715 3633 privatione
737 3549 841 3629 iuria,
866 3554 900 3613 at
922 3549 1144 3616 secumferunt
1170 3549 1298 3633 aliquod

110 3675 244 3754 iactum,
258 3673 372 3738 saltem
395 3673 583 3738 omissionis.
609 3677 659 3739 lta
680 3674 820 3759 privatio
843 3674 927 3739 tituli
951 3671 1159 3750 beneficialis,
1177 3695 1298 3740 secum-

31 3871 35 3878 ,
110 3799 213 3864 trahit
236 3799 440 3864 amissionem
463 3799 518 3864 vel
548 3799 740 3866 ablationem
763 3819 875 3864 rerum
905 3795 1150 3874 beneficialium;
1176 3803 1209 3863 et
1230 3801 1298 3885 pri-

110 3927 197 3990 vatio
221 3925 312 3988 vocis
334 3925 460 3988 activae
484 3930 517 3990 et
538 3925 607 4009 ipsa
640 3923 825 3990 inhabilitas
856 3923 897 3988 ad
920 3921 1026 3988 officia
1053 3924 1210 4008 acquisita
1233 3944 1298 3988 non

110 4053 250 4117 sortitur
274 4052 500 4118 executionem
524 4051 593 4118 sine
613 4039 689 4116 actu
713 4052 891 4116 omissionis
915 4051 1042 4136 publico
1067 4070 1176 4116 coram
1197 4051 1296 4116 socie-

203 4229 244 4298 (l)
264 4227 404 4281 Nimirum
422 4243 529 4297 poenae
547 4228 658 4297 proprie
677 4226 783 4293 dictae;
802 4245 867 4281 nam
886 4227 915 4280 in
927 4227 1056 4296 patiendo
1076 4233 1104 4282 at
1124 4227 1151 4279 in
1171 4226 1298 4281 faciendo

110 4337 271 4392 consistunt
300 4339 410 4390 tantum
434 4336 631 4404 poenitentiae,
655 4352 740 4406 quum
765 4335 923 4390 voluntarie
945 4335 1134 4405 suscipiuntur
1159 4339 1188 4390 et
1213 4335 1297 4404 perfi-

110 4445 235 4500 ciuntur.
