3290 5100
801 643 915 712 Garun·
940 645 1001 710 III.

618 837 670 892 oa
697 837 904 894 censura
931 801 1185 893 u'ranoauu.

668 999 720 1040 Huc
734 997 826 1042 reserat.
841 999 885 1044 Tit.
901 997 932 1052 II,
947 998 980 1041 ita
996 999 1130 1054 iuscrtptus.

309 1209 525 1266 summarium.
543 1239 580 1252 -
598 1211 658 1266 388.
678 1211 824 1266 Obiectum
843 1210 926 1264 huius
945 1211 1130 1265 tractationis.
1144 1241 1178 1254 -
1191 1211 1252 1266 389.
1272 1212 1388 1273 Quando
1400 1217 1432 1267 et
1445 1212 1494 1266 ubi

397 1321 556 1392 requiratur
574 1336 699 1374 censura.
717 1347 754 1362 -·
772 1319 833 1374 390.
852 1319 938 1374 Nulla
956 1321 1156 1390 praescribitur
1175 1321 1344 1375 solemnitas.
1365 1321 1492 1376 Effectus

397 1429 516 1482 omissae
534 1427 646 1482 debitae
665 1443 809 1481 censurae.

396 1657 471 1722 388.
498 1658 561 1722 Hic
584 1658 692 1742 agitur
714 1656 754 1723 de
773 1657 919 1740 praeuia
941 1657 1098 1722 librorum
1126 1677 1274 1723 censura.
1308 1659 1492 1726 Nonnullos

306 1786 393 1848 enim
416 1783 514 1850 libros
545 1805 587 1849 ex
617 1783 764 1850 materia
790 1782 938 1850 subiecta
968 1782 1019 1848 edi
1047 1803 1112 1848 non
1140 1789 1268 1869 oportet
1296 1784 1362 1849 nisi·
1390 1791 1491 1851 autea

305 1909 518 1976 subiicientur
548 1927 707 1973 censurae
734 1909 953 1993 superiorum.
978 1908 1048 1974 Lex
1075 1929 1156 1974 vero
1180 1909 1220 1974 de
1241 1910 1387 1992 praeuia
1410 1930 1491 1977 ceu-

305 2057 398 2111 sura,
425 2056 486 2121 per
509 2054 553 2108 se,
578 2032 732 2100 confundi
755 2053 820 2098 non
844 2032 1035 2100 debetcum
1061 2035 1134 2119 lege
1158 2035 1198 2100 de
1221 2035 1322 2101 venia
1350 2035 1489 2113 edendi;

304 2165 362 2230 sed
376 2163 477 2228 uenia
493 2161 618 2242 edendi,
631 2158 805 2234 ordinario,
819 2179 884 2224 non
900 2159 1089 2225 conceditur
1104 2161 1166 2224 nisi
1176 2161 1324 2242 praeuia
1336 2181 1486 2228 ceruura

304 2308 362 2354 seu
385 2287 518 2372 praevio
541 2286 706 2360 examine;
731 2283 811 2349 adeo
834 2288 870 2348 ut
892 2283 967 2348 libri
991 2303 1156 2350 censurae
1181 2303 1246 2348 non
1269 2283 1400 2349 obnoxii
1425 2285 1483 2351 edi

304 2413 427 2494 possint
449 2408 569 2492 absque
591 2408 664 2474 ulla
693 2407 803 2472 uenia.
828 2406 963 2489 quuam
988 2441 1006 2454 ·
1023 2405 1202 2473 ordinario
1218 2441 1236 2454 -
1262 2425 1336 2471 nam
1360 2407 1395 2471 in
1419 2426 1487 2472 uno

303 2534 357 2600 rel
379 2535 484 2599 altero
513 2553 592 2598 casu
614 2531 715 2596 veluti
738 2551 758 2594 a
781 2530 921 2603 clericis,
946 2529 1019 2595 libri
1044 2530 1094 2596 edi
1118 2550 1182 2595 non
1214 2529 1332 2597 debent
1362 2531 1481 2598 incon-

303 2659 399 2725 sultis
415 2656 615 2731 Ordinariis;
640 2661 672 2721 et
693 2661 772 2723 tunc
795 2657 977 2740 exquiritur
1000 2655 1100 2722 verriu
1117 2655 1249 2730 edendi,
1266 2675 1333 2720 non
1352 2657 1489 2741 proprie

304 2799 458 2848 censura.
484 2780 532 2847 uf.
549 2780 797 2854 Vermeerschs,
818 2800 855 2863 p.
873 2780 931 2846 90.
950 2816 967 2828 ·
986 2779 1094 2855 Quare
1117 2781 1151 2845 in
1174 2779 1237 2845 hoc
1257 2779 1349 2847 titulo
1373 2781 1487 2868 agliur

303 2907 343 2972 de
366 2907 513 2991 personis
536 2905 788 2991 competentibus
810 2924 871 2991 pro
894 2924 1032 2971 censura
1057 2905 1264 2986 instituenda,
1289 2905 1329 2972 de
1353 2909 1483 2972 ratione

302 3050 366 3114 qua
387 3031 450 3094 ista
471 3029 584 3116 peragi
600 3028 704 3102 debet,
720 3047 862 3094 necnon
885 3027 925 3094 de
947 3027 1039 3093 libris
1063 3047 1222 3093 censurae
1245 3026 1485 3096 submittendis.

392 3153 466 3220 389.
484 3151 623 3218 Praevia
639 3172 778 3218 censura
798 3151 894 3218 hodie
917 3152 1095 3236 requiritur
1111 3171 1175 3217 non
1194 3157 1232 3219 ul
1246 3151 1484 3236 imprimatur,

302 3279 407 3363 prouti
430 3278 605 3359 antiquitus
632 3295 675 3342 ex
707 3276 845 3342 Instruc.
874 3275 1048 3341 Clementis
1070 3275 1156 3342 VIII
1180 3273 1234 3341 Dc
1256 3275 1485 3359 impressione

300 3401 323 3482 ἓ
347 3399 368 3464 4
391 3403 424 3464 et
455 3419 498 3464 ex
520 3397 603 3484 Rep.
628 3399 662 3462 X
682 3397 831 3481 rudiam
861 3396 917 3462 sed
947 3399 1138 3466 constitutio
1167 3402 1280 3465 nostra
1310 3399 1484 3484 praeviam

301 3543 472 3589 censuram
494 3495 636 3606 exquirit
658 3527 697 3588 ul
718 3522 842 3588 edatur
864 3519 937 3608 (art
954 3523 984 3596 8,
1004 3523 1054 3605 19,
1071 3523 1137 3610 34),
1161 3521 1285 3589 edatur
1307 3521 1344 3588 in
1368 3524 1483 3590 lucem

300 3651 374 3733 (art.
398 3647 452 3728 31,
477 3646 545 3728 36),
569 3646 774 3729 publicetur,
798 3649 859 3732 fiat
883 3645 1013 3730 publici
1042 3647 1130 3714 iuris
1154 3645 1226 3732 (art.
1255 3647 1305 3729 13,
1333 3648 1385 3720 17,
1413 3649 1487 3731 35).

301 3771 384 3838 Sane
407 3771 503 3836 hodie
522 3773 556 3835 in
572 3791 662 3835 more
679 3775 728 3836 est
752 3776 788 3836 ut
808 3771 894 3836 liber
916 3773 949 3837 in
973 3791 1036 3837 uno
1055 3772 1127 3836 loco
1143 3771 1368 3854 imprimatur
1394 3777 1429 3837 et
1451 3773 1488 3838 in

299 3896 363 3960 alio
384 3897 528 3979 edatur;
552 3895 636 3960 uude
659 3893 873 3960 attendendus
896 3899 946 3960 est
967 3895 1059 3962 locus
1081 3897 1115 3961 in
1142 3914 1204 3980 quo
1229 3894 1337 3988 editur
1362 3915 1422 3961 seu
1449 3897 1486 3960 iu

298 4017 415 4104 vulgus
438 4019 612 4103 spargitur.
639 4017 686 4083 Ol.
711 4018 752 4083 cl.
777 4017 931 4091 Gennari,
952 4038 990 4101 p.
1015 4019 1071 4083 76.

387 4142 463 4208 390.
490 4141 585 4207 Nulla
599 4135 833 4227 praescribitur
856 4143 1040 4208 solemnius
1056 4162 1099 4208 ex
1114 4148 1208 4228 parte
1229 4143 1315 4208 illius
1332 4143 1387 4227 qui
1403 4161 1488 4228 opus

298 4285 457 4332 censurae
480 4267 645 4345 submittit,
670 4287 774 4353 neque
797 4269 934 4336 interest
957 4271 1064 4335 utrum
1088 4267 1242 4334 exhibeat
1264 4287 1345 4354 opus
1368 4287 1485 4334 manu·

298 4391 453 4476 scriptum
467 4395 523 4455 aut
537 4390 616 4456 folia
631 4393 694 4456 iam
706 4392 792 4478 typis
808 4393 983 4478 composita
996 4389 1109 4478 (vulgo
1124 4390 1231 4474 bozze,
1248 4391 1305 4458 des
1321 4391 1485 4480 epreuves
