3312 5108
554 299 599 346 ns
622 297 778 345 nanrcrrs
802 298 845 345 ar
868 297 991 346 roaurs
1321 275 1366 343 83

181 423 366 488 necessario
382 425 564 508 persentire
580 423 688 488 debuit
702 427 884 510 temporum
896 421 1141 495 vicissitudines,
1156 419 1364 507 quamobrem

180 565 220 610 eo
244 546 378 612 consilio
402 551 436 612 nt
459 567 517 612 sua
539 548 613 612 iura
634 552 785 612 tueretur
807 551 965 631 qnatenus
988 553 1037 613 est
1059 546 1196 612 societas
1217 544 1365 630 perlecta

180 675 321 738 externa
343 671 488 746 visibilis,
513 692 533 736 a
562 672 651 736 civili
680 673 834 738 societate
865 670 1025 752 distincta,
1051 673 1083 735 in
1107 691 1165 736 sna
1196 669 1364 754 regiminis

179 795 309 858 ratione
338 795 466 860 curavit
495 795 641 880 apprime
670 795 795 878 seiungi
826 813 864 859 ea
888 813 969 878 quae
992 793 1192 880 singulorum
1223 790 1364 857 fidelium

178 917 265 983 bono
290 924 322 985 et
344 919 439 986 saluti
463 917 644 993 intendunt,
670 918 711 984 ab
736 919 774 984 iis
791 939 874 1003 quae
889 917 1035 984 fidelibus
1055 922 1242 1004 competunt
1257 921 1364 1001 quate·

179 1062 242 1108 nus
257 1045 290 1107 in
303 1045 489 1108 societatem
506 1043 690 1130 religiosam
707 1047 877 1108 externam
890 1043 1085 1108 coalescunt.
1100 1041 1195 1113 Hinc,
1209 1041 1361 1126 religiose

178 1173 312 1230 servato
336 1163 399 1230 line
423 1165 482 1231 sibi
499 1167 682 1252 praecipuo,
700 1185 817 1251 nempe
834 1163 1022 1230 consulendi
1038 1163 1133 1230 saluti
1148 1162 1358 1246 singulorum,

178 1289 258 1356 huic
283 1288 339 1354 fini
362 1291 572 1377 principalius
588 1291 725 1357 intendit
753 1291 911 1364 Ecclesia,
935 1296 970 1356 at
985 1291 1025 1354 ob
1040 1309 1158 1355 novam
1177 1295 1358 1374 temporum

178 1411 407 1486 conditionem,
431 1412 588 1498 peculiari
611 1412 824 1478 sollicitudine
847 1417 882 1479 et
903 1413 1004 1478 veluti
1034 1411 1163 1478 diversa
1195 1411 1362 1496 disciplina

178 1538 286 1621 coepit
309 1537 496 1622 prospicere
519 1539 616 1604 etiam
632 1537 716 1603 bono
732 1539 895 1604 societatis
911 1542 1057 1609 externo,
1075 1538 1274 1602 constituens
1293 1555 1361 1602 me-

177 1660 233 1726 dia
263 1662 411 1746 poenalia
439 1669 472 1730 et
502 1661 640 1728 iuridica
670 1661 818 1729 ordinata
847 1661 888 1726 ad
911 1659 1076 1727 tutandam
1108 1659 1360 1726 incolumitatem

177 1786 304 1852 ordinis
327 1787 454 1853 socialis
477 1789 616 1854 externi.
636 1787 728 1852 Haec
750 1791 914 1872 postrema
936 1786 1040 1852 media
1063 1785 1228 1871 pertinent
1250 1786 1297 1852 aa
1310 1785 1362 1869 fo

177 1929 261 1974 ram
285 1915 490 1993 calecatum
514 1915 625 1976 cetera
656 1909 696 1974 ad
730 1909 848 1991 sorum
878 1910 1074 1992 internum
1108 1909 1264 1993 siquidem
1300 1909 1361 1976 itta

177 2035 342 2100 directius
364 2036 563 2121 prospiciunt
585 2035 669 2102 bono
692 2036 842 2120 integrae
865 2036 1036 2108 societatis,
1059 2035 1125 2100 ista
1149 2055 1221 2100 cum
1245 2034 1359 2120 primis

177 2154 263 2220 bono
286 2157 496 2242 singulorum.
523 2155 570 2222 Ol.
595 2157 852 2237 Thomassinum,
876 2157 942 2223 Vct.
967 2163 998 2222 ct
1020 2176 1097 2223 noo.
1122 2157 1252 2240 discip,
1272 2175 1309 2240 p.
1331 2157 1360 2237 1,

177 2277 235 2344 ro.
261 2280 308 2360 rr,
333 2301 360 2346 a.
386 2281 458 2344 101.

270 2405 324 2469 51.
349 2405 553 2471 Poenitentia
583 2424 673 2488 vero,
698 2425 760 2490 qua
792 2411 839 2470 est
870 2410 1122 2478 sacramentum,
1148 2407 1180 2469 in
1211 2405 1360 2471 Ecclesia

354 2476 999 2518 *—-·-··“‘''········-·........----·-
1030 2495 1039 2504 .
1303 2487 1308 2494 .
1351 2487 1358 2498 .

176 2529 606 2644 Quefflffialfflust*
623 2532 828 2614 cumaliquo
844 2536 951 2596 tamen
975 2531 1168 2596 discrimine.
1194 2531 1356 2615 Siquidem

175 2649 413 2735 antiquioribus
426 2653 594 2718 Ecclesiae
606 2654 743 2720 saeculis
753 2656 848 2721 etiam
860 2653 989 2739 publica
1001 2655 1159 2720 confessio
1172 2653 1211 2718 de
1223 2655 1359 2740 publicis

174 2777 320 2862 peccatis
344 2797 401 2842 seu
424 2777 612 2843 criminibus
636 2777 816 2844 habebatur
832 2779 1076 2844 sacramentalis
1092 2781 1143 2844 cui
1159 2779 1354 2862 sequebatur

175 2901 308 2987 publica
330 2901 575 2967 sacramentalis
599 2904 813 2986 poenitentia;
838 2921 899 2968 nec
915 2921 979 2966 non
996 2909 1123 2968 secreta
1143 2905 1359 2990 peragebatur

177 3027 218 3090 de
234 3028 370 3093 occultis
386 3027 527 3112 peccatis
543 3028 703 3092 confessio
726 3028 971 3095 sacramentalis
987 3029 1027 3092 ob
1044 3049 1137 3112 quam
1161 3035 1288 3096 secreta
1303 3031 1358 3098 im·

176 3149 358 3234 ponebatur
370 3151 582 3237 poenitentia;
595 3156 629 3217 at
641 3151 679 3214 de
692 3153 832 3236 peccatis
846 3171 970 3236 quoque
983 3152 1118 3217 occultis
1130 3153 1359 3220 consulebatur

176 3277 210 3338 et
225 3273 496 3357 frequentabatur
511 3274 638 3359 publica
662 3274 821 3340 confessio
844 3275 1089 3341 sacramentalis
1113 3273 1176 3362 (l);
1205 3279 1358 3361 posterio-

268 3449 308 3516 (ll
328 3449 367 3502 Cf.
389 3449 530 3516 pelliceis,
551 3451 592 3505 De
612 3452 704 3506 cbrist.
725 3452 822 3507 eccles.
842 3453 940 3522 politic
960 3479 974 3490 -
995 3451 1054 3506 Lib.
1075 3454 1103 3505 V.
1127 3471 1148 3506 c.
1169 3455 1184 3507 1
1203 3457 1220 3518 ἓ
1240 3453 1264 3506 3.
1285 3471 1306 3506 c.
1326 3455 1356 3507 3.

175 3555 259 3618 512.
281 3559 310 3609 et
329 3555 559 3608 commentarium
585 3555 715 3624 Origenis
738 3557 769 3626 (†
783 3555 846 3626 254)
866 3557 894 3610 in
918 3557 1023 3611 Psalm.
1048 3557 1202 3612 XXXVII
1216 3558 1304 3610 homil
1324 3555 1360 3609 ΙΙ

173 3679 202 3713 n.
218 3661 246 3714 6.
260 3661 313 3716 Sed
327 3677 386 3714 mos
400 3661 529 3730 publicae
542 3662 722 3716 consessionis
736 3662 949 3718 sacramentalis
961 3667 1045 3717 antea
1059 3663 1087 3717 in
1101 3663 1227 3717 Ecclesia
1240 3663 1357 3728 Graeca,

176 3767 242 3823 dein
270 3768 299 3821 in
325 3767 427 3821 Latina
449 3767 477 3821 in
506 3768 714 3824 desuetudinem
735 3770 813 3823 abiit.
834 3798 848 3809 -
869 3769 938 3824 ltem
957 3770 1029 3840 apud
1049 3770 1202 3826 Ecclesiam
1222 3769 1356 3825 Graecam

176 3876 307 3945 primitus
326 3877 470 3930 constituti
491 3879 604 3932 trrarunt
623 3875 785 3932 Sacerdotes
809 3877 1019 3932 Poenitentiarii
1049 3895 1166 3949 quorum
1197 3881 1259 3932 erat
1286 3878 1357 3932 invi-

175 3981 267 4052 gilare
286 3998 396 4053 quoque
414 3983 444 4037 in
462 3983 656 4038 executionem
679 3983 914 4052 poenitentiarum
928 3985 962 4037 ab
977 3985 1044 4054 ipsis
1057 3985 1258 4054 impositarum.
1273 4014 1287 4027 ·
1300 3986 1356 4040 Po-

174 4093 237 4143 stea
256 4089 322 4159 quia
341 4090 514 4158 poenitentia
533 4092 746 4144 sacramentalis
764 4091 854 4145 evasit
871 4091 930 4146 fere
949 4107 1057 4162 semper
1069 4097 1177 4146 secreta
1190 4097 1219 4147 et
1232 4091 1356 4157 remisse,

174 4194 266 4264 quoad
291 4194 494 4260 executionem,
521 4195 707 4250 conscientiae
733 4195 909 4264 poenitentis,
938 4195 985 4250 isti
1012 4196 1226 4250 Poenitentiarii
1255 4197 1354 4253 aboliti

174 4299 296 4353 luerunt.
316 4327 331 4340 -
351 4298 479 4354 Socrates
505 4300 532 4354 V.
553 4299 597 4354 19.
617 4300 781 4368 Sozorqenes
807 4299 867 4353 VII.
889 4301 932 4354 16.
953 4301 1062 4362 -Quae
1084 4318 1101 4354 a
1127 4301 1257 4356 Diacooie
1282 4307 1311 4358 et
1338 4321 1354 4358 a

175 4403 265 4473 laicis,
284 4405 312 4460 in
332 4405 474 4459 nonnullis
493 4405 696 4477 antiquioribus
715 4406 887 4461 documentis
905 4405 1035 4460 dicuutur
1053 4411 1187 4477 exceptae
1207 4410 1355 4466 confessio·
