3202 5104
325 304 391 374 204
850 326 935 375 rans
959 327 980 374 1.

413 449 441 515 E
465 455 580 515 contra
602 450 779 533 suspensio
802 453 835 514 et
860 449 1082 518 interdictam
1104 471 1170 516 non
1193 455 1308 516 arcent
1329 451 1371 516 ab
1393 451 1499 518 Eccle·

324 577 382 658 sia,
398 573 455 640 sed
470 573 510 640 ab
535 595 595 641 usu
617 573 820 659 quorundam
844 576 963 640 iunium
981 576 1209 661 spiritualium,
1225 581 1259 645 et
1273 581 1406 663 possunt
1420 579 1498 642 irro-

324 699 406 787 gari,
430 704 464 765 et
485 699 532 765 uti
551 718 667 783 poena
682 705 738 764 eut
753 699 902 783 simptev
911 700 1075 784 privatio,
1093 705 1126 766 ct
1141 703 1188 766 uti
1204 721 1360 768 cantara.
1376 703 1500 768 Etenim

322 821 512 910 infliguntur
535 844 661 910 quoque
675 825 745 890 sive
768 830 805 890 ut
825 845 908 892 vera
930 846 1036 912 poena
1058 825 1277 902 mannua,
1294 846 1410 912 nempe
1430 847 1498 912 pro

322 953 397 1034 pter
413 949 547 1023 crimen,
561 949 629 1014 sive
641 955 677 1015 ut
686 949 848 1033 privatio,
865 950 990 1016 scilicet
1000 949 1041 1016 ob
1054 951 1195 1036 aliquam
1210 971 1342 1018 causam
1358 953 1500 1036 quamvis

323 1077 393 1141 sine
416 1075 520 1162 culpa,
544 1080 656 1162 utputa
679 1077 807 1160 quando
830 1097 948 1163 corpus
966 1079 1091 1144 morale
1115 1079 1306 1165 supponitur
1329 1077 1499 1144 interdicto

324 1200 376 1266 cui
388 1200 519 1267 subesse
533 1200 654 1267 debent
669 1203 701 1265 et
715 1207 824 1266 sontes
840 1206 874 1267 et
888 1203 1040 1284 insontes,
1052 1202 1110 1268 sed
1127 1201 1256 1268 diversa
1271 1203 1415 1279 ratione3
1431 1202 1500 1286 quia

323 1329 435 1392 scates
456 1323 644 1409 puniuntur,
660 1324 805 1390 insontes
816 1325 1015 1409 privantur.
1030 1361 1049 1375 ·
1062 1324 1239 1393 criterium
1253 1345 1335 1392 vero
1354 1325 1395 1390 ad
1411 1324 1500 1392 dime

322 1447 467 1514 tiendum
482 1451 592 1514 utrum
602 1467 718 1532 poeaa
733 1450 785 1523 sit,
802 1468 845 1514 an
862 1468 1017 1526 conara,
1035 1454 1085 1516 est
1100 1448 1212 1515 eadem
1229 1455 1440 1535 utrarumque
1451 1469 1500 1514 na·

323 1577 407 1638 tura.
434 1573 514 1638 Nam
538 1573 565 1638 si
587 1572 769 1639 huiusmodi
798 1571 1032 1659 prohibitiones
1062 1573 1284 1640 decernantur
1309 1573 1353 1639 ad
1382 1579 1500 1639 certum

323 1699 459 1780 tempus,
483 1714 548 1759 non
571 1697 751 1781 praemissa
765 1695 941 1760 monitione
961 1714 1019 1761 seu
1042 1716 1107 1762 non
1130 1698 1163 1761 in
1180 1702 1425 1771 contumacem,
1440 1716 1500 1761 non

323 1820 356 1884 in
379 1839 552 1910 personam
573 1819 753 1906 physicam.
778 1819 890 1886 sedin
913 1840 1031 1907 corpus
1054 1821 1189 1904 morale,
1213 1822 1266 1888 vel
1290 1821 1331 1887 ob
1355 1821 1500 1888 delictum

323 1947 545 2030 praeteritum,
570 1943 718 2029 quodque
741 1944 866 2009 nullum
888 1942 988 2011 habet
1015 1949 1157 2011 tractum
1179 1947 1407 2020 successivum,
1434 1965 1499 2031 quo

246 2076 249 2086 '
324 2068 414 2133 circa
439 2067 629 2154 delinquens
660 2069 787 2134 moneri
811 2087 877 2133 non
899 2070 1042 2154 potuerit
1063 2073 1099 2134 ut
1121 2090 1142 2135 a
1164 2071 1301 2136 crimine
1330 2069 1501 2137 abstineret

324 2199 381 2259 aut
404 2200 556 2267 cessaret,
581 2199 638 2260 aut
660 2195 724 2260 alia
747 2193 779 2259 id
801 2213 914 2280 genus,
938 2213 1004 2259 non
1027 2199 1200 2261 serventur
1222 2195 1255 2260 in
1279 2198 1406 2262 ratione
1431 2215 1500 2261 cen·

325 2339 431 2402 aurae,
455 2339 513 2384 seu
535 2338 659 2405 poenae
683 2318 885 2385 medicinalis
908 2321 1110 2394 necessaria,
1135 2324 1214 2387 tunc
1237 2341 1355 2404 poena
1386 2321 1500 2387 consti·

325 2443 427 2510 tuitur
450 2461 516 2506 non
539 2459 695 2509 censura.

415 2567 489 2634 139.
513 2568 556 2634 Ut
577 2567 720 2652 pressius
743 2564 946 2634 declaremus
968 2568 1133 2635 notionem
1161 2571 1501 2636 excommunicationis

322 2691 549 2778 explicandum
573 2695 622 2758 est
644 2691 720 2776 quid
736 2693 888 2778 importet
902 2695 1075 2776 separatio
1091 2696 1362 2760 excommunicati
1383 2716 1403 2760 a
1418 2715 1500 2761 com·

323 2817 475 2883 munione
497 2813 647 2881 fidelium.
673 2816 742 2880 lam
764 2816 926 2882 innuimus
954 2817 1111 2901 quomodo
1134 2837 1194 2904 per
1217 2838 1392 2885 censuram
1411 2839 1500 2906 gene-

322 2943 421 3008 ratim
436 2940 585 3007 Ecclesia
607 2941 714 3026 privet
737 2939 777 3004 ab
801 2961 860 3006 usu
883 2941 1041 3006 bonorum
1058 2943 1272 3028 spiritualium
1288 2964 1372 3029 quae
1389 2945 1500 3009 ineius

324 3071 400 3134 sunt
414 3063 661 3150 dispensatione.
680 3065 724 3130 At
739 3065 809 3150 ipsa
823 3065 1043 3132 tantummodo
1057 3087 1117 3152 per
1139 3069 1499 3134 excommunicationem

324 3188 476 3276 prohibet
498 3187 539 3254 ab
562 3209 622 3255 usu
645 3189 799 3255 ornatam
822 3210 954 3255 suorum
970 3189 1137 3266 bonorum,
1155 3212 1228 3256 cum
1249 3196 1363 3260 arceat
1386 3213 1407 3258 a
1429 3191 1500 3258 fide

324 3315 404 3379 lium
420 3314 655 3395 communione,
675 3333 732 3379 seu
755 3333 775 3377 a
798 3312 891 3379 bonis
912 3315 1057 3381 internis
1080 3321 1112 3381 et
1134 3316 1286 3384 octennis
1308 3318 1499 3386 christianae

324 3437 567 3505 communionis.
592 3438 678 3502 Hinc
708 3438 890 3504 huiusmodi
919 3459 1060 3506 censura
1083 3442 1181 3506 etiam
1203 3447 1299 3508 arcet
1317 3462 1340 3507 a
1363 3463 1499 3509 commu·

322 3566 419 3631 nione
443 3557 606 3637 barbana,
631 3563 706 3647 quia
729 3565 762 3627 in
785 3564 939 3631 societate
963 3565 1143 3632 christiana
1165 3567 1212 3631 ita
1237 3568 1343 3632 amico
1373 3566 1500 3633 foedere

323 3687 465 3752 humana
488 3691 521 3752 et
544 3684 653 3751 divina
676 3687 928 3774 coniunguntur,
945 3693 981 3754 ut
996 3689 1050 3774 qui
1073 3709 1092 3754 a
1115 3687 1259 3768 fidelium
1281 3693 1500 3758 communione

323 3812 487 3878 seiunctus
517 3811 559 3876 sit
588 3809 626 3876 ia
656 3811 790 3884 divinis,
815 3813 911 3879 etiam
933 3813 971 3878 ia
994 3813 1223 3901 hamanis-(l)
1248 3816 1367 3880 evitari
1392 3815 1500 3882 debeat

324 3937 414 4022 quasi
437 3935 624 4020 mntagiosa
646 3934 719 4000 labe
742 3935 892 4002 iniectus.

414 4126 453 4201 (l)
472 4128 548 4183 Haec
566 4127 702 4184 connexio
714 4129 790 4185 inter
808 4131 905 4186 diuina
917 4135 946 4187 at
959 4134 1083 4189 bumana
1096 4133 1182 4204 probe
1195 4137 1341 4204 perspecta
1353 4135 1411 4190 init
1422 4135 1500 4192 etiam

321 4211 457 4287 ethnicis:
476 4233 523 4304 qui
548 4232 729 4304 prohibentes
753 4235 874 4307 aliquem
901 4254 918 4291 a
941 4211 1053 4306 divinis,
1077 4237 1162 4294 etiam
1190 4241 1225 4293 ab
1250 4240 1382 4294 humanis
1401 4241 1500 4296 iuribus

324 4339 465 4393 iusserunt
477 4339 604 4394 eumdem
623 4355 683 4394 essa
702 4340 861 4409 exclusum3
880 4344 921 4398 uti
937 4350 1035 4399 narrat
1046 4344 1149 4400 Caesar
1160 4346 1194 4401 de
1208 4345 1355 4401 Germanis
1377 4351 1409 4403 et
1420 4345 1500 4403 Gallis

325 4445 448 4501 reterens
467 4446 540 4514 (Lib.
559 4446 606 4515 Vl,
626 4463 685 4516 cap.
705 4446 749 4518 t):
769 4449 800 4503 St
817 4452 878 4522 quis
895 4451 1009 4508 demeto
1028 4439 1226 4526 (ascraeum)
1244 4469 1301 4508 aon
1319 4456 1406 4522 secat,
1417 4455 1499 4510 saai-
