3202 5104
525 329 568 372 ns
594 329 746 376 punieris
772 329 812 374 nr
837 330 955 374 roums
1262 312 1327 378 287

287 450 319 531 4)
343 448 405 516 Sed
427 449 584 516 beneficia
607 453 773 536 simplicia,
793 455 880 518 sacri
903 454 1024 518 ordinis
1048 456 1239 520 exercitium
1263 475 1327 519 non

152 579 389 663 expostulantis
412 579 467 644 sed
491 584 613 646 tantum
638 580 725 645 aliud
748 601 836 666 opus,
858 581 960 646 veluti
984 583 1206 648 recitationem
1231 581 1328 648 bora-

148 722 228 766 rum
255 721 339 775 cau,
364 701 508 767 conferri
532 723 597 768 non
621 703 844 788 prohibentur.

244 825 315 890 194.
341 826 445 900 Quum
469 847 548 892 vero
572 829 799 914 irregularitas
822 781 1009 912 supervenit
1025 829 1053 892 ei
1071 826 1326 911 quibeneficium

149 953 213 1016 iam
245 951 375 1024 obtinet.
408 955 559 1017 convenit
589 953 671 1038 apud
704 955 768 1019 llll.
800 955 892 1021 istem
923 973 988 1018 non
1019 955 1149 1038 operari
1178 949 1326 1019 beneficii

150 1079 365 1162 privationem
396 1081 455 1142 nisi
483 1099 637 1164 expresse
662 1080 744 1144 haec
771 1086 866 1144 cauta
889 1081 930 1144 sit
956 1081 987 1144 in
1013 1073 1101 1155 iure;
1126 1079 1183 1164 (uti
1207 1080 1326 1144 factum

149 1207 201 1269 est
231 1209 344 1268 contra
375 1203 551 1269 homicidas
581 1206 615 1268 in
639 1225 713 1287 cup.
736 1205 751 1268 l
774 1205 846 1286 ἓὲ,
872 1205 920 1270 Dc
937 1205 1128 1286 imminutio,
1152 1205 1188 1270 iu
1211 1205 1263 1290 6);
1295 1209 1328 1270 et

148 1327 227 1392 hinc
251 1329 405 1393 clericum
429 1329 643 1414 irregularem
678 1348 743 1394 non
767 1331 869 1394 teneri
895 1330 935 1394 ad
959 1329 1181 1396 dimittendum
1206 1327 1326 1394 benefi-

148 1453 245 1518 cium.
275 1451 383 1527 Quare
407 1453 544 1518 clericus
568 1473 641 1518 suos
666 1453 744 1520 lacit
773 1453 899 1518 fructus
923 1455 949 1516 si
977 1473 1036 1538 per
1062 1455 1141 1518 alim
1169 1455 1234 1519 suis
1264 1475 1327 1518 mu·

147 1578 282 1644 neribus
312 1579 505 1654 satisfaciam
537 1598 619 1663 quae
649 1580 676 1643 si
707 1598 767 1664 per
796 1579 876 1643 alios
911 1578 1090 1664 adimplere
1124 1601 1187 1644 non
1221 1581 1326 1660 valet,

148 1707 261 1789 utpote
288 1705 486 1790 personalia,
516 1711 548 1770 ot
577 1707 721 1771 muneris
751 1707 878 1770 omissio
909 1706 949 1770 sit
975 1707 1097 1790 gravis,
1127 1724 1172 1770 ecc
1200 1705 1327 1770 iustitia

147 1827 308 1895 beneficio
331 1829 482 1895 abdicare
506 1831 648 1916 cogitur.
668 1850 739 1916 arg.
764 1852 790 1898 c.
816 1851 843 1896 c.
860 1829 915 1902 10,
933 1829 983 1895 De
1005 1829 1269 1902 renunciatione,
1295 1829 1330 1893 X

147 1955 189 2042 (Ι,
214 1959 236 2022 9
259 1961 292 2021 et
317 1956 380 2042 10),
405 1955 455 2021 De
479 1975 604 2022 eucess.
625 1957 782 2039 praelat,
807 1957 839 2020 X
862 1955 916 2040 (V,
942 1955 1006 2040 31).

240 2079 302 2146 Sed
326 2101 365 2144 ea
387 2085 511 2146 tantum
535 2100 637 2145 onera
660 2101 719 2166 per
742 2101 777 2146 se
801 2080 977 2165 adimplere
999 2077 1225 2145 beneficiarius
1250 2080 1328 2144 irre-

146 2207 272 2292 gularis
296 2206 486 2290 prohibetur
509 2225 591 2290 quae
608 2207 774 2291 implicant
796 2228 822 2271 s.
840 2205 961 2270 ordinis
981 2206 1183 2286 exercitium,
1200 2225 1265 2268 non
1289 2225 1328 2270 ea

146 2351 232 2414 quae
260 2351 281 2395 a
308 2329 527 2395 iurisdictione
558 2331 778 2396 ecclesiastica
810 2336 927 2396 statum
960 2335 991 2394 et
1022 2332 1086 2394 vim
1118 2332 1248 2414 capiunt
1274 2331 1326 2394 vel

146 2473 231 2536 quae
255 2473 275 2518 a
297 2455 388 2518 laicis
413 2455 506 2519 etiam
531 2455 583 2539 agi
607 2460 748 2539 possunt,
775 2459 886 2538 utputa
917 2453 1072 2518 canonico
1097 2455 1243 2518 recitatio
1268 2453 1324 2518 bo-

144 2601 272 2648 rarum
295 2583 328 2645 in
352 2582 462 2654 choro,
485 2587 521 2646 at
543 2583 572 2647 ei
596 2582 774 2647 cavendum
798 2587 856 2654 est,
876 2581 1050 2646 advertunt
1073 2583 1268 2654 canonistas,
1285 2599 1327 2646 ne

146 2705 359 2772 officiatorem
382 2713 457 2792 agat
480 2706 625 2772 canendo
649 2743 664 2754 ·
688 2707 855 2774 Dominus
879 2706 1055 2773 Vobiscum
1079 2743 1093 2752 -
1117 2705 1199 2790 quod
1224 2706 1328 2771 diaco

146 2854 265 2899 norum
300 2841 358 2900 est.
391 2835 474 2900 Item
505 2835 537 2899 vi
568 2834 797 2900 iurisdictionis
828 2833 933 2898 valide
965 2839 997 2898 et
1030 2833 1118 2898 licite
1148 2833 1325 2918 Episcopus

146 2963 278 3029 confert
299 2960 465 3035 beneficia,
488 2963 662 3028 sententias
686 2963 751 3027 fert
774 2962 949 3030 iudiciales.
976 2962 1100 3046 irrogat
1128 2981 1257 3046 poenas,
1285 2962 1327 3027 di-

146 3092 296 3173 spensat;
332 3085 492 3172 parochus
517 3070 637 3151 assistit
660 3087 872 3154 matrimoniis
895 3087 1040 3169 quamvis
1064 3103 1128 3149 non
1151 3075 1239 3150 licite
1270 3106 1327 3151 nn·

146 3213 222 3298 ptiis
245 3210 423 3282 benedicat,
448 3209 576 3282 Suarez.
603 3213 622 3276 l.
641 3233 667 3278 c.
693 3212 726 3284 2.
745 3211 803 3286 26,
829 3216 862 3275 et
885 3209 990 3275 valide
1013 3210 1069 3274 sed
1093 3210 1203 3275 illicite
1226 3211 1328 3276 absol·

146 3339 195 3403 vit
217 3358 237 3402 a
261 3339 410 3422 peccatis,
435 3340 510 3424 quia
533 3338 757 3423 irregularitas
781 3356 845 3400 non
869 3337 1033 3421 intercipit
1058 3335 1325 3419 iurisdictionem,

147 3462 205 3528 sed
235 3462 364 3528 illicitus
387 3469 436 3528 est
467 3485 543 3528 usus
574 3463 659 3528 illius
689 3463 854 3546 potestatis
886 3463 1017 3526 innixae
1048 3461 1152 3526 ordini
1184 3483 1287 3528 sacro.
1312 3499 1327 3510 -

149 3587 350 3653 D'Annibale
373 3587 415 3670 (Ι,
440 3587 516 3670 401,
540 3593 607 3655 aot.
633 3587 698 3671 18).

239 3713 313 3778 195.
339 3714 466 3780 Exinde
489 3716 620 3779 maximi
646 3712 748 3778 refert
772 3733 947 3778 secernere
983 3717 1016 3779 et
1049 3715 1194 3798 apprime
1218 3713 1327 3780 distin-

147 3859 249 3925 guere
274 3840 531 3924 irregularitates
561 3859 581 3903 a
611 3838 888 3923 suspensionibus,
915 3858 1049 3922 quarum
1081 3839 1246 3923 proprium
1278 3843 1327 3904 est

147 3963 271 4029 directe
297 3964 448 4049 impedire
473 3985 563 4029 usum
587 3962 824 4028 iurisdictionis.
849 3963 916 4026 Nec
941 3963 972 4025 in
988 3960 1122 4045 singulis
1139 3961 1325 4046 poenalibus

145 4087 286 4154 decretis
310 4087 405 4152 facile
430 4092 478 4153 est
509 4105 707 4172 cognoscere
738 4105 779 4149 an
811 4085 851 4149 de
882 4084 1178 4169 irregularitatibus
1211 4089 1327 4168 agatur

147 4212 199 4276 vel
224 4211 328 4296 potius
352 4209 391 4274 de
414 4208 690 4294 suspensionibus,
716 4208 905 4294 praesertim
929 4207 1055 4290 quando
1078 4207 1141 4272 hae
1164 4213 1239 4272 sunt
1255 4228 1327 4291 per-

141 4341 263 4422 petuae
287 4341 319 4401 et
336 4335 470 4400 forsitan
487 4339 676 4400 contractae
691 4335 724 4398 in
741 4335 810 4418 ipsa
825 4332 972 4398 ordinum
990 4333 1202 4418 susceptione.
1228 4334 1325 4399 Prae-

146 4467 238 4527 terea
261 4461 520 4546 irregularitates
542 4480 563 4524 a
586 4460 731 4526 censuris
747 4478 923 4524 secernere
939 4459 1160 4524 necessarium
1176 4463 1234 4532 est,
1252 4479 1325 4524 cum
