3312 5108
283 363 327 430 86
803 382 887 430 rans
912 383 935 428 1.

282 506 396 570 toritas
411 505 496 570 enim
518 503 648 571 bruchii
667 503 854 570 saecularis
869 502 1082 568 invocabatur
1096 505 1129 568 in
1146 503 1319 570 subsidium
1335 522 1462 587 quoque

282 627 346 694 fori
377 627 621 696 sacramentalis
651 628 726 712 quia
755 627 915 694 distinctio
939 627 1044 694 adhuc
1069 648 1133 692 non
1156 629 1341 694 invaluerat
1370 632 1462 694 certa

282 753 378 816 unius
400 751 441 816 ab
464 753 568 817 allero
591 751 673 816 loro.

372 875 481 952 Quare
497 877 555 942 sub
572 877 696 942 initium
720 877 842 941 saeculi
870 897 894 942 x
917 876 1074 942 adversus
1097 875 1270 942 nonnullos
1290 875 1344 958 qui
1366 880 1461 940 autu-

281 1000 421 1074 mabant,
446 1001 528 1065 nihil
550 1000 717 1066 Ecclesiae
741 1007 926 1087 competere
949 1002 983 1065 in
1007 1019 1072 1082 eos,
1098 999 1245 1066 civilibus
1269 1001 1381 1085 poeuis
1396 1001 1461 1062 iarn

282 1129 436 1212 expiatos,
464 1127 651 1194 Concilium
682 1125 879 1194 Romanum
909 1127 971 1194 sub
1003 1146 1095 1194 anno
1122 1126 1459 1202 904‚can.1eeui-

281 1252 391 1318 cebal:
419 1251 552 1323 «Quod
587 1255 726 1318 omnino
760 1251 1001 1338 irrepulariter
1031 1251 1207 1319 inolevisse
1237 1251 1461 1334 manifestum

280 1383 338 1444 est.
370 1376 527 1443 Habeant
561 1377 668 1463 ipitur
701 1376 863 1460 Episcopi
897 1376 1115 1462 sinpulurum
1148 1376 1288 1442 urbium
1324 1375 1360 1440 in
1394 1393 1460 1440 sua

290 1501 434 1569 dioecesi
463 1502 605 1570 liberam
625 1507 824 1586 potestatem
855 1503 1034 1583 adulteria,
1058 1508 1090 1568 cl
1112 1505 1241 1569 scelera
1263 1502 1457 1587 inquirere,

282 1625 400 1692 ulcisci
423 1630 454 1690 et
476 1626 629 1692 iudicare
651 1627 839 1692 secundum
870 1626 962 1710 quod
993 1623 1146 1692 Oenones
1169 1631 1375 1692 censuerunt
1404 1627 1461 1692 ub·

280 1771 363 1836 sque
385 1751 626 1834 impedimento
649 1751 804 1818 alicuius.
828 1751 1033 1834 Ecquando
1056 1769 1143 1834 opus
1165 1749 1272 1833 fucrit
1302 1751 1349 1816 ad
1372 1769 1461 1818 com·

281 1874 470 1958 pascendos
498 1873 637 1940 rebelles
660 1879 690 1939 et
713 1879 958 1957 contemptores
979 1874 1157 1958 publicum
1180 1875 1351 1941 Placitum
1379 1894 1459 1941 con-

282 2005 401 2066 vocent
424 1996 469 2084 (l)
492 2018 564 2064 non
586 1999 632 2064 acl
653 1999 966 2082 praeiudicandam
995 2001 1056 2066 secl
1081 2001 1197 2083 potius
1220 2001 1268 2066 ud
1297 2019 1340 2066 co
1370 2019 1460 2084 quoe

284 2123 355 2190 Deo
374 2124 504 2206 placita
526 2129 605 2188 sunl
620 2129 652 2189 et
665 2123 768 2189 soluti
791 2123 990 2190 animorum
1013 2125 1225 2200 conueniunt,
1246 2143 1459 2208 prosequen-

282 2250 418 2317 dum».
443 2250 570 2316 Etiam
601 2248 781 2314 audivimus
812 2249 1036 2316 Innocentium
1067 2249 1117 2315 Ill
1149 2250 1185 2314 in
1216 2269 1291 2332 cup.
1322 2247 1375 2314 13.
1408 2248 1460 2314 Dc

282 2373 371 2448 luel,
406 2373 619 2457 proclamare,
654 2371 774 2456 absque
809 2374 980 2438 criminum
1015 2374 1228 2446 distinctione,
1264 2372 1305 2438 ad
1339 2371 1459 2438 Eccle-

280 2498 360 2562 siam
384 2498 548 2582 perlinero
574 2495 793 2562 «decernere
816 2497 858 2562 de
876 2503 1016 2579 peceato
1033 2519 1062 2560 ›.
1096 2497 1187 2571 Quod
1219 2517 1291 2562 cum
1320 2496 1458 2582 intelligi

278 2621 394 2688 debeat
417 2621 458 2688 de
477 2621 626 2706 peccatis
646 2622 800 2706 publicis,
824 2623 906 2688 haec
929 2627 1069 2707 poteslas
1092 2643 1256 2707 nunquam
1289 2622 1460 2687 Ecclesiae

278 2746 456 2812 abiudicari
479 2751 593 2830 potest,
622 2746 777 2830 siquidem
809 2746 912 2812 eidem
944 2748 1121 2812 intrinsece
1152 2748 1365 2813 adhaerebat
1389 2747 1460 2811 Tri·

278 2870 364 2936 dent.
396 2871 573 2936 Concilium
608 2872 641 2935 in
675 2891 754 2938 sess.
786 2871 846 2946 24,
882 2890 957 2954 cap.
982 2872 1014 2946 8,
1047 2872 1096 2937 De
1127 2871 1268 2954 reform.
1300 2871 1456 2945 decrevit,

277 2993 405 3080 publice
426 3000 599 3080 peccantes
622 3016 682 3081 per
705 2996 849 3082 publicas
873 2997 1084 3080 poenitentias
1108 2995 1306 3062 coercendos
1328 3015 1409 3062 esse.

785 3369 899 3436 Carur
923 3372 948 3435 l.

341 3592 386 3647 DE
406 3593 551 3648 nivonis
570 3593 766 3652 SPECIEBUS
789 3598 997 3654 POENARUM
1017 3599 1391 3655 ECCLESIASTICARUM.

282 3839 498 3898 summarium.
515 3871 552 3884 -
569 3845 613 3899 53.
633 3846 766 3902 Remedia
790 3847 928 3917 poenalia,
946 3849 1005 3902 iure
1024 3849 1214 3916 decretalium,
1239 3849 1371 3902 distincta
1390 3855 1456 3903 sunt

366 3948 440 4020 1)in
467 3952 662 4020 poenitentias,
686 3953 714 4024 2)
735 3969 846 4023 poenas,
871 3952 898 4020 3)
919 3971 1057 4008 censuras.
1074 3983 1107 3995 -
1126 3955 1170 4008 54.
1195 3955 1320 4016 eranam
1345 3956 1455 4011 ratione

363 4072 468 4126 poenae
488 4056 585 4112 eccles.
606 4059 715 4112 crimini
735 4061 793 4113 sint
811 4059 1032 4115 accomodandae
1051 4078 1099 4116 seu
1124 4060 1158 4116 de
1183 4063 1302 4116 diversis
1317 4065 1456 4133 systema·

366 4161 440 4214 tibus
459 4178 605 4218 mensurae
626 4164 758 4232 poenalis.
783 4193 820 4206 -
845 4165 891 4220 55.
918 4167 978 4228 Quo
1002 4182 1085 4220 sensu
1104 4166 1255 4221 nonnullae
1274 4182 1380 4237 poenae
1410 4183 1456 4221 ec·

362 4373 403 4444 (l)
423 4374 559 4451 Nimirum
588 4379 766 4446 expostulent
788 4379 931 4432 auxilium
953 4383 1095 4449 potcstatis
1123 4382 1287 4435 saecularis.
1307 4381 1348 4433 cf.
1375 4379 1453 4433 Van-

275 4477 375 4548 Espen,
389 4479 444 4534 Ius.
460 4481 535 4534 Eccl.
551 4485 623 4534 unic.
638 4483 713 4536 Part.
724 4483 781 4550 ΙΙΙ,
794 4485 833 4538 tir.
848 4483 899 4552 IV,
919 4503 941 4538 c.
963 4484 986 4550 I,
1010 4495 1036 4540 ct
1055 4485 1165 4541 Morino
1188 4487 1236 4558 Op.
1251 4505 1273 4541 c.
1287 4488 1320 4541 L.
1339 4487 1366 4552 7,
1386 4505 1408 4541 c.
1425 4487 1453 4540 6.
