3290 5100
307 281 374 352 536
827 297 911 352 rins
935 301 956 350 ι.

309 427 343 494 S.
366 425 520 510 Officium
542 445 607 494 non
630 427 718 512 riget
739 431 796 491 eut
817 445 958 510 unquam
981 426 1093 510 viguit,
1117 427 1163 491 uti
1196 427 1228 490 in
1254 427 1369 511 Regno
1401 427 1486 491 Nee-

308 552 458 636 politano,
483 571 565 635 quae
591 551 654 616 hoc
677 571 803 618 canone
829 552 1069 617 constituuntur
1099 550 1233 636 produci
1260 571 1324 615 non
1351 557 1486 636 possunt

306 675 348 742 ad
363 675 538 744 tribunalia
551 677 783 762 Episcoporum
800 695 977 761 eorumque
988 677 1162 747 ministros.
1176 679 1322 759 quamvis
1335 677 1486 761 Episcopi

307 801 373 865 sint
388 801 598 884 inquisitores
613 801 690 872 nati,
707 805 740 866 et
754 801 818 866 hoc
833 800 1013 866 declaravit
1028 798 1060 866 S.
1079 796 1142 866 Off.
1159 801 1215 866 die
1231 800 1275 866 16
1291 800 1367 865 iun.
1384 801 1486 865 1894.

398 926 458 991 Rei
487 931 595 991 nutem
629 930 697 991 tum
727 925 941 1009 principales
971 933 1038 990 tum
1068 925 1249 992 accensendi
1280 925 1487 992 committunt

307 1050 393 1115 hanc
427 1069 598 1116 censuram
633 1049 760 1134 qnando
793 1049 925 1115 laedere
957 1057 1015 1116 aut
1048 1049 1314 1134 perterrefacere
1344 1049 1488 1114 audeant

308 1177 472 1242 ministros
495 1177 527 1242 S.
549 1174 665 1249 Officii,
691 1178 723 1240 in
746 1175 853 1242 odium
877 1177 909 1242 S.
926 1173 1043 1257 Officii,
1066 1183 1163 1260 atque
1185 1179 1368 1262 scripturas
1389 1177 1489 1241 huius

308 1300 479 1366 tribunalis
508 1301 665 1387 diripiunt
694 1307 751 1366 aut
780 1300 981 1366 comburunt.
1016 1336 1034 1348 -
1065 1299 1245 1368 Minirtros
1275 1301 1489 1387 intelligimus

309 1447 525 1513 quoscumque
555 1427 698 1493 addictos
729 1427 760 1493 S.
797 1425 930 1500 Officio,
961 1427 1061 1492 voluti
1100 1428 1332 1501 commorer,
1367 1430 1491 1514 quippe

308 1573 420 1619 eorum
451 1573 553 1638 opera
583 1554 767 1618 necessarie
789 1559 840 1618 est
862 1553 1045 1617 executioni
1078 1551 1173 1618 huius
1195 1553 1344 1638 specialis
1368 1551 1489 1621 Officii.

314 1677 427 1743 Testes
448 1695 528 1741 vero
551 1677 776 1763 intelliguntur
799 1696 863 1741 non
887 1677 940 1759 qui
964 1675 1098 1761 produci
1121 1681 1253 1761 possent
1276 1677 1328 1740 vel
1351 1676 1489 1762 produci

307 1799 466 1867 debebant
489 1801 545 1866 sed
569 1801 590 1866 ii
613 1803 666 1886 qui
689 1807 769 1868 actu
792 1799 940 1886 producti
964 1801 1026 1865 iem
1043 1806 1128 1866 sunt.
1147 1836 1165 1849 ·
1183 1800 1383 1884 Scripturas
1405 1803 1489 1866 diri·

308 1945 388 2010 pere
402 1923 562 2012 significat
577 1944 641 1991 non
657 1945 753 1991 unam
776 1927 828 1991 rel
852 1925 949 1990 aliam
973 1925 1029 1990 sed
1046 1925 1157 2010 plures
1171 1945 1229 1989 seu
1244 1927 1337 1990 veria
1359 1925 1489 1990 instru-

308 2060 423 2119 menta
447 2073 574 2139 rapere,
592 2073 656 2118 non
673 2073 732 2138 per
753 2051 889 2134 furtum
903 2051 960 2118 sed
974 2051 1113 2135 rapinci,
1129 2072 1187 2116 seu
1202 2051 1246 2117 oi.
1265 2088 1282 2100 -
1300 2051 1492 2136 Scripturas
1626 2105 1627 2128 2

308 2177 488 2242 huiusmodi
513 2177 744 2244 comburentes
760 2177 983 2262 percelluntur
998 2177 1060 2241 hac
1083 2196 1233 2256 censura,
1248 2181 1408 2260 quatenus
1424 2177 1492 2241 hoc
1626 2179 1627 2210 ³

308 2302 446 2368 medium
471 2309 503 2369 et
526 2322 592 2368 non
614 2302 700 2367 uliud
723 2302 848 2388 eligunt
871 2301 1117 2370 demotionis.

397 2427 469 2502 seo,
494 2429 540 2493 uti
565 2429 628 2493 iam
651 2427 812 2501 adnotavi,
838 2427 891 2492 hic
914 2424 951 2490 fit
973 2445 1080 2491 sermo
1096 2425 1136 2491 de
1160 2445 1361 2510 quocumque
1384 2425 1492 2491 tribu·

309 2555 374 2619 nali
406 2555 624 2638 inquisitionis
656 2573 713 2619 seu
737 2553 769 2619 S.
793 2549 901 2620 Officii
924 2553 993 2618 sive
1016 2552 1047 2616 in
1074 2549 1160 2617 Urbe
1184 2549 1310 2614 sivein
1339 2549 1492 2636 partibus
1626 2573 1627 2576 ¹

308 2678 481 2744 constituti.

398 2803 514 2869 Cetera
536 2802 577 2867 do
599 2804 711 2888 poenis
734 2803 766 2867 in
790 2803 908 2887 specie,
931 2817 1166 2885 prosequemur
1189 2800 1222 2863 in
1247 2797 1294 2862 IV
1311 2797 1490 2864 volumine.
