3296 5108
305 273 373 340 446
830 291 915 342 rans
940 293 961 338 ι.

305 419 371 484 late
397 424 484 502 patet
511 423 544 482 ot
569 417 776 501 amplectitur
805 418 959 501 cuiusque
986 417 1111 482 formae
1137 425 1172 486 et
1198 419 1292 483 molis
1320 419 1428 486 libros
1453 429 1488 485 et

305 541 442 624 scripta,
459 537 629 604 dummodo
645 541 790 603 narrem
801 545 834 602 et
844 537 1074 620 publicentur.
1092 572 1111 587 -
1128 537 1296 612 il'awcut,
1313 538 1345 602 id
1364 545 1425 604 ast.
1442 559 1488 604 ex

301 667 459 750 professo
475 671 530 731 aut
544 665 627 730 datu
642 681 759 747 opera,
776 682 843 728 non
857 663 965 729 obiter
972 683 986 746 ‚·
998 669 1031 729 et
1041 663 1272 748 publicentur,
1287 685 1345 730 seu
1363 665 1486 751 publici

305 794 385 856 ioris
407 789 495 855 dant.
520 789 632 864 Quare
653 789 759 874 legem
775 784 935 873 effugiunt
957 787 1194 872 maurnaiplo
1217 789 1382 873 quianon
1404 791 1488 854 satis

305 915 424 1002 publici
439 917 518 980 iuris
533 913 623 986 liunt,
641 920 673 979 at
688 913 930 996 ephemerides,
944 915 1019 996 quia
1033 933 1077 978 cx
1092 933 1150 978 suo
1166 915 1313 979 instituto
1328 914 1485 980 eiusmodi

304 1041 391 1108 facta
415 1040 521 1108 obiter
552 1039 717 1112 referunt;
748 1037 823 1103 dum
854 1058 874 1103 e
903 1043 1019 1103 contra
1045 1037 1303 1106 condemnantur
1329 1039 1405 1106 libri
1428 1049 1486 1106 aut

303 1165 425 1252 scripta
452 1183 534 1249 quae
561 1161 767 1248 publicantur
790 1169 825 1226 ut
848 1161 1004 1247 evulgent
1025 1164 1102 1228 istas
1125 1181 1180 1228 res
1210 1166 1318 1228 miras
1345 1199 1365 1214 ·
1391 1167 1485 1246 ltem,

305 1293 421 1376 quippe
447 1307 618 1354 versemur
648 1290 681 1352 in
708 1308 747 1353 re
769 1287 896 1360 odiosa.
919 1289 1126 1354 mansuum
1153 1291 1345 1354 assumimus
1369 1289 1487 1356 uitae

302 1422 339 1484 et
361 1415 583 1500 distinguimus
600 1433 621 1477 a
635 1413 757 1499 pratiis
772 1415 816 1478 ita
832 1412 935 1492 dictis,
952 1416 1059 1498 prouti
1083 1414 1226 1498 explicat
1250 1413 1371 1480 Bened.
1388 1414 1484 1480 XIV.

305 1539 461 1606 Debent.
486 1543 517 1604 et
539 1537 694 1604 cunonis.
719 1537 767 1608 ΙΙ,
788 1557 825 1620 p.
850 1537 877 1609 1,
901 1556 977 1619 cap.
1001 1537 1028 1616 1,
1052 1557 1086 1600 u.
1115 1535 1164 1602 13.

393 1663 492 1730 Noou
515 1663 682 1744 miracula,
698 1681 807 1730 uocas
820 1663 1049 1748 apparitiones,
1064 1681 1174 1729 uocas
1187 1663 1375 1730 devotiones
1392 1663 1486 1728 intel-

304 1789 432 1874 ligimus
456 1807 520 1853 non
544 1792 731 1854 astantum
757 1807 840 1871 quae
872 1807 988 1852 recens
1016 1789 1048 1852 in
1072 1789 1177 1853 locem
1208 1789 1293 1853 edita
1320 1789 1401 1862 sint‚
1427 1789 1485 1854 sed

299 1915 398 1978 etiam
423 1919 536 1977 vetera
559 1919 667 1976 tamen
682 1929 703 1975 a
719 1912 832 1976 notitia
847 1910 1013 1976 hominum
1029 1910 1136 1977 adbuc
1152 1919 1277 1980 remota
1293 1947 1312 1960 ·
1329 1911 1377 1978 cf.
1395 1913 1485 1977 Ver·

304 2039 464 2105 mcersoh.
489 2041 510 2104 l.
535 2059 562 2104 c.
579 2038 636 2124 (l).
662 2038 725 2104 Hic
748 2037 905 2104 articulus
927 2057 1053 2104 uocum
1077 2038 1198 2104 inducit
1221 2039 1484 2124 prohibitionem.

302 2167 432 2251 penitus
456 2164 705 2250 respondentem
730 2163 862 2248 ingenio
878 2169 1063 2229 nostrorum
1079 2175 1257 2250 temporum
1283 2185 1383 2248 usque
1406 2185 1485 2250 pro-

302 2289 379 2354 clivi
402 2287 443 2352 ad
466 2307 521 2352 res
544 2307 652 2353 novas.

394 2412 622 2478 Prohibitionis
647 2415 729 2478 ratio
752 2417 819 2477 tota
842 2414 987 2480 consistit
1004 2415 1036 2478 in
1052 2413 1191 2479 editione
1207 2414 1361 2479 eiusmodi
1377 2413 1484 2480 libro·

301 2557 380 2602 rum
405 2555 461 2602 seu
483 2537 700 2620 scriptorum,
727 2557 791 2602 non
814 2537 1005 2623 praehabita
1029 2539 1241 2624 permissione
1268 2541 1484 2625 competentis

302 2662 503 2727 auctoritatis
527 2661 776 2742 ecclesiasticae,
801 2681 859 2726 seu
875 2660 1001 2747 absque
1017 2663 1166 2748 lepitima
1181 2665 1400 2746 superiorum
1418 2665 1482 2730 Ec·

301 2786 423 2854 etesiae
452 2785 589 2852 licentio
619 2805 682 2871 qua
713 2789 945 2872 praetermissa
975 2787 1061 2854 liber
1091 2790 1143 2856 ael
1175 2789 1341 2873 scriptum
1372 2790 1484 2855 eradit

301 2912 507 2998 prohibitum.
531 2947 546 2960 -
572 2912 614 2977 Hi
638 2932 721 2978 vero
745 2913 884 3000 lepitimi
909 2914 1120 2997 Superiores,
1137 2917 1212 2998 quia
1234 2913 1315 2980 nihil
1339 2915 1483 3001 speciale

296 3046 446 3109 cavetur,
467 3039 500 3103 hi
524 3043 599 3104 sunt
622 3057 711 3122 quos,
736 3057 795 3124 pro
818 3037 963 3106 subiecta
985 3040 1131 3112 materia,
1157 3039 1302 3107 attribuit
1326 3042 1375 3106 ius
1399 3061 1484 3106 com·

297 3181 407 3227 mune.
432 3161 479 3227 Cf.
505 3161 692 3227 Pennacchi
715 3161 735 3235 l,
760 3181 788 3226 c.

390 3285 465 3352 364.
492 3289 576 3354 Aer.
604 3287 655 3350 14.
683 3283 948 3353 ‹Prohideutur
967 3289 1101 3372 pariter
1132 3287 1212 3354 libri
1234 3289 1293 3372 qui
1315 3289 1481 3361 duellum.

293 3413 492 3484 suicidium,
509 3413 559 3478 cel
583 3411 767 3479 diuortium
790 3411 882 3478 licitu
903 3419 1075 3496 statuuut;
1090 3413 1150 3498 qui
1165 3413 1208 3479 de
1230 3413 1328 3479 sectis
1348 3433 1482 3480 masso·

301 3537 387 3604 uicis
402 3539 461 3630 'cei
485 3537 562 3604 otiis
578 3537 729 3604 eiusdem
744 3539 879 3624 peuern
892 3539 1105 3606 societatibus
1119 3546 1227 3626 ayunt
1241 3559 1366 3625 eosque
1381 3543 1482 3608 utiles

300 3663 332 3728 et
346 3682 417 3729 uou
429 3662 644 3745 perniciosas
663 3662 834 3729 Ecclesiae
849 3669 880 3728 et
896 3663 986 3728 civili
1008 3664 1157 3731 societati
1178 3683 1250 3732 esse
1272 3665 1481 3731 contendunt

294 3793 333 3851 ct
355 3787 415 3872 qui
437 3805 573 3853 errores
596 3785 639 3852 ab
663 3786 857 3870 Apostolico
882 3788 968 3854 Sede
985 3789 1199 3871 proscriptos
1223 3794 1359 3855 taceatur
1375 3811 1405 3852 ».

388 3999 428 4068 (l)
446 3999 566 4056 Criteria
584 4017 655 4071 quae
665 4000 789 4064 ,adhibet
803 3999 831 4054 S.
847 3999 931 4056 Sedes
944 4001 974 4056 ia
988 4001 1166 4070 prohibendis
1184 4003 1264 4057 novis
1283 3975 1478 4058 devotionibus

300 4123 316 4158 a
335 4105 481 4174 disciplina
501 4106 643 4161 Ecclesiae
665 4106 781 4172 alienis3
800 4106 834 4161 cf.
853 4107 926 4178 apud
948 4109 1019 4163 Acta
1040 4109 1065 4162 S.
1086 4110 1181 4175 Sedis·
1199 4110 1253 4163 col.
1274 4108 1331 4174 ΙΙΙ,
1349 4128 1377 4180 p.
1396 4109 1478 4162 269-

301 4211 375 4278 aor;
402 4212 457 4266 vor.
491 4213 602 4278 xxiv,
629 4231 660 4283 p.
690 4213 772 4278 573‚·
800 4213 855 4266 vu.
876 4197 984 4280 ‘xxa
1010 4232 1039 4284 p.
1071 4215 1147 4282 rra·
1176 4216 1231 4270 vor.
1262 4213 1375 4282 xxva
1404 4213 1479 4281 aro,-

295 4301 355 4370 ’uou
377 4317 521 4384 xxvrrr,
536 4337 565 4388 p.
587 4319 656 4372 oro.
676 4317 824 4373 Potissime
843 4319 1005 4374 attendatur
1023 4320 1162 4375 nonaum
1181 4319 1208 4374 S.
1228 4320 1317 4374 ones
1336 4319 1476 4376 adiutum

293 4417 411 4479 decreto
433 4424 468 4476 13
487 4423 546 4478 Ion.
561 4425 654 4491 1875,
673 4425 762 4480 denuo
781 4421 952 4480 inculcatum
970 4425 1067 4482 31uu.
1086 4427 1161 4482 1891
1180 4433 1209 4483 et
1227 4430 1249 4480 3
1267 4429 1364 4498 April.
1385 4425 1476 4481 1895.
