3266 5102
276 271 339 336 140
790 287 873 336 raes
906 289 928 334 1.

362 413 415 480 89.
441 415 560 480 Gravis
582 419 632 479 est
654 415 800 498 quaestio
823 434 865 479 an
889 432 1048 480 censurae
1072 411 1154 479 ferri
1177 412 1301 498 possint
1325 417 1360 478 ut
1383 431 1465 495 poe-

273 555 335 600 nae
358 537 595 619 eindicutioae,
620 559 688 620 seu,
713 537 876 611 directius,
894 559 960 602 non
982 539 1015 602 in
1039 535 1196 603 medelam
1217 533 1274 600 sed
1299 535 1332 600 in
1352 533 1462 598 vindi-

272 663 358 724 ctam
386 661 541 726 criminis.
567 696 584 709 -
611 662 673 726 DD.
699 662 871 746 plurimum
897 659 1090 726 adlaborant
1113 661 1146 724 in
1169 659 1255 724 hanc
1283 657 1465 742 inquisitio-

272 786 405 850 nemin
432 785 632 871 exponendis
663 787 816 860 textibus,
848 787 1050 872 potissimum
1081 786 1247 870 excerptis
1277 805 1298 846 a
1317 785 1463 848 Decreta

274 909 434 980 Gratiani,
451 907 552 978 veluti
569 911 601 975 in
619 931 647 976 c.
664 932 692 976 c.
710 911 881 994 Raptores
897 916 929 977 et
944 913 1013 977 Eos
1028 909 1089 995 qui
1102 908 1269 992 rapiunt·
1281 909 1380 975 Cous.
1398 905 1462 980 36,

273 1057 305 1122 q.
323 1035 357 1100 2.
375 1072 389 1086 -
407 1035 444 1102 Si
459 1036 536 1121 quis
551 1037 741 1120 Episcopus
753 1074 769 1084 -
784 1037 883 1103 Cous.
897 1034 957 1101 27.
975 1037 1052 1121 q.1;
1068 1040 1099 1100 ct
1114 1071 1129 1082 ·
1148 1035 1259 1099 Teate
1272 1069 1286 1080 -
1298 1031 1385 1098 Dist.
1400 1031 1462 1096 86.

275 1165 308 1224 et
323 1197 337 1207 -
353 1159 430 1226 Duo
446 1164 527 1224 sunt
542 1197 554 1206 -
570 1159 654 1224 Dist.
677 1160 732 1225 96.
749 1197 765 1207 -
782 1159 887 1236 Quum
907 1179 989 1224 vero
1012 1159 1075 1224 hae
1097 1157 1188 1244 leges
1209 1157 1395 1243 pertineant
1416 1155 1463 1220 ad

274 1285 438 1368 antiquam
462 1283 662 1370 disciplinam
677 1305 742 1368 qua
756 1305 874 1350 nomen
891 1302 1050 1349 censurae
1066 1281 1346 1348 indiscriminatim
1363 1301 1461 1346 usur-

274 1409 410 1496 pabatur
432 1430 491 1496 pro
515 1411 656 1494 quolibet
685 1431 862 1496 poenarum
891 1429 1022 1496 genere,
1047 1413 1135 1496 patet
1157 1409 1191 1472 in
1214 1409 1285 1473 iure
1304 1407 1458 1490 positivo

275 1541 377 1626 magis
391 1559 485 1623 quam
502 1540 534 1603 in
551 1540 599 1604 rei
614 1543 732 1603 natura
748 1537 943 1604 fundandam
957 1556 1028 1602 esse
1039 1537 1237 1621 quaestionis
1254 1535 1461 1600 solutionem.

276 1669 315 1731 ln
332 1686 415 1732 novo
430 1666 648 1731 Decretalium
665 1667 735 1731 iure
751 1683 908 1749 expressa
919 1663 1039 1729 decisio
1052 1683 1116 1726 non
1131 1663 1297 1748 reperitur
1311 1661 1464 1744 quamvis

275 1791 399 1874 species
426 1788 568 1874 pressius
592 1786 762 1853 distinctae
786 1787 852 1853 sint
874 1805 1052 1870 poenarum
1076 1785 1164 1850 etin
1189 1783 1362 1848 novissimo
1386 1784 1464 1847 iure

277 1913 398 1979 Goncil.
416 1913 502 1978 Trid.
527 1912 604 1978 illud
628 1912 777 1977 distincte
800 1910 939 1983 iubetur,
956 1909 1100 1994 parcius
1115 1907 1269 1974 causaris
1292 1907 1464 1973 utendum

275 2057 356 2105 esse.
365 2075 380 2086 -
390 2037 546 2122 Equidem
558 2055 718 2102 censurae
731 2037 847 2122 quippe
859 2039 971 2120 suapte
984 2040 1101 2099 natura
1114 2036 1244 2120 privant
1255 2053 1316 2098 usu
1327 2032 1463 2097 iuriam

276 2181 336 2228 seu
359 2161 526 2227 bonorum
549 2158 793 2242 spiritualium,
818 2157 975 2223 ferendae
999 2161 1073 2222 sunt
1096 2158 1130 2220 in
1153 2155 1320 2224 medelam,
1334 2160 1368 2219 et
1382 2155 1465 2219 hinc

277 2285 335 2350 sub
359 2305 399 2349 ea
422 2282 606 2349 conditione
641 2287 676 2347 ut
698 2281 885 2346 absolvatur
916 2302 992 2346 reus
1023 2283 1130 2346 statim
1154 2301 1193 2345 ac
1216 2300 1237 2344 a
1259 2300 1317 2346 sua
1352 2283 1466 2344 contu-

277 2411 381 2474 macia
404 2409 583 2492 resipuerit.
597 2407 733 2482 -Quare
758 2408 898 2472 alienum
915 2411 964 2472 est
985 2411 1137 2470 enatura
1159 2423 1382 2476 censurarum,
1400 2403 1466 2468 has

278 2533 359 2598 ferri
393 2533 427 2596 in
461 2531 709 2597 determinatum
743 2536 886 2616 tempus,
922 2532 969 2598 uti
999 2531 1139 2595 alienum
1168 2534 1253 2594 esset
1286 2527 1327 2592 ab
1355 2525 1465 2592 officio

277 2657 402 2739 medici,
420 2663 552 2742 aegroto
576 2662 700 2722 certum
722 2660 754 2721 et
770 2655 1023 2740 impraeteribile
1046 2659 1174 2739 tempus
1198 2649 1380 2739 praefigere
1397 2671 1465 2735 quo

277 2782 443 2848 medicinis
458 2785 577 2847 utatur.
589 2817 606 2830 ·
618 2782 748 2846 Revera
764 2781 902 2846 celebris
918 2785 968 2845 est
983 2779 1120 2844 obiectio
1135 2777 1181 2863 (l)
1196 2778 1343 2863 Bolgenii
1359 2779 1464 2860 impe-

276 2908 374 2973 tentis
397 2927 487 2972 usum
512 2926 734 2978 censurarum,
753 2905 874 2970 idcirco
891 2905 966 2988 quia
984 2903 1059 2969 dum
1076 2923 1252 2989 poenarum
1269 2900 1467 2968 ecclesiasti-

277 3053 390 3098 carum
414 3038 471 3105 est,
497 3033 556 3111 rei,
580 3033 613 3095 in
637 3032 758 3116 primis,
784 3049 901 3094 curare
924 3029 1192 3110 emendationem,
1209 3049 1269 3114 per
1287 3045 1465 3093 censuram

277 3160 306 3223 ei
330 3157 531 3223 subtrahitur
553 3155 705 3242 pabulum
728 3155 894 3240 spirituale
911 3153 996 3219 unde
1011 3153 1079 3218 vita
1104 3153 1283 3218 christiana
1305 3150 1404 3216 alitur
1427 3156 1467 3217 et

279 3280 456 3366 perficitur.

368 3402 473 3468 Porro
497 3402 615 3487 aliquid
637 3403 783 3469 veritatis
807 3404 839 3467 in
864 3404 927 3468 hoc
949 3421 1074 3474 errore,
1092 3401 1198 3486 prouti
1217 3400 1251 3463 in
1269 3399 1389 3464 ceteris
1413 3418 1469 3462 er·

281 3527 417 3608 roribus,
446 3527 639 3597 continetur,
665 3526 826 3598 nimirum,
851 3546 962 3591 rerum
990 3524 1204 3610 spiritualium
1236 3542 1325 3588 usum
1350 3521 1465 3607 prohi-

278 3653 416 3719 bendum
441 3671 512 3717 esse
536 3671 573 3716 eo
598 3651 731 3716 consilio
754 3657 789 3716 ut
812 3657 1041 3736 transgressor
1055 3649 1232 3722 abstinens,
1256 3651 1290 3713 in
1313 3667 1464 3732 poenam,

280 3801 300 3842 a
323 3779 394 3844 cibo
414 3777 581 3864 spirituali,
598 3776 693 3841 huius
716 3781 851 3841 acuetur
874 3774 1067 3841 desiderium
1092 3779 1124 3841 et
1147 3794 1225 3840 suae
1249 3774 1373 3858 culpae,
1399 3791 1466 3857 quo

224 3995 227 4000 Δ
280 3905 383 3974 citius,
410 3922 482 3966 eum
506 3900 632 3985 pudeat,
658 3920 740 3984 quae
762 3900 860 3964 talem
888 3904 1066 3965 octantam
1098 3897 1284 3963 secumtulit
1312 3897 1469 3981 priuatio-

280 4045 364 4092 nem.
379 4025 569 4102 -Quocirca
583 4044 750 4097 censurae,
769 4025 801 4088 in
818 4044 950 4110 genere,
967 4023 1107 4109 irrogari
1125 4041 1190 4086 non
1209 4021 1329 4087 debent
1343 4021 1378 4084 in
1395 4021 1468 4084 vin-

370 4301 408 4374 (l)
429 4301 535 4357 Passim
555 4308 639 4372 urget
657 4303 812 4357 huiusmodi
833 4303 1101 4359 animadversionem
1115 4303 1143 4356 in
1157 4318 1200 4372 op.
1215 4301 1269 4356 Det
1288 4301 1372 4354 limiti
1383 4301 1468 4355 della

279 4410 387 4482 petestd
405 4408 593 4462 ecclesiastica
612 4423 628 4462 c
647 4409 738 4462 eicite.
