3306 5102
528 329 573 376 nn
597 327 751 376 nnuicrm
774 327 818 374 su
841 327 960 375 nonnis
1267 307 1332 375 321·
1374 306 1375 310 ’

155 461 251 522 extra
275 475 382 522 casum
407 452 609 520 necessitatis
632 471 697 516 uon
720 451 860 516 incurrit
888 449 1172 536 irregularitatem,
1196 471 1259 517 nec
1281 472 1334 517 sa-

155 580 272 648 cerdos
293 581 363 646 sine
386 577 618 664 approbatione
634 573 784 662 Episcopi
800 575 934 642 audiens
957 575 1187 650 confessiones,
1203 595 1266 642 nec
1281 597 1335 663 pa·

156 707 277 772 rochus
292 725 464 791 suspensus
480 703 685 768 matrimonio
700 702 863 766 assistens.
880 701 962 766 Nam
977 705 1094 768 neutra
1109 702 1143 766 in
1159 701 1333 791 hypothesi

157 831 297 898 clericus
320 828 467 896 ordinem
491 833 626 894 exercet
649 847 743 912 quem
759 845 825 891 non
841 826 949 900 habet,
973 825 1029 892 sed
1054 826 1165 891 illicite
1188 830 1332 900 exercet,

155 959 209 1021 aut
239 959 346 1021 actum
378 971 403 1018 s.
429 952 560 1026 ordinis,
585 957 642 1017 aut
671 955 779 1016 actum
808 950 1046 1024 iurisdictionis,
1071 953 1128 1015 aut
1149 954 1332 1034 utrumque.

157 1078 205 1144 cf.
230 1077 432 1145 D'Annibale
454 1097 488 1142 a.
513 1077 582 1152 411,
607 1081 674 1143 aot.
699 1074 759 1142 23.

242 1205 320 1272 224.
345 1207 398 1271 Ex
420 1203 454 1270 2⁰
477 1204 586 1289 cupite
608 1201 689 1268 fiunt
711 1202 911 1288 irregulares
934 1202 1045 1268 clerici
1063 1205 1256 1269 exercentes
1280 1223 1334 1266 or-

154 1329 245 1396 dines
269 1329 343 1396 dum
360 1335 434 1396 sunt
450 1347 596 1395 censura
612 1327 769 1403 innodati;
786 1345 856 1413 arg.
872 1348 899 1394 c.
916 1347 943 1394 c.
956 1328 1000 1392 10
1016 1327 1066 1393 De
1078 1327 1188 1394 cleric.
1201 1345 1332 1394 cacum.

155 1455 187 1519 X
208 1451 263 1540 (V,
281 1453 337 1540 27)
363 1460 393 1519 ct
416 1453 468 1528 18,
484 1453 545 1528 20,
570 1453 621 1518 De
642 1457 725 1519 scat.
743 1471 797 1518 ca.
815 1451 870 1537 (V,
889 1449 943 1537 11)
966 1457 998 1518 et
1018 1452 1046 1526 1,
1063 1451 1114 1517 Dc
1136 1457 1218 1518 sent.
1242 1447 1275 1517 tt
1295 1471 1335 1518 re

154 1577 225 1642 iud.
243 1575 299 1662 (11,
319 1575 372 1662 14)
388 1576 424 1642 ia
449 1576 472 1642 6
494 1576 551 1662 (1).
571 1575 713 1672 -Quare
737 1593 802 1640 non
825 1576 963 1640 incurrit
987 1574 1260 1660 irregularitatem
1278 1575 1333 1659 qui

155 1701 303 1768 ordinem
327 1706 482 1767 exerceat
504 1721 569 1767 non
593 1705 777 1786 susceptum
801 1704 945 1767 autnon
968 1703 1171 1766 reservatum
1194 1698 1333 1772 clericis,
1428 1719 1429 1722 ’

155 1825 257 1890 veluti
282 1825 420 1892 ordines
442 1824 593 1892 minores
617 1822 672 1906 (2).
691 1823 782 1890 Unde
810 1825 885 1907 quia
907 1823 940 1887 in
963 1822 1112 1888 Ecclesia
1142 1821 1334 1888 occidentali

155 1946 295 2015 clericus
310 1967 376 2015 uon
391 1947 491 2034 pollet
507 1952 665 2033 potestate
689 1947 981 2034 confirmationem
997 1947 1199 2013 ministrandi
1214 1945 1335 2031 absque

155 2076 326 2161 privilegio
358 2075 450 2140 Rom.
476 2073 581 2146 Pont.‚
606 2075 632 2140 si
657 2072 759 2138 nihilo
789 2074 894 2139 secius
921 2073 1210 2158 confirmationem
1240 2071 1334 2136 mini-

155 2206 247 2274 stret.
265 2219 309 2266 ex
332 2200 435 2266 altero
451 2201 565 2286 capite,
583 2219 648 2264 non
672 2219 714 2264 ex
737 2198 800 2262 hoc
822 2195 859 2263 flt
881 2197 1082 2283 irregularis.
1105 2197 1197 2272 Quod
1220 2197 1335 2264 attinet

156 2325 196 2392 ad
219 2331 314 2392 actus
343 2327 453 2392 iocose
479 2325 532 2391 vel
554 2325 712 2390 simulate
734 2325 854 2410 positos
880 2324 1068 2389 recolantur
1091 2343 1173 2408 quae
1196 2323 1335 2390 diximus

156 2471 255 2537 supra
279 2469 310 2514 n.
334 2450 410 2516 222.
436 2451 518 2515 Item
548 2451 581 2514 iu
611 2448 675 2514 hac
701 2468 739 2512 re
763 2446 857 2513 datur
886 2449 1033 2534 parvitas
1061 2450 1226 2522 materiae,
1250 2447 1336 2513 unde

156 2573 336 2660 Episcopus
367 2592 540 2659 suspensus
567 2571 610 2638 ab
641 2571 762 2638 ordine
791 2591 856 2637 non
884 2569 920 2636 ut
942 2572 1134 2658 irregularis
1165 2572 1192 2636 si
1218 2571 1335 2657 populo

155 2696 328 2764 benedicat
349 2699 379 2764 ei
399 2695 628 2784 genuflectenti
643 2698 676 2762 in
692 2698 754 2761 uia.
771 2695 933 2782 Siquidem
957 2697 1180 2782 expostulatur
1199 2701 1234 2762 ut
1250 2696 1334 2762 ordi-

156 2825 207 2890 nis
230 2823 317 2889 sacri
340 2824 532 2890 exercitium
552 2823 594 2888 sit
608 2825 755 2909 graviter
769 2821 977 2909 prohibitum.
997 2857 1014 2870 -
1033 2820 1124 2888 Unde
1142 2842 1208 2887 non
1224 2824 1335 2887 incur-

157 2949 242 3015 ritur
257 2950 483 3035 irregularitas
505 2949 533 3014 si
556 2947 687 3014 ordines
703 2949 789 3014 sacri
813 2952 1030 3014 exerceantur
1053 2949 1105 3013 vel
1129 2969 1171 3013 ex
1193 2948 1336 3013 necessi-

156 3079 232 3157 tate,
249 3077 362 3158 utputa
385 3071 425 3138 ad
449 3074 633 3138 evitandam
653 3073 827 3147 infamiam,
844 3073 897 3138 vel
921 3093 942 3138 a
960 3093 1115 3160 suspenso
1139 3073 1279 3140 tolerato
1295 3073 1336 3138 ad

157 3201 343 3284 petitionem
366 3199 513 3265 auorum.
530 3233 548 3248 -
566 3197 761 3272 nennium,
785 3197 824 3280 (Ι,
850 3199 955 3285 1009).
1193 3168 1195 3174 ’

248 3322 331 3398 Quid
362 3324 440 3389 iuris
464 3324 490 3389 si
514 3343 653 3390 censura
682 3323 778 3389 dubia
801 3327 849 3388 est
873 3327 906 3388 et
929 3324 1068 3389 clericus
1097 3323 1161 3390 hac
1191 3324 1337 3389 irretitus

159 3443 324 3512 celebrati
348 3446 381 3512 Si
405 3465 543 3513 censura
574 3451 662 3513 certe
691 3447 757 3511 lata
787 3451 836 3511 est
865 3452 900 3512 at
928 3445 1091 3513 dubitatur
1122 3465 1164 3512 an
1194 3447 1278 3512 iusta
1305 3450 1338 3510 et

159 3569 267 3635 ualida
283 3571 332 3652 sit,
350 3570 489 3637 clericus
512 3568 641 3636 ordines
664 3570 709 3637 ita
731 3568 877 3656 prohitos
893 3589 1052 3635 exercens
1075 3567 1111 3636 fit
1134 3569 1335 3656 irregularis.

247 3815 288 3888 (l)
309 3815 384 3870 Haec
409 3815 605 3885 irregularitas
629 3815 741 3871 videtur
766 3815 868 3871 sensim
894 3815 1027 3871 inoluisse
1052 3819 1172 3888 receptis
1199 3819 1339 3884 moritum

160 3937 224 3974 nam
244 3921 274 3974 in
294 3919 487 3977 Decretslibus
505 3919 635 3992 Gregorii
655 3919 695 3976 lx
715 3937 847 3992 expresse
866 3938 922 3976 non
944 3921 1139 3989 constituitur3
1158 3923 1234 3977 etin
1253 3923 1337 3979 Scato

159 4025 306 4082 invocatur
325 4031 355 4083 et
374 4027 530 4097 explicatur
549 4027 637 4083 veluti
656 4027 713 4084 iam
732 4028 885 4082 constituta
903 4032 932 4082 et
951 4028 1135 4084 communiter
1153 4034 1273 4100 recepta.

248 4134 289 4204 (2)
307 4134 442 4189 Attamen
454 4135 568 4190 ordines
580 4136 705 4190 minores
717 4163 730 4176 -
744 4135 768 4189 si
780 4135 944 4189 solemniter
956 4161 970 4176 -
983 4139 1167 4192 exerceantur
1179 4153 1228 4191 seu
1241 4153 1276 4192 ex
1288 4154 1338 4191 suo

161 4239 250 4311 officio
267 4257 285 4294 a
307 4239 418 4295 clericis
443 4257 560 4297 censum
584 4241 734 4310 innodatis,
752 4241 866 4312 pariunt
890 4239 1144 4311 irregularitatum
1168 4243 1210 4298 ita
1235 4243 1340 4301 intelli·

161 4347 267 4416 gendes
286 4352 329 4403 est
348 4349 498 4418 Fugusuus
516 4349 546 4404 in
565 4365 655 4403 comm
673 4351 711 4404 acl
730 4365 790 4420 cap.
809 4349 831 4400 2
848 4349 874 4402 h.
890 4358 907 4402 t.
927 4349 974 4403 ubi
993 4367 1021 4404 a.
1041 4349 1081 4403 17
1099 4348 1152 4404 hoc
1172 4352 1273 4422 probat
1290 4369 1339 4422 per

160 4453 377 4512 declarationem
397 4455 422 4510 S.
443 4456 680 4512 Poeuiteutiariae
701 4458 742 4510 20
764 4459 892 4514 Decemh.
916 4458 1007 4512 1650.
1026 4457 1101 4514 Idem
1122 4460 1223 4530 probat
1246 4459 1338 4516 Coust.

268 4563 329 4618 sac.
349 4563 427 4633 hepo
1198 4567 1229 4621 21
