3266 5102
300 289 365 353 142

297 590 320 671 g
347 589 374 653 l.
400 624 418 637 -
443 589 598 656 Potiores
627 591 768 677 repulae
797 591 912 676 quoad
935 595 1135 673 potestatem
1157 591 1293 675 serendi
1316 609 1491 658 camurae

386 721 418 778 et
442 712 567 777 harum
589 714 659 779 cim
681 733 741 780 eeu
760 713 875 800 quoad
897 713 1086 782 subiectum
1108 715 1265 789 activum,
1291 733 1491 800 canemque

384 837 571 904 subiectum
589 839 778 922 passienus.

295 1065 565 1124 summarium·
583 1069 627 1122 90.
646 1069 763 1129 Quinam
784 1069 812 1122 in
832 1085 935 1138 genere
954 1074 1124 1139 potestatem
1150 1069 1254 1125 habeat
1282 1069 1388 1125 serendi
1408 1086 1487 1125 cen-

384 1177 568 1232 suras-91.
589 1177 690 1232 Utrum
704 1177 799 1232 eadem
818 1178 987 1232 auctoritate
1003 1182 1033 1232 et
1046 1177 1141 1233 eodem
1160 1179 1262 1233 effectu
1280 1177 1333 1232 hae
1351 1180 1489 1232 ferantur

383 1302 401 1337 α
416 1285 489 1350 iure,
502 1282 547 1338 vel
565 1284 601 1338 ab
619 1285 737 1338 homine.
755 1311 792 1323 -
805 1283 853 1342 92.
875 1282 914 1336 De
933 1285 1220 1338 excommunicatione
1240 1300 1288 1339 seu
1307 1283 1341 1339 de
1360 1301 1486 1339 censura

345 1387 348 1392 ’
383 1405 455 1460 quae
468 1391 556 1444 fertur
569 1391 795 1459 perscrutantium
805 1390 1005 1444 universalem.
1019 1419 1056 1431 -
1065 1389 1107 1442 93.
1122 1387 1263 1444 Censurae
1272 1389 1401 1444 terendae
1411 1395 1485 1444 sunt

384 1499 412 1550 tn
438 1499 570 1552 sraebdilos.
595 1525 628 1538 -
653 1495 699 1550 94.
725 1496 865 1551 censurae
894 1496 1094 1553 ratihabitione
1122 1515 1178 1554 non
1208 1497 1415 1553 convalescunt.
1442 1527 1483 1541 -

383 1603 426 1656 95.
446 1605 489 1656 An
509 1603 591 1658 iudex
610 1606 762 1669 recusatus,
790 1603 954 1672 exceptione
976 1603 1150 1674 suspicionis,
1170 1605 1198 1658 in
1218 1621 1303 1658 causa
1321 1621 1376 1675 qua
1394 1621 1483 1658 recu·

382 1711 468 1773 satur,
481 1724 612 1762 censuras
630 1709 703 1763 ferre
721 1707 823 1763 valeat.
841 1737 875 1749 -
891 1708 935 1762 96.
957 1709 995 1763 De
1015 1713 1155 1780 potestate
1172 1709 1232 1764 Vic.
1249 1707 1317 1764 Gen.
1338 1739 1353 1749 -
1374 1709 1412 1764 De
1431 1709 1484 1763 iu·

382 1814 443 1870 dice
462 1815 599 1884 delegato.
617 1843 651 1855 -
670 1815 713 1869 97.
734 1814 773 1869 De
792 1813 910 1870 censura
927 1816 979 1870 sub
997 1819 1072 1870 metu
1093 1814 1158 1870 lata

385 2045 438 2109 90.
463 2043 627 2110 Cessurae
644 2063 768 2129 poenae
791 2045 929 2111 suntad
949 2043 1068 2127 forum
1091 2050 1282 2126 caeternum,
1300 2047 1412 2128 suapte
1431 2045 1482 2114 vi,

292 2171 486 2252 spectantes,
504 2185 605 2250 quare
620 2167 698 2232 istas
721 2167 812 2232 ferre
835 2167 955 2240 ualent,
973 2165 1026 2251 qui
1051 2167 1272 2232 iurisdictione
1295 2166 1418 2251 pollent
1443 2167 1482 2232 in

293 2289 365 2356 foro
389 2293 541 2366 exterum
565 2291 635 2355 sive
657 2288 832 2364 ordinaria,
855 2292 924 2355 sire
948 2290 1212 2356 extraordinaria
1234 2311 1291 2356 seu
1315 2289 1480 2376 delegata

383 2415 436 2480 91.
460 2415 511 2480 Ad
535 2413 711 2500 regendum
735 2416 887 2501 populum
910 2411 1047 2488 fidelem,
1066 2435 1225 2481 censurae
1247 2416 1399 2481 feruntur
1420 2416 1482 2481 vel

291 2558 352 2623 per
366 2538 493 2604 modum
509 2539 601 2625 lepis,
617 2559 675 2604 sen
691 2559 710 2602 a
725 2539 811 2621 iure,
827 2559 943 2625 nempe
959 2539 1088 2605 condito
1109 2543 1227 2605 statuto
1244 2559 1304 2625 pro
1320 2539 1481 2605 universa

292 2665 462 2740 societate;
486 2665 539 2730 vel
563 2664 715 2730 feruntur
737 2663 771 2728 iu
795 2684 871 2730 casu
896 2664 1052 2750 peculiari
1082 2663 1239 2730 adversus
1266 2669 1373 2730 certas
1396 2682 1480 2749 per-

290 2811 385 2856 sonas
409 2797 441 2855 et
463 2795 541 2856 tunc
565 2789 717 2856 feruntur
739 2809 759 2854 a
782 2790 894 2856 iudice
916 2811 974 2855 seu
997 2790 1037 2855 ab
1062 2791 1207 2872 homine,
1232 2793 1278 2855 uti
1301 2789 1363 2856 dici
1379 2789 1477 2855 solet.

292 2953 310 2967 -
329 2919 420 2984 Inter
434 2923 606 3002 utrumque
619 2936 830 2982 censurarum
847 2935 949 3003 genus
960 2917 1022 2982 hoc
1035 2918 1172 2982 interest
1187 2914 1369 2989 discrimen,
1382 2913 1480 2978 nimi·

291 3063 363 3109 rum
388 3063 543 3108 censuras
565 3064 585 3106 a
607 3041 684 3108 iure
710 3041 792 3108 ferri
824 3046 950 3106 tanturn
973 3039 1013 3106 ab
1045 3060 1084 3106 eo
1114 3059 1208 3126 posse
1231 3040 1284 3123 qui
1314 3043 1479 3123 potestate

290 3166 390 3252 pollet
405 3164 532 3230 ferendi
546 3165 636 3251 leges
651 3185 708 3230 seu
724 3165 917 3230 auctoritate
933 3163 1086 3249 legifera3
1102 3162 1142 3229 ab
1158 3163 1294 3230 homine
1309 3160 1475 3236 feruntur,

290 3311 406 3376 nempe
429 3309 449 3354 a
471 3289 575 3355 iudice
598 3290 667 3354 sire
683 3287 861 3356 ordinario
885 3289 954 3354 sive
977 3289 1130 3374 dezenato
1148 3285 1188 3352 ad
1205 3283 1354 3352 effectum
1372 3285 1477 3370 appli-

290 3411 384 3477 candi
415 3417 537 3477 certam
567 3412 672 3497 legem
703 3416 759 3476 aut
788 3411 1004 3496 praecavendi
1035 3411 1163 3497 aliquod
1195 3412 1315 3477 malum
1344 3411 1474 3476 sivein

289 3537 415 3605 iudicio
439 3538 507 3602 sire
536 3543 636 3602 amira
666 3535 841 3603 iudicium.
874 3534 1090 3610 Quamobrem
1115 3536 1188 3602 Vic.
1220 3535 1390 3602 Generalis
1418 3535 1475 3599 rel

289 3660 557 3740 Archidiaconua‚
582 3664 615 3724 et
636 3657 758 3724 iudices
781 3659 920 3744 delegati
944 3679 1100 3724 censuras
1123 3658 1236 3724 ferunt
1257 3657 1297 3723 ab
1321 3657 1472 3739 homine,

288 3805 355 3850 non
377 3803 400 3852 a
421 3785 498 3851 iure
528 3789 561 3848 et
592 3783 721 3868 planum
750 3788 807 3848 est.
832 3818 848 3831 -
871 3783 943 3848 Hoc
970 3803 1084 3848 rerum
1114 3787 1172 3854 est.
1197 3782 1363 3847 ordinario
1386 3783 1472 3854 iure.

289 3911 384 3976 etiam
400 3907 503 3992 quoad
518 3908 646 3974 iudices
662 3907 842 3994 delectatae,
863 3927 920 3972 seu
937 3913 1074 3993 excepto
1091 3925 1246 3991 casuque
1263 3907 1355 3972 Rom.
1374 3907 1472 3972 Pent-

287 4033 359 4099 illos
382 4034 555 4100 constituat
577 4054 651 4099 cum
674 4037 831 4119 potestate
854 4031 981 4099 ferendi
1005 4032 1106 4119 leges.

377 4157 429 4222 92.
455 4158 632 4232 Quaeritur
654 4177 695 4222 an
719 4161 898 4223 sententiae
921 4177 1134 4223 censurarum
1154 4177 1236 4242 quae
1257 4157 1473 4224 universales

286 4281 350 4346 dici
369 4282 482 4358 solent,
500 4281 679 4347 censendae
695 4283 760 4348 aiut
773 4301 794 4346 a
808 4282 884 4349 iure
899 4283 952 4347 vel
975 4281 1015 4347 ab
1040 4282 1184 4350 homine.
1199 4317 1217 4331 ·
1235 4283 1277 4349 Ut
1291 4287 1376 4367 puta,
1394 4282 1472 4367 Epi·

286 4425 402 4491 scopus
418 4405 781 4472 excommunicationem
801 4407 836 4470 in
852 4425 907 4472 eos
922 4407 996 4482 fert,
1014 4408 1068 4492 qui
1090 4411 1212 4474 certam
1226 4405 1469 4492 ephemeridem
