3312 5108
564 329 608 376 ns
640 329 794 376 nestoris
818 331 861 378 ar
886 331 1004 378 ronuta
1352 318 1388 382 ll

216 451 382 536 attingere
404 449 515 532 valuit,
540 452 572 514 in
597 470 634 516 re
657 453 793 536 poenali,
817 453 981 538 fastigium
1005 455 1223 543 perfectionis,
1241 455 1324 540 quod
1341 476 1393 522 as·
1427 523 1431 541 ι

212 581 360 642 secutum
384 575 492 643 fueret
515 579 548 642 in
565 597 602 644 ro
622 577 720 644 civili.
747 614 763 627 -
790 577 892 646 Salus
915 581 1006 648 enim
1024 581 1164 666 publica
1186 583 1305 647 assumi
1329 602 1393 648 nou

214 706 321 785 potest
347 704 393 766 uti
420 723 571 788 suprema
594 703 650 768 lex
673 705 706 768 in
730 705 841 802 poenis
872 705 1063 778 statuendis,
1088 709 1115 771 si
1146 709 1207 774 ista
1229 727 1250 772 a
1272 708 1396 774 iustitia

214 823 436 908 disiungatur;
453 826 535 908 puio
559 845 629 891 aon
651 833 730 892 mant
753 825 914 908 scroteuda
937 829 1031 892 mato
1053 831 1090 892 ut
1114 829 1270 894 eueniunt
1293 827 1391 894 bona.

305 945 419 1010 Diruto
435 945 580 1010 Romano
601 947 752 1032 Imperio,
766 950 919 1014 Germani
939 969 1030 1014 snum
1047 949 1227 1014 intulerunt
1241 949 1299 1021 ius,
1317 949 1394 1033 ipsis

214 1087 340 1154 quoque
363 1070 501 1156 politicis
520 1071 740 1138 Romanorum
764 1073 1042 1142 constitutionibus
1064 1074 1338 1159 adversumque
1359 1073 1392 1138 in

215 1195 301 1256 statu
315 1192 508 1258 Germanico
521 1195 635 1259 civitas
648 1215 706 1258 seu
719 1197 836 1260 civium
849 1197 1042 1262 universitas
1058 1197 1090 1261 in
1107 1216 1145 1260 re
1161 1215 1285 1280 quoque
1299 1201 1397 1279 poen:

214 1335 280 1379 non
293 1315 502 1400 praevalebat
514 1318 649 1403 singulis
661 1318 793 1394 civibus,
807 1319 872 1392 sed,
887 1341 929 1386 ex
941 1321 1086 1394 adverso,
1099 1322 1231 1405 quisque
1244 1320 1323 1385 civis
1335 1339 1395 1386 sua

214 1441 369 1524 cuiusque
383 1441 514 1526 generis
528 1444 600 1506 iura
611 1445 695 1508 tueri
708 1443 844 1508 debebat
856 1446 952 1510 etiarn
964 1463 1023 1529 per
1036 1443 1208 1509 vindictam
1224 1443 1392 1530 poenalem

215 1588 272 1633 seu
284 1590 343 1654 per
358 1570 510 1636 duellum
533 1570 703 1650 iudiciale,
721 1579 752 1634 et
768 1570 950 1656 respublica
966 1571 1133 1638 dumtaxat
1148 1591 1303 1636 coercere
1327 1575 1391 1635 sat-

215 1695 331 1780 agebat
354 1699 507 1787 crimina,
532 1703 645 1783 suapte
668 1703 800 1770 natura,
825 1697 948 1764 directa
971 1699 1011 1762 ad
1034 1719 1104 1762 rem
1128 1697 1286 1783 publicam
1317 1715 1391 1782 per·

215 1823 416 1888 vertendam.
442 1859 460 1873 -
486 1824 550 1890 Sub
574 1825 703 1890 saecuto
726 1826 810 1891 XIII
839 1824 979 1890 studium
1009 1826 1088 1889 iuris
1120 1825 1244 1887 romani
1275 1825 1392 1887 iterum

213 1949 339 2012 animos
366 1950 554 2022 commovit,
579 1950 712 2034 eiusque
734 1950 896 2021 instituta,
922 1951 1016 2012 ettam
1041 1948 1205 2033 poenalia,
1231 1946 1391 2012 moderari

214 2080 394 2158 coeperunt
422 2075 571 2160 politicas
595 2075 859 2146 Constitutiones,
885 2074 1000 2138 exinde
1024 2094 1089 2138 nou
1112 2095 1226 2158 parum
1255 2073 1392 2138 ethnicis

213 2198 358 2264 moribus
389 2199 537 2265 imbutas.
567 2201 693 2266 Verum
726 2205 834 2264 custos
864 2205 897 2267 et
923 2198 1043 2264 vindex
1069 2199 1227 2264 naturalis
1254 2200 1393 2264 iustitiae

214 2321 248 2385 in
272 2322 398 2408 populis
421 2323 553 2407 spiritus
576 2325 706 2409 vigebat
728 2324 924 2388 christianae
948 2323 1120 2402 civiIItatis,
1146 2324 1199 2405 qui
1227 2321 1281 2387 diu
1305 2341 1390 2386 com-

213 2469 345 2532 pressus
367 2451 455 2514 foras
478 2452 584 2536 erupit
607 2451 646 2515 ad
670 2450 816 2516 inciviles
840 2469 948 2514 utores
971 2447 1209 2513 convellendos.
1237 2483 1254 2496 -
1279 2449 1323 2513 At
1338 2449 1392 2512 via
1464 2437 1467 2444 ’

214 2573 314 2658 longa
336 2579 369 2638 et
392 2574 558 2638 erroribus
583 2575 714 2640 consita.

306 2699 357 2764 10.
391 2699 471 2764 Rem
504 2699 672 2784 poenalem
703 2698 787 2782 quod
817 2699 948 2770 attinet,
974 2698 1044 2762 fere
1071 2699 1194 2783 primus
1226 2699 1257 2761 iu
1289 2697 1390 2762 aciem

214 2821 381 2888 descendit
403 2823 559 2888 adversus
582 2824 740 2888 rationem
756 2826 834 2890 tunc
858 2825 1060 2888 constitutam
1077 2841 1254 2906 poenarum
1273 2821 1393 2888 Caesar

218 2949 375 3014 Beccaria
401 2949 486 3015 edito
509 2969 608 3035 opere
631 2969 659 3014 a.
687 2950 786 3029 1764,
811 2949 874 3015 Dei
897 2949 1003 3016 detitti
1025 2969 1043 3014 e
1067 2949 1154 3014 delle
1172 2967 1284 3030 pene;
1306 2948 1392 3012 unde

214 3071 430 3138 vehementer
454 3078 486 3138 et
507 3075 624 3138 mirum
648 3076 681 3138 iu
710 3073 838 3139 modum
870 3075 968 3138 animi
996 3078 1193 3139 exarserunt
1223 3073 1326 3138 studio
1350 3074 1390 3138 ad

215 3215 356 3264 examen
388 3195 561 3262 revocandi
592 3201 625 3260 et
650 3199 715 3261 vhu
746 3197 911 3281 potestatis
942 3196 1138 3261 coercitIvae
1162 3199 1195 3259 et
1218 3196 1286 3260 eius
1310 3195 1390 3280 legi·

213 3303 326 3366 timum
351 3302 542 3367 exercitium
563 3299 618 3387 (1).
645 3337 662 3350 -
689 3303 752 3368 Hic
775 3303 900 3367 Auctor
923 3300 1102 3366 doctrinam
1131 3306 1260 3365 secutus
1284 3301 1391 3365 Iacobi

215 3493 293 3548 hisce
312 3495 419 3549 aiebat:
439 3495 521 3564 (Opp.
535 3496 591 3548 vot.
606 3495 622 3546 I
628 3495 655 3558 V,
673 3513 701 3564 p.
716 3494 771 3558 III,
787 3511 850 3564 pop.
864 3495 964 3560 26η(
979 3493 1045 3546 Post
1063 3493 1166 3562 scripta
1186 3499 1390 3561 geometrarum

216 3595 288 3649 nihil
312 3603 410 3652 extare
434 3598 507 3668 quod
525 3597 551 3652 vi
571 3615 603 3651 ac
623 3596 779 3652 subtilitate
798 3613 860 3649 cum
882 3596 1067 3650 Romanorum
1092 3595 1295 3648 iurisconsultus
1314 3611 1390 3648 eom·

215 3703 308 3769 parari
328 3701 424 3770 possit,
443 3707 552 3756 tantum
572 3703 649 3757 nervi
670 3703 751 3766 inest,
771 3707 880 3755 tautum
900 3701 1096 3769 profunditatis
1112 3716 1137 3758 »-
1159 3701 1279 3754 Iruerius
1298 3705 1326 3755 et
1343 3700 1391 3753 alii

214 3807 390 3863 Glossatores
418 3809 597 3864 commentati
623 3813 687 3863 sunt
712 3810 867 3864 seruientias
892 3807 1076 3878 Digestorum.
1103 3813 1141 3862 at
1160 3807 1193 3862 de
1212 3807 1393 3861 fondamento

212 3915 334 3970 iuridico
352 3921 381 3970 et
400 3914 591 3985 phitosophico
616 3917 763 3986 potestatis
782 3916 910 3984 puniendi
931 3915 1003 3984 apud
1022 3913 1086 3969 illos
1108 3931 1203 3969 omnes
1223 3931 1256 3969 ne
1276 3917 1389 3970 verbum

212 4021 341 4092 quidem
360 4023 407 4078 sed
431 4024 527 4088 Plato,
547 4023 715 4078 Aristoteles
739 4028 768 4077 et
793 4024 851 4091 ipse
870 4022 967 4076 Cicero
989 4023 1017 4075 in
1043 4023 1100 4076 suis
1125 4023 1255 4092 operibus
1279 4022 1391 4094 aliquod

212 4127 390 4198 reliquerunt
418 4129 567 4198 vestigium
595 4129 677 4183 huius
703 4128 891 4200 inquisitionis
919 4133 948 4182 et
975 4145 1030 4183 non
1058 4131 1176 4184 obscure
1201 4128 1234 4182 ad
1264 4145 1393 4198 suprema

212 4234 351 4304 priupria
371 4237 500 4300 iustitiae,
520 4251 575 4290 uon
594 4240 702 4289 tantum
722 4237 848 4288 utilitatis
867 4252 1008 4290 recursum
1028 4235 1193 4290 habueruut.

304 4339 588 4411 (1)Hoeopusiure
612 4342 766 4412 meritoque
792 4357 909 4395 censura
933 4341 1097 4395 mulctatum
1124 4343 1176 4395 fuit
1201 4341 1392 4396 ecclesiastica

211 4448 240 4502 in
260 4447 352 4502 Iudice
371 4447 519 4503 Librorum
536 4450 702 4519 reprobatae
722 4447 863 4515 lectionis;
883 4465 1001 4520 namque
1020 4451 1126 4502 Auctor
1146 4448 1324 4505 vehementer
1343 4467 1392 4518 ag·
