3312 5108
319 292 361 356 18
839 311 922 356 raas
947 311 968 356 1.

257 419 260 425 ’
315 435 398 520 quod
414 437 441 501 si
457 435 656 502 estalienum
672 455 692 499 a
711 440 888 520 systemate
907 433 1035 520 poenali
1052 435 1156 501 civilis
1176 438 1352 512 societatis,
1366 441 1409 505 uti
1426 462 1498 525 pro

314 561 470 642 bavimus,
488 581 552 625 non
576 560 768 626 abhorrete
784 559 954 645 disciplina
974 561 1101 645 poenali
1120 561 1299 626 Ecclesiae.
1318 563 1398 628 Nam
1415 567 1497 632 haec

314 684 410 770 plane
441 683 563 748 fatetur
592 685 752 748 rationem
780 702 959 768 poenarum
994 684 1132 768 primam
1164 702 1236 748 esse
1270 687 1495 751 necessitatem

314 805 519 872 restaurandi
542 806 687 872 ordinem
711 807 846 888 laesum,
869 806 935 888 scd,
960 825 1056 890 quum
1088 807 1209 871 ordinis
1231 811 1496 892 supernaturalis

313 933 583 996 restaurationem
607 929 668 994 sibi
691 930 907 995 vindicaverit
931 932 1015 996 Deus
1039 933 1072 995 in
1095 932 1201 995 altera
1225 932 1301 1004 vita,
1326 936 1494 1017 proprium

313 1059 362 1120 est
385 1054 554 1120 Ecclesiae
581 1055 746 1120 militantis
778 1074 853 1119 suos
884 1054 1026 1120 subditos
1057 1056 1282 1131 continerem
1307 1055 1412 1122 officio
1436 1079 1494 1143 per

312 1197 436 1263 poenae
460 1177 634 1244 salutarem
650 1179 800 1242 timorem
816 1183 884 1243 tum
902 1183 1056 1244 aeternae
1072 1199 1093 1242 a
1109 1179 1175 1244 Deo
1187 1179 1406 1264 icfltpeodac,
1423 1187 1491 1250 tum

312 1303 499 1390 temporalis
529 1325 550 1368 a
579 1323 615 1369 se
644 1303 740 1368 latae.
760 1339 777 1352 -
797 1303 925 1368 Poenas
949 1323 1029 1368 vero
1062 1303 1300 1368 ecclesiasticas
1323 1306 1493 1372 informari

242 1523 246 1530 ⁸
311 1450 377 1494 non
400 1450 523 1516 poenae
546 1432 677 1515 proprie
701 1430 815 1504 dictae,
841 1430 897 1496 sed
925 1431 1122 1516 potissimum
1146 1451 1270 1515 poenae
1298 1433 1492 1498 salutaribus

312 1550 492 1636 effectibus
517 1553 696 1619 declaravit
724 1553 904 1638 dogmatice
929 1553 1007 1618 Pius
1031 1555 1079 1620 VI
1105 1557 1137 1618 in
1162 1555 1396 1620 Constitutione
1420 1557 1492 1621 Au-

312 1689 438 1747 ctorem
449 1682 538 1766 fidez',
553 1681 710 1746 damnans
726 1679 783 1744 4¹⁰¹
801 1679 878 1766 Syn.
894 1682 1101 1746 Pistoriensis
1113 1682 1362 1766 propositionem
1374 1682 1491 1746 Eccle-

311 1807 378 1872 siae
401 1806 637 1882 abiudicantem
661 1811 851 1890 potestatem
876 1807 1093 1881 coercitivam,
1113 1827 1131 1869 c
1149 1811 1307 1890 quatenus
1324 1805 1379 1890 (ait
1403 1809 1489 1872 Pon·

309 1933 404 2018 tifex)
427 1933 573 1998 intendat
605 1933 782 2000 Ecclesiam
808 1953 872 1998 non
896 1933 1019 1998 habere
1044 1933 1193 1998 collatam
1217 1935 1277 2000 sibi
1300 1939 1486 2019 potestatem

310 2081 329 2124 a
353 2062 429 2132 Deo,
454 2080 518 2124 non
540 2059 644 2124 solum
668 2058 827 2144 dirigendi
851 2080 911 2144 per
934 2061 1077 2141 consilia,
1102 2060 1302 2127 disuasiones
1320 2062 1376 2127 sed
1394 2063 1488 2127 etiam

309 2184 438 2250 iubendi
468 2203 529 2268 per
554 2184 644 2269 leges
667 2203 706 2248 ac
729 2181 840 2248 devios
874 2189 1143 2268 contumacesque
1179 2187 1336 2250 exteriori
1372 2186 1490 2251 iudicio

311 2331 351 2376 no
376 2329 580 2377 suadeamus
597 2302 709 2394 p'oenis
726 2308 898 2374 coercendi
915 2313 977 2376 etc.
996 2331 1013 2372 a

398 2433 559 2507 Quocirca
582 2433 608 2496 si
640 2442 776 2516 propter
804 2431 967 2495 duriorem
1000 2433 1158 2496 rationem
1194 2419 1337 2496 civilium
1370 2454 1490 2518 poena·

309 2579 381 2622 rum
411 2559 579 2642 superiore
611 2560 717 2621 aetate
747 2556 877 2620 incaute
913 2553 1107 2620 inflictarum
1143 2558 1321 2640 persentita
1344 2558 1406 2622 fuit
1428 2579 1488 2623 ne·

309 2686 440 2752 cessitas
463 2681 593 2747 easdem
623 2679 816 2753 emolliendi,
848 2699 926 2744 sane
959 2679 1126 2744 Ecclesiae
1149 2685 1292 2766 systema
1315 2683 1424 2746 mitius
1455 2687 1488 2746 et

308 2809 459 2882 salutare,
485 2806 625 2873 eiusdem
649 2805 775 2871 induxit
798 2803 992 2870 desiderium
1016 2807 1111 2868 etiam
1128 2825 1187 2890 pro
1208 2806 1295 2870 civili
1312 2807 1486 2886 consortie,

308 2937 341 2996 at
363 2932 424 2996 fuit
446 2929 577 2996 errandi
601 2929 727 2994 occasio
744 2928 806 2991 illis
824 2929 958 3011 quinon
974 2925 1173 2991 sufficienter
1195 2929 1362 3012 utriusque
1387 2930 1486 2994 socie·

307 3057 381 3122 tatis
396 3054 559 3120 diversum
582 3073 713 3138 scopum
737 3051 979 3131 intellexerunt,
997 3051 1042 3115 uti
1058 3050 1176 3115 accidit
1191 3025 1313 3116 celebri
1329 3051 1484 3119 Eduardo

308 3184 504 3266 Livingston,
530 3181 593 3264 qui,
611 3178 815 3263 proclamans
832 3177 1033 3242 mitissimum
1049 3196 1226 3260 poenarum
1252 3181 1393 3262 systema
1415 3197 1481 3244 non

308 3302 476 3371 intendens
492 3303 553 3366 nisi
568 3321 698 3366 reorum
722 3301 967 3370 correctionem,
984 3301 1154 3386 assumpsit
1171 3301 1216 3366 uti
1233 3302 1376 3366 solemne
1392 3301 1483 3385 prin-

307 3431 423 3514 cipium
439 3427 550 3508 verba,
568 3445 650 3510 quae
672 3425 849 3492 admiratus
873 3425 1068 3510 perlegerat.
1082 3427 1145 3490 iam
1170 3427 1325 3512 inscripta
1340 3426 1381 3491 ab
1397 3447 1484 3494 anno

308 3555 403 3628 1703,
429 3553 576 3636 Hospitio
600 3551 630 3617 S.
655 3550 834 3620 Michaelis,
860 3552 998 3624 Romae;
1023 3550 1147 3615 scilicet
1166 3572 1183 3612 c
1195 3569 1326 3633 parum
1350 3557 1398 3616 est
1421 3551 1483 3615 im·

301 3673 429 3758 parebas
452 3691 606 3740 coercere
624 3672 832 3755 peccatrici
850 3672 978 3754 probos
1001 3671 1127 3756 efficies
1143 3671 1327 3753 disciplina
1343 3693 1372 3736 ».
1395 3673 1481 3738 Sane

260 3768 263 3777 ’
305 3798 441 3864 nobilius
465 3799 526 3862 erit
549 3797 645 3862 civile
669 3815 846 3882 poenarum
863 3801 1014 3882 systema,
1031 3817 1093 3881 quo
1117 3797 1231 3862 melius
1256 3815 1387 3861 reorum
1413 3815 1483 3861 cor-

304 3924 439 3987 rectioni
456 3921 571 3995 studet,
587 3922 644 3987 sed
660 3923 805 4007 apprime
821 3922 963 3996 deerrat,
981 3924 1007 3986 si
1023 3923 1110 3986 hunc
1122 3918 1271 3988 effectum
1291 3923 1336 3986 uti
1352 3923 1480 4006 praeci-

304 4068 400 4130 puum
423 4045 520 4112 finem
543 4066 666 4132 poenae
682 4045 740 4111 sibi
757 4048 958 4131 praestimat.
988 4045 1036 4128 (l)
1059 4082 1073 4093 -
1103 4045 1194 4110 Haec
1209 4047 1371 4131 principia
1387 4043 1482 4110 modo

374 4331 413 4399 (l)
433 4329 491 4384 Hoc
510 4334 633 4400 systema
645 4330 783 4384 mordicus
793 4329 882 4398 carpit
895 4327 1013 4382 Carrare
1025 4344 1069 4398 op.
1086 4332 1130 4382 rit.
1144 4331 1161 4392 ἓ
1177 4329 1255 4380 1026
1269 4357 1283 4369 ·
1297 4331 1363 4392 not,
1378 4329 1476 4395 utpote

303 4436 424 4492 alienum
443 4439 478 4490 ab
497 4436 588 4491 indole
608 4437 719 4490 socialis
738 4435 909 4506 defensionis
928 4437 1041 4488 iuriam.
