3290 5100
280 291 346 358 492
799 313 882 362 Pons
907 315 928 358 1.

372 433 518 509 Otemcis,
531 437 602 501 iure
618 437 843 510 Decretalium,
861 457 925 501 non
938 435 1130 524 prohibetur
1142 457 1214 502 cum
1226 436 1318 502 laicis
1331 436 1464 522 publica

278 563 313 624 et
327 559 455 644 privata
470 560 659 646 disputatio;
677 561 822 645 quamvis
835 561 1006 647 prudentia
1021 560 1120 626 dictet
1135 561 1254 628 clerico
1270 559 1412 640 indocto,
1426 565 1465 625 ut

279 681 379 746 evitet
401 679 579 746 huiusmodi
603 683 826 748 contentiones
849 681 1054 757 doctrinales,
1073 687 1105 748 et
1120 681 1290 770 disciplina
1304 681 1465 746 ecclesia-

279 805 360 870 stica
383 806 572 890 cuicumque
596 808 693 872 etiam
717 807 811 872 docto
835 807 956 874 clerico
975 806 1146 893 prohibeat
1161 827 1203 874 ne
1219 827 1290 872 eam
1306 807 1466 892 suscipiat

280 949 352 994 cum
376 929 551 996 haereticis
573 931 734 1016 publicam
750 931 997 1018 disputationem
1020 933 1134 1017 inqua
1157 932 1321 998 constituti
1344 931 1465 998 arbitri

280 1057 334 1124 uni
358 1058 412 1123 vel
434 1059 529 1124 alteri
553 1059 709 1125 victoriae
732 1033 873 1145 palmam
895 1058 1081 1126 adiudicare
1105 1059 1235 1134 debean
1262 1058 1354 1124 adest
1373 1059 1464 1123 enim

279 1183 313 1246 in
337 1183 408 1247 alea
431 1183 652 1268 disputationis
675 1203 827 1268 magnum
850 1183 994 1249 scandali
1016 1185 1205 1270 periculum.
1224 1186 1294 1251 Imo
1309 1184 1342 1250 S.
1359 1181 1463 1268 Cong.

280 1305 321 1371 de
338 1307 435 1392 Prop.
453 1306 531 1372 Fide
547 1306 634 1372 iubet
651 1307 873 1372 Missiouarios
889 1311 924 1372 ut
944 1307 1128 1373 abstineant
1150 1327 1171 1372 a
1193 1307 1465 1394 disputationibus

280 1433 415 1519 publicis
439 1454 512 1500 cum
536 1435 720 1508 haereticis,
744 1435 791 1501 uti
822 1435 991 1522 rescripsit
1014 1435 1070 1501 die
1093 1435 1117 1501 8
1139 1435 1260 1501 abortii
1283 1435 1386 1509 1625,
1410 1432 1465 1522 (in

284 1558 415 1626 Cotteot.
440 1580 474 1624 n.
498 1558 595 1646 294),
613 1557 811 1626 decernens:
831 1560 1020 1644 ‹publicas
1036 1559 1281 1643 disputationes
1298 1579 1370 1625 non
1385 1561 1466 1644 fieri

281 1702 357 1749 cum
383 1683 569 1759 baeretins,
590 1685 673 1768 quia
684 1687 890 1770 pterumque
905 1687 956 1752 aet
972 1685 1013 1753 ob
1029 1685 1268 1770 loquacitatem
1283 1687 1336 1751 aet
1352 1684 1466 1751 auda·

282 1809 371 1876 eiam
394 1816 454 1876 aut
476 1811 749 1894 circumstantias
769 1811 893 1896 populi
915 1811 1147 1882 acclamantis,
1171 1811 1298 1877 veritas
1311 1810 1467 1895 falsitate

277 1935 500 2016 praevalente
523 1935 731 2017 opprimitur
738 1954 753 2018 ,·
775 1940 809 2000 et
833 1934 864 2000 si
886 1935 1074 2019 aliquando
1099 1927 1295 2003 huiusmodi
1309 1934 1465 2018 disputa-

283 2059 388 2127 tiones
399 2060 554 2126 reeusari
566 2079 635 2127 non
647 2067 802 2144 possunt,
814 2060 972 2144 primum
987 2060 1030 2126 de
1046 2060 1107 2126 itta
1123 2059 1247 2126 certior
1256 2061 1318 2146 fiat
1330 2058 1365 2126 S.
1383 2057 1469 2126 Cau-

281 2184 435 2271 qreqotio
459 2201 547 2270 quae
569 2185 670 2251 iuncto
693 2185 857 2269 temporis
872 2192 905 2253 et
915 2204 1147 2270 personarum
1163 2185 1363 2272 quantitatem
1379 2185 1468 2270 quid

283 2309 456 2397 openetrum
479 2310 523 2376 sit
540 2310 749 2394 praescribit
762 2333 792 2375 s.

372 2437 447 2502 428.
465 2437 515 2502 Ad
539 2438 631 2519 haec,
656 2439 688 2502 in
712 2437 795 2502 libro
811 2437 853 2510 V,
879 2437 1006 2502 Decret.
1032 2436 1132 2521 Greg.
1150 2435 1209 2507 IX,
1229 2433 1390 2508 titulasti,
1415 2401 1500 2499 in·0

283 2561 452 2628 scribitur:
477 2562 527 2628 De
546 2541 684 2630 ludaeis
700 2569 733 2629 et
747 2561 930 2629 Saracenis
952 2568 985 2628 et
1004 2581 1125 2629 eorum
1140 2559 1256 2633 seruis,
1273 2559 1327 2625 ubi
1343 2560 1469 2626 dantur

284 2706 418 2752 normae
441 2689 698 2754 conversationis
729 2661 867 2753 Iudaeos
889 2689 975 2754 inter
998 2693 1032 2752 et
1054 2687 1255 2754 Christianos
1281 2685 1468 2752 servandae

283 2818 316 2878 et
330 2813 450 2897 'poeuis
473 2817 667 2877 coercentur
689 2809 801 2878 fideles
832 2812 987 2878 auxilium
1019 2807 1194 2878 afferentes
1221 2811 1407 2884 Saracenis,
1432 2812 1470 2876 in

284 2934 378 3003 fidem
403 2938 618 3004 Christianam
643 2937 787 3004 hostibus
810 2957 911 3021 usque
934 2936 1169 3002 infensissimis.

372 3063 509 3136 ludaeis,
523 3065 630 3149 prouti
645 3062 869 3148 expostulabat
883 3061 1010 3126 divinae
1026 3059 1251 3147 providentiae
1266 3061 1468 3135 oeconomia,

283 3189 441 3274 permissa
456 3187 517 3254 fuit
532 3187 725 3254 cohabitatio
741 3187 775 3252 in
788 3185 971 3254 ciuitatibus
983 3186 1169 3252 christianis
1185 3183 1242 3250 sed
1258 3191 1388 3250 cantum
1406 3185 1472 3250 fuit

284 3317 321 3377 ut
333 3311 431 3399 siquo
443 3311 594 3397 quodam
607 3311 777 3378 anteriore
790 3307 899 3376 Iudaei
917 3330 937 3375 a
953 3311 1072 3376 ceteris
1082 3308 1376 3396 distinguerentur;
1394 3329 1469 3395 arg.

285 3459 311 3504 c.
325 3439 376 3512 15,
394 3438 424 3503 h.
439 3444 460 3504 t.
477 3439 547 3504 Imo
563 3435 747 3512 Pontifices,
766 3439 797 3502 in
815 3434 896 3502 lines
911 3436 1036 3522 proprii
1051 3436 1219 3516 territorii,
1232 3435 1377 3500 maxima
1392 3455 1469 3501 cum

284 3565 483 3629 humanitate
514 3568 715 3650 exceperunt
746 3562 898 3646 Iudaeos,
929 3562 1070 3647 undique
1101 3561 1254 3648 expulsos
1284 3565 1318 3626 et
1347 3560 1471 3646 ubique

285 3686 452 3752 divexatos
475 3685 515 3751 ob
539 3686 644 3752 odium
661 3685 700 3752 ab
716 3686 794 3772 ipsis
817 3687 993 3751 excitatum
1011 3685 1044 3749 in
1058 3683 1153 3769 plebe
1169 3683 1355 3749 Christiana
1370 3703 1470 3767 quam

285 3807 548 3895 depauperabant
578 3810 702 3883 usuris,
735 3813 768 3875 et
794 3806 1007 3892 blasphemiis
1036 3804 1248 3871 lacessebant.
1279 3805 1327 3870 Ne
1357 3809 1469 3870 autem

285 3951 398 3998 eorum
429 3933 633 3998 conversatio
664 3932 698 3996 in
728 3931 906 4018 perniciem
937 3928 1045 4015 populi
1073 3929 1244 3994 christiani
1272 3926 1468 4004 dimanaret,

285 4063 477 4130 statuerunt,
495 4058 566 4123 illos
589 4077 683 4143 posse
706 4077 799 4122 suum
822 4055 943 4122 cultum
967 4073 1127 4120 exercere
1150 4052 1270 4138 absque
1293 4072 1413 4139 pompa
1437 4057 1470 4118 et

285 4184 500 4250 ostentatione
527 4187 560 4248 et
582 4186 712 4246 veteres
743 4199 927 4266 synagogas
957 4175 1095 4244 reficere
1125 4196 1219 4263 possa
1250 4175 1307 4243 sed
1335 4197 1405 4242 non
1429 4176 1470 4242 de

286 4324 371 4370 novo
394 4310 565 4378 ext1·oere;
594 4323 637 4368 ex
659 4323 687 4368 e.
712 4322 739 4368 e.
764 4300 789 4368 3
812 4306 844 4367 et
866 4301 900 4377 7,
925 4301 956 4366 n.
982 4305 1003 4364 t.
1008 4317 1023 4382 ;
1046 4299 1131 4384 ipsos
1157 4297 1282 4364 iuribus
1313 4295 1470 4365 ciuilibus

287 4423 441 4510 gaudere,
472 4442 537 4488 non
562 4421 712 4508 politicis
718 4441 733 4507 ;
762 4422 916 4507 quocirca
944 4423 1096 4506 poterant
1125 4417 1210 4484 bona
1238 4417 1406 4504 possidere
1436 4423 1469 4484 et
