3202 5104
470 331 513 379 na
536 331 691 381 numeris
714 333 758 380 nr
781 333 901 382 neurus
1211 315 1278 383 213

90 449 170 515 dem
199 455 290 516 aens
314 451 543 518 iurisdictionis
567 459 642 520 sunt
664 453 761 520 relidi
787 459 820 521 et
842 455 939 521 etiarn
963 455 1053 529 liciti,
1079 457 1105 520 si
1129 476 1171 521 ex
1193 455 1280 522 iusta

90 595 196 640 causa
211 575 468 661 interponantur.
487 577 692 664 Quapropter
708 597 782 644 eum
803 579 1100 646 excommunicatus
1117 582 1279 646 toleratus
1391 603 1396 609 ·

91 719 163 765 non
187 699 304 765 eradat
319 701 478 768 iambizin
497 700 772 769 administrandae
796 701 1006 769 iurisdietioni
1029 701 1210 770 oiiioiorum
1229 724 1279 769 eo·

92 823 368 900 clesiastioorum
400 825 517 892 exinde
540 827 648 893 valida
678 827 816 894 dicenda
843 827 971 894 videtur
1001 829 1119 894 borum
1150 829 1278 894 collatio

92 949 201 1014 eidem
218 949 306 1047 lacta
328 953 435 1036 prouti
458 951 553 1018 docet
576 950 613 1018 D’
626 952 799 1036 Annibale,
816 955 844 1027 Ι,
861 952 943 1020 365.
970 955 1090 1021 Contra
1106 956 1278 1040 opinantur

93 1075 209 1160 plures
232 1077 397 1152 Doctores,
420 1079 465 1142 ite
488 1078 619 1152 suarez,
646 1079 686 1146 D.
702 1078 755 1152 13,
772 1099 798 1146 s.
815 1080 843 1154 1,
862 1099 896 1144 n.
913 1081 935 1141 2
950 1098 999 1165 sq.
1017 1079 1126 1154 Quare
1150 1079 1278 1144 collatio

94 1197 171 1265 fieri
193 1221 258 1266 non
283 1185 393 1275 debet,
418 1204 536 1288 quippe
558 1203 678 1270 illicita
707 1209 756 1270 est
785 1202 915 1269 collatio
939 1203 1027 1270 lacta
1049 1203 1190 1292 indiyno
1219 1205 1279 1270 etsi

95 1323 229 1390 aliunde
256 1345 321 1390 non
347 1325 492 1392 inhabili
499 1347 513 1410 ;
536 1333 570 1392 at
594 1328 622 1393 si
649 1328 736 1393 faeta
759 1329 816 1402 sit,
839 1327 1118 1411 respondendam
1145 1333 1192 1396 est
1210 1347 1279 1412 pro

94 1452 216 1517 volere
238 1456 334 1518 aetus
350 1453 406 1536 (l).

192 1575 268 1640 142.
292 1575 598 1644 Exoommunieatus
615 1577 683 1643 sive
706 1577 847 1643 olerious
862 1577 933 1643 sire
951 1577 1052 1642 laicus
1067 1576 1105 1642 in
1121 1576 1281 1644 hermonis

94 1699 285 1766 excluditur
307 1701 348 1766 ab
368 1700 419 1766 bis
442 1702 556 1786 quibus
580 1705 708 1769 constat
729 1702 895 1767 hominurn
920 1703 1126 1768 consortium.
1144 1701 1279 1767 Rudiori

95 1825 262 1890 versiculo
285 1826 390 1891 solent
412 1827 458 1892 ita
480 1826 609 1911 exponi,
626 1845 710 1910 quae
730 1826 826 1891 etiarn
845 1825 1042 1890 inhumanis
1059 1825 1279 1891 exeommuni-

95 1951 172 2012 cato
183 1946 323 2015 mando
336 1969 356 2013 a
367 1947 514 2016 fidelibus
530 1948 728 2037 indulgenda
742 1969 807 2015 non
824 1953 908 2032 sunt,
922 1967 1051 2035 nempe:
1068 1968 1085 2012 ο
1101 1947 1152 2023 Os,
1167 1967 1279 2026 orare,

97 2074 185 2144 eale,
198 2072 403 2146 communio,
416 2093 545 2150 merere,
559 2080 746 2162 nepatur».
760 2075 793 2140 Si
806 2073 915 2140 damas
925 2091 943 2138 ‹
953 2093 1082 2141 orare»
1093 2081 1150 2140 seu
1165 2093 1281 2160 praees

189 2323 230 2394 (l)
249 2321 302 2384 Qui
321 2328 476 2392 autumant,
490 2324 669 2380 eollationem
688 2340 749 2380 esse
761 2325 883 2390 irritam,
896 2324 1028 2378 invocant
1041 2340 1100 2394 cap.
1113 2325 1139 2392 7,
1157 2323 1198 2378 De
1211 2325 1281 2379 cler.

98 2445 206 2485 excom.
228 2431 259 2483 X
277 2430 322 2500 (V,
335 2432 397 2500 27),
415 2431 468 2486 hoo
488 2432 600 2486 iubens:
622 2433 701 2492 Quod
720 2448 784 2486 eum
809 2432 1057 2486 eecommunicab's
1081 2431 1283 2486 communicari

97 2555 155 2592 non
173 2541 280 2606 debent,
297 2541 407 2594 cler-icis
425 2541 719 2596 exommunicationis
736 2540 850 2594 vinculo
869 2539 1016 2605 innodatis,
1031 2541 1218 2596 ecclesiastica
1238 2541 1282 2594 be·

97 2647 200 2717 aeficia
220 2648 349 2717 conferri
366 2664 421 2700 non
436 2658 554 2718 possunt
572 2667 624 2703 nec
642 2649 690 2702 illi
707 2649 804 2702 valent
825 2664 859 2702 eo
877 2649 1001 2702 retinere
1019 2661 1043 2704 tt.
1064 2646 1117 2702 Sed
1142 2647 1202 2701 iure
1227 2663 1282 2717 quo

97 2754 215 2818 utimur,
235 2752 288 2807 boe
307 2771 402 2809 rerum
421 2760 464 2809 est
483 2755 573 2826 quoad
591 2755 728 2822 vitandos,
747 2769 802 2808 non
827 2753 917 2826 quoad
942 2751 1076 2808 toleratos
1100 2771 1162 2807 cum
1181 2755 1282 2824 quibus

99 2861 307 2916 communicare
326 2877 479 2932 possumus.
499 2891 513 2904 ·
534 2861 681 2917 Praeterea
699 2859 783 2916 obiiei
802 2863 895 2932 potest
913 2861 941 2914 in
951 2859 1006 2914 litt.
1020 2861 1117 2930 Apost.
1131 2859 1282 2930 praemitti,

98 2967 306 3023 absolutionem
325 2985 341 3022 a
360 2970 484 3024 censuris
503 2970 537 3024 ad
555 2969 684 3026 effoetum
703 2971 891 3040 consequendi
914 2967 1055 3038 beneficio.
1076 2968 1150 3037 Ergo
1172 2968 1282 3023 videtur

98 3074 243 3146 consequi,
263 3091 408 3130 censuram
427 3076 723 3132 excommunicationis
741 3076 855 3132 reddere
868 3073 1182 3158 irritamrollationem
1196 3091 1283 3144 quare

100 3182 294 3251 praemittitur
306 3183 443 3237 absolutio
451 3202 460 3250 ,·
475 3183 522 3238 sed
536 3183 742 3254 respondemus,
755 3186 918 3238 censuratos
929 3181 1026 3237 haberi
1041 3159 1170 3251 indignos
1184 3181 1283 3250 gratiis

102 3289 263 3358 pontificiis
273 3296 303 3344 et
312 3290 463 3344 Pontifices
477 3289 552 3345 nolle
565 3291 662 3345 iisdem
675 3307 726 3344 aua
735 3289 801 3346 dare
815 3289 961 3359 rescripta:
970 3288 997 3344 vi
1011 3307 1070 3359 cop.
1083 3291 1097 3342 1
1111 3289 1152 3344 De
1165 3287 1282 3360 reserip.

101 3399 131 3448 ia
146 3397 180 3456 6,·
201 3394 273 3450 unde
291 3413 327 3450 na
341 3394 411 3451 haee
430 3396 487 3451 sint
506 3396 637 3461 invalida,
650 3414 716 3451 casu
730 3413 785 3467 quo
804 3395 972 3451 indultarius
985 3395 1080 3466 aliqua
1089 3379 1198 3465 ligetur
1216 3412 1283 3450 een-

98 3521 167 3557 sura
189 3519 262 3574 quae
285 3503 330 3558 vei
350 3521 367 3557 e
391 3505 467 3574 Papa
492 3505 640 3574 ignoratur
667 3505 713 3559 vel
741 3505 813 3575 'quae
835 3503 869 3557 ad
892 3504 1022 3559 effectum
1051 3502 1202 3573 specialem
1221 3503 1283 3558 vult

102 3610 239 3678 relaxari,
259 3612 419 3666 conceditur
438 3611 585 3666 absolutio.
605 3639 620 3654 ·
639 3611 766 3666 Ulterius
785 3611 891 3666 adverti
911 3611 1002 3676 debet,
1022 3611 1077 3665 litt.
1098 3613 1193 3680 apost.
1214 3626 1282 3665 oon·

100 3717 203 3784 solere,
222 3717 331 3772 meliori
352 3719 433 3773 modo
452 3735 507 3789 qno
526 3723 618 3789 potest
636 3717 776 3774 validitati
795 3721 930 3784 aetorum,
950 3735 1040 3788 neque
1058 3717 1204 3772 attendere
1218 3733 1283 3787 pro·

102 3825 225 3880 habilem
238 3825 269 3878 D.
284 3825 315 3878 D.
328 3825 487 3904 opinionem
505 3825 553 3881 sed
572 3826 650 3896 sequi
669 3825 743 3879 riam
763 3825 905 3880 tutiorem.
925 3852 939 3866 ·
958 3825 1144 3886 Quamobrem
1157 3825 1284 3879 remanet

101 3931 231 4004 quaestio
250 3949 285 3986 an
304 3931 398 3988 valida
415 3935 453 3987 sit
471 3933 587 3988 collatio
605 3933 734 3988 beneficii
753 3934 829 3986 taeta
847 3947 982 3986 excomm.
1002 3930 1167 3998 toleratasi
1186 3930 1215 3984 in
1233 3929 1284 3984 lit-

101 4043 171 4096 teris
195 4040 356 4096 collationis
374 4057 428 4095 non
446 4042 644 4110 praemittatur
662 4039 803 4094 absolutio
822 4039 914 4110 pronti
933 4041 967 4093 nt
985 4039 1015 4093 in
1033 4038 1137 4092 litteris
1156 4037 1284 4108 Episcop.

100 4146 245 4218 Siquidem
264 4147 307 4201 nti
325 4163 408 4218 supra
428 4147 552 4216 vidimus,
572 4163 598 4200 n.
621 4147 669 4202 117
694 4146 794 4200 saltem
813 4161 848 4200 ex
868 4143 1053 4215 probabiliori
1070 4144 1210 4216 opinione,
1228 4157 1284 4198 non

97 4255 239 4324 >competit
263 4253 407 4325 Episcopis
425 4254 570 4309 absolvere
589 4269 719 4309 censuras
745 4251 788 4306 ad
804 4251 954 4322 specialem
973 4255 1083 4306 tantum
1107 4267 1216 4318 cassim,
1234 4266 1284 4305 seu

101 4361 214 4417 easdem
227 4361 403 4432 suspendere.
418 4361 468 4415 Cui
481 4361 638 4432 quaestioni
647 4361 775 4432 practice
786 4375 835 4414 noe
848 4355 1045 4429 respondemus
1056 4373 1105 4428 per
1118 4356 1284 4427 principium

102 4469 251 4524 reflexum:
269 4469 299 4522 in
317 4469 410 4533 dubio,
428 4485 480 4538 pro
500 4467 599 4522 valore
618 4477 705 4522 actus.
