3290 5100
524 336 569 382 ua
592 335 747 384 patioris
771 337 813 384 ur
836 336 957 384 rossus
1262 319 1328 382 477

153 461 214 526 tim
236 461 369 528 intersit
383 483 414 527 ›.
439 462 483 527 Et
505 461 579 527 dein
602 461 798 528 addebatur:
826 462 966 527 «lurotu
991 461 1073 527 haec
1087 461 1195 548 igitur
1215 462 1330 527 statui-

151 606 229 652 mus
245 592 347 671 atque
364 585 596 670 permittimus
617 595 654 652 ut
677 585 715 651 iu
738 587 831 654 omui
847 585 1102 670 ephemeridem
1117 591 1148 652 et
1163 584 1330 652 librorum

152 729 276 796 putere
298 709 350 774 illi
372 709 556 775 dumtaual
578 709 651 775 siue
676 709 826 794 praevia
849 709 1078 776 ecclesiastica
1107 727 1252 775 censura
1275 708 1330 774 edi

152 841 323 920 ricqueaut
354 837 414 920 qui
439 835 583 902 moralis
605 841 666 902 aut
686 834 847 922 religiosi,
871 835 922 900 uti
945 835 1107 910 dicimus,
1136 835 1331 921 argumenti

153 958 229 1034 siut,
245 959 283 1023 iu
298 959 416 1025 ceteris
431 979 509 1024 vero
528 959 554 1023 ii
573 964 705 1024 tautum
725 958 863 1025 articuli
881 957 941 1043 qui
959 958 1070 1024 simile
1089 961 1331 1044 arpumcutum

156 1085 310 1162 habeant,
334 1088 386 1152 uel
409 1106 551 1154 causam
573 1087 687 1170 ipsam
706 1087 883 1174 relipiouis
906 1093 1124 1154 culmorum
1149 1086 1332 1153 honestatis

150 1211 314 1293 proriae
334 1212 504 1298 atliupaut
519 1232 550 1276 ›.
573 1213 619 1278 01.
637 1213 780 1278 Gennari
800 1231 838 1296 p.
856 1211 913 1284 87,
932 1218 964 1277 et
980 1211 1177 1284 Pennacchi,
1191 1231 1228 1294 p.
1245 1211 1331 1292 226,

155 1341 321 1422 postquam
344 1337 582 1418 adnotaverint,
599 1336 808 1402 condemnari
823 1337 952 1420 scripta
971 1355 1054 1420 quae
1069 1357 1133 1401 non
1154 1335 1260 1404 obiter
1275 1336 1332 1402 sed

153 1461 345 1543 specialiter
360 1460 400 1525 de
417 1461 570 1527 eiusmodi
587 1463 786 1546 argumentis
801 1461 966 1528 disserunt
982 1466 1015 1526 et
1029 1460 1086 1526 sub
1103 1463 1232 1526 nomine
1248 1463 1332 1528 scri-

151 1589 292 1667 ptorum
309 1582 539 1668 comprehendi
561 1583 647 1665 folia
670 1591 703 1648 et
726 1583 851 1664 diaria,
869 1584 1042 1668 opinantur
1057 1585 1217 1670 integram
1237 1605 1332 1670 prae·

155 1707 363 1791 scriptionem
380 1707 509 1771 Decreti
523 1706 616 1769 Plani
632 1705 737 1770 adhuc
753 1707 876 1792 vigera,
893 1705 987 1769 etiam
1004 1705 1108 1790 quoad
1124 1710 1249 1791 partem
1266 1726 1333 1772 non

157 1832 292 1898 relatam
308 1833 342 1896 in
357 1837 421 1898 art.
439 1831 493 1906 ll,
511 1832 596 1898 unde
619 1832 765 1898 inierunt
781 1831 899 1897 exinde
915 1831 1071 1897 obnoxios
1087 1851 1158 1897 esse
1175 1852 1333 1899 censurae

157 1959 253 2024 etiam
277 1957 440 2025 articulos
462 1956 502 2022 de
525 1958 683 2043 religione
706 1965 762 2024 aut
784 1978 910 2024 morum
937 1957 1107 2022 honestate
1137 1957 1333 2023 disserentes

156 2083 296 2148 insertos
320 2082 352 2146 in
376 2082 486 2148 diariis
509 2082 639 2168 aliunde
662 2083 806 2148 honestis
819 2088 852 2147 et
867 2081 1010 2168 probatis
1034 2087 1066 2147 et
1081 2083 1165 2168 ipsas
1180 2083 1332 2166 epheme-

156 2205 250 2270 rides
273 2205 465 2272 catholicas.
489 2241 504 2254 ·
528 2205 591 2271 Sed
614 2206 695 2270 haec
719 2205 883 2270 conclusio
898 2205 1027 2270 ridetur
1043 2205 1151 2269 aliena
1173 2205 1334 2292 aregnlis

156 2329 418 2413 hermeneuticis‚
443 2331 517 2416 quia
538 2332 570 2395 in
594 2335 706 2396 nostra
729 2325 839 2395 Const.
864 2334 988 2395 tantum
1011 2329 1214 2416 perpendere
1237 2330 1334 2396 debe·

157 2473 228 2519 mus
251 2454 354 2520 uerba
377 2455 456 2520 inibi
479 2456 593 2529 relata,
619 2461 651 2520 et
674 2456 781 2540 prouti
812 2453 890 2519 inibi
920 2461 995 2520 sunt
1018 2456 1130 2522 relata.
1163 2453 1211 2522 cl.
1235 2473 1335 2541 supra

157 2599 190 2643 n.
215 2579 289 2643 347.
317 2579 528 2645 Nihilominus
551 2581 761 2666 intelligimus
780 2579 1025 2666 comprehensa,
1050 2581 1162 2645 ultima
1177 2599 1335 2665 paragra-

157 2701 213 2786 phi
229 2707 332 2786 parta
356 2703 464 2767 omnia
485 2702 614 2786 scripta
637 2722 715 2768 sane
739 2703 892 2787 cuiusque
916 2703 1009 2767 molis
1033 2707 1064 2767 et
1087 2701 1221 2774 formae,
1239 2704 1334 2767 etiam

157 2829 284 2908 partem
307 2824 410 2891 unius
426 2824 502 2898 folii,
521 2845 578 2890 seu
594 2827 695 2911 ipsum
712 2826 906 2899 articulum,
924 2826 999 2908 quia
1017 2825 1121 2909 ipsum
1143 2822 1336 2888 vocabulum

160 2948 351 3032 -scripta-
376 2949 458 3014 haec
481 2950 727 3035 comprehendit
749 2950 876 3035 quando
899 2951 1091 3033 specialiter
1113 2951 1241 3015 intersit
1256 2948 1335 3014 reli·

157 3074 263 3158 giouis
285 3079 341 3138 aut
364 3094 499 3139 morum.
515 3076 606 3160 Ergo
630 3077 808 3159 requiritur
822 3076 979 3158 specialis
995 3077 1140 3161 gravitas
1162 3077 1195 3140 in
1218 3079 1336 3140 tracta-

158 3201 247 3265 tione
259 3201 452 3288 argumenti‚
466 3220 531 3266 non
543 3201 734 3268 ordinaria.
748 3198 788 3266 Et
803 3201 866 3267 hoc
882 3203 1027 3287 apprime
1043 3201 1165 3266 attendi
1177 3200 1281 3274 debet,
1294 3221 1336 3266 na

159 3344 273 3390 sensus
296 3330 494 3410 exageretur
512 3326 746 3412 prohibitionis.
765 3326 812 3392 Oi.
834 3326 874 3392 cl.
892 3325 1140 3400 Vemaerschs,
1160 3346 1197 3410 p.
1216 3325 1265 3392 92
1279 3324 1335 3410 (l).

249 3607 289 3679 (l)
308 3607 385 3662 Haec
403 3613 479 3663 certe
498 3614 541 3663 est
554 3608 750 3679 interpretatio
763 3627 846 3681 quam
859 3609 1019 3679 expostulat
1030 3609 1128 3664 littera
1140 3613 1242 3664 textus.
1256 3607 1338 3662 Nihi-

159 3711 281 3766 lominus
294 3711 419 3777 thicot,
439 3713 458 3766 l.
472 3732 494 3768 c.
508 3713 584 3780 458,
601 3733 629 3768 u.
646 3715 667 3768 7
684 3713 754 3769 haec
772 3714 860 3770 docet.
872 3727 891 3771 e(
903 3713 1028 3770 lemvaro
1044 3715 1073 3768 in
1090 3713 1229 3784 plerisque
1248 3713 1338 3783 regia·

160 3817 243 3871 nibus
261 3822 391 3887 putamus
403 3817 476 3872 hunc
490 3837 570 3874 usum
582 3821 681 3890 rigere
698 3825 731 3874 ut
749 3821 779 3875 in
796 3821 873 3876 loliis
890 3826 920 3876 et
939 3820 1086 3891 periodicis
1099 3837 1170 3892 quaa
1189 3836 1244 3874 non
1257 3817 1338 3873 unice

160 3929 357 3994 argumentum
382 3924 464 3994 plane
489 3925 652 3996 religiosum
677 3930 810 3993 tractant,
834 3926 966 3994 edantur,
990 3927 1050 3982 alne
1076 3925 1188 3996 praevia
1213 3941 1338 3992 censura,

160 4031 247 4086 etiam
265 4031 378 4086 articuli
400 4033 448 4104 qui
467 4049 502 4088 ex
519 4033 679 4102 argumenti
704 4039 805 4088 natura
830 4033 962 4088 revisiani
987 4033 1173 4098 subiecerant,
1192 4032 1256 4086 dum
1275 4047 1339 4086 can·

160 4153 242 4192 surae
260 4137 448 4192 subiiciuntur
460 4137 550 4192 libelli
570 4137 702 4208 periodici
715 4138 764 4210 qui
784 4139 835 4192 toti
855 4139 884 4192 in
903 4143 1070 4208 argumento
1084 4153 1195 4208 prorsus
1207 4137 1339 4206 religioso

160 4251 317 4313 vomantur,
341 4245 432 4318 qualis
456 4250 499 4302 ast
520 4245 664 4316 theologia
688 4246 858 4316 dogmatica,
881 4246 927 4302 val
950 4246 1073 4313 moralis,
1098 4247 1142 4300 ius
1166 4244 1339 4309 canonicum,

161 4352 291 4408 ascetica.
304 4352 361 4407 Alii
382 4352 551 4426 (Hollweck)
570 4357 692 4420 censent,
705 4352 784 4408 nulla
802 4353 942 4423 periodica
957 4353 1100 4408 subiacere
1119 4365 1261 4418 censurae,
1273 4349 1340 4422 quia

163 4477 220 4516 non
238 4461 419 4516 nominantur
442 4465 472 4516 et
495 4477 630 4532 personae
655 4461 808 4516 reductoris
830 4461 893 4516 fidit
911 4461 1080 4521 Ecclesia».
1100 4461 1176 4516 Haec
1200 4463 1340 4531 postrema
