3266 5102
331 283 394 350 168
850 302 935 349 snas
959 301 982 348 1.

327 425 468 491 maxime
491 443 533 488 ne
556 425 650 488 nimis
680 427 807 510 pateret
829 422 987 490 indultum
1012 423 1238 495 concessionis,
1272 426 1304 486 et
1333 421 1389 486 lex
1412 421 1505 485 nimis

327 550 545 616 relaxaretur.
572 585 589 598 -
616 549 697 615 Cum
720 569 800 615 vero
828 569 931 614 canon
962 569 1027 614 non
1059 549 1222 634 exprimat
1244 567 1287 610 an
1310 549 1344 611 in
1367 545 1505 611 dioecesi

326 693 392 740 sua
415 675 542 739 versari
566 673 682 740 debeat
708 674 922 739 absolvendus
945 674 998 740 rel
1022 673 1194 746 absolutus,
1219 677 1307 738 recte
1332 672 1371 738 cl.
1397 669 1506 736 D’An-

327 797 435 864 nibale
460 800 704 884 interpretatur,
721 798 871 865 sufficere
895 800 922 864 si
946 799 1105 864 alteruter
1126 799 1160 862 in
1185 817 1224 862 ea
1246 797 1343 883 degat
1359 793 1398 880 (1,
1417 795 1504 881 346).

328 924 461 989 Demum
485 923 681 998 decernitur,
707 926 899 1012 Episcopum
923 944 982 1009 per
998 945 1034 988 se
1055 925 1156 1010 ipsum
1172 928 1228 988 aut
1251 943 1311 1008 per
1334 921 1506 988 Vivarium

327 1067 549 1116 srromnmsn
579 1049 808 1133 delegandum
838 1049 1007 1116 absolvere
1031 1069 1142 1136 posse;
1167 1049 1241 1133 quia
1264 1047 1339 1114 dum
1370 1046 1506 1112 facultas

327 1174 532 1260 dispensandi
554 1176 762 1261 generaliter
785 1176 933 1260 delegari
956 1180 1068 1260 potest,
1085 1181 1162 1260 puta
1184 1173 1329 1238 omnibus
1353 1171 1506 1237 dioecesis

327 1299 495 1386 parochis;
521 1305 679 1364 econtra
709 1300 846 1366 facultas
881 1299 1067 1366 absolvendi
1098 1299 1237 1382 spectati
1267 1317 1427 1382 personae
1458 1295 1507 1360 de·

327 1425 474 1491 mandari
498 1424 609 1506 debet,
634 1425 718 1490 unde
750 1424 829 1489 illud
851 1425 1045 1509 specialiter
1074 1445 1139 1488 non
1162 1424 1308 1490 refertur
1331 1423 1372 1488 ad
1397 1442 1503 1494 casus,

327 1548 467 1632 speciali
490 1549 601 1622 modo,
619 1549 764 1634 singulos
784 1548 987 1634 delegandos,
1005 1548 1060 1612 sed
1077 1548 1117 1613 ad
1133 1567 1304 1633 personam
1323 1546 1503 1630 specialem

327 1673 389 1738 hac
413 1678 570 1759 potestate
594 1673 808 1738 muniendam.
836 1675 929 1738 Ratio
952 1669 1154 1738 differentiae
1177 1677 1234 1746 est,
1252 1673 1327 1756 quia
1351 1670 1505 1736 absolutio

326 1815 348 1862 a
375 1799 522 1863 censuris
546 1797 742 1882 peculiarem
770 1799 871 1882 exigit
898 1796 1144 1862 sollicitudinem
1175 1795 1215 1860 ad
1239 1795 1431 1861 medendum
1457 1794 1505 1858 de

326 1923 538 2006 linquentium
561 1923 759 1988 vulneribus.
785 1923 832 1989 cf.
859 1923 1048 2008 Fagnanum
1079 1923 1117 1988 in
1148 1942 1222 2005 cap.
1247 1921 1396 1988 Dilectus
1425 1921 1469 1987 15
1491 1956 1505 1968 -

327 2050 381 2116 De
406 2057 504 2134 [einp.
529 2051 640 2118 ordin.
658 2086 673 2097 -
690 2050 782 2115 Haec
805 2049 985 2114 Tridentini
1011 2050 1174 2135 dispositio
1198 2069 1218 2113 a
1242 2047 1349 2112 (lonst.
1363 2049 1504 2130 -Apost

328 2175 427 2242 Sedis
449 2212 464 2224 -
488 2175 548 2240 fuit
572 2174 773 2248 confirmata,
797 2195 862 2240 uua
893 2175 981 2241 facta
1012 2177 1219 2259 exceptione,
1251 2175 1372 2260 legitur
1403 2175 1504 2238 enim:

330 2301 507 2365 «Firmam
532 2307 639 2364 tamen
664 2320 734 2364 esse
758 2299 905 2364 volumus
928 2299 1113 2364 absolvendi
1138 2299 1324 2363 facultatem
1341 2318 1362 2362 a
1377 2297 1506 2362 Triden-

326 2425 396 2488 tina
419 2424 550 2510 Synodo
576 2425 742 2510 Episcopis
766 2443 954 2490 concessam
978 2423 1077 2508 (Sess.
1102 2425 1160 2496 24,
1186 2424 1236 2490 De
1258 2422 1333 2506 Res.
1359 2443 1387 2488 c.
1412 2421 1448 2508 6)
1475 2423 1505 2486 in

328 2548 578 2634 quibuscumque
602 2552 748 2616 censuris
772 2550 977 2635 Apostolicae
1001 2549 1092 2615 Sedis
1116 2549 1180 2614 hac
1203 2553 1315 2613 nostra
1348 2547 1503 2613 Constitu·

327 2675 414 2739 tione
438 2677 622 2744 reservatis,
652 2676 690 2740 iis
713 2679 837 2740 tantum
854 2677 1000 2761 exceptis
1016 2695 1103 2761 quas
1126 2675 1236 2740 eidem
1261 2673 1342 2739 Sedi
1365 2675 1507 2756 Aposto-

328 2796 413 2864 licae
436 2817 588 2864 sescum
612 2818 702 2864 otono
726 2804 909 2864 reservatas
934 2797 1135 2864 declaramus
1152 2820 1183 2862 1.
1200 2835 1215 2844 -
1232 2798 1293 2863 Sed
1318 2797 1402 2862 haec
1436 2813 1506 2860 con-

328 2923 430 2986 cessio
462 2921 650 2987 Tridentina
677 2942 697 2986 a
720 2923 828 2990 Const.
854 2923 919 3006 Ap.
945 2921 1043 2989 Sedis
1077 2887 1266 2987 confirmata
1298 2942 1353 2986 eos
1383 2925 1506 2986 tantum

327 3047 459 3129 respicit
474 3047 527 3129 qui
543 3046 666 3131 pollent
689 3047 871 3133 Episcopali
895 3053 1062 3133 potestate.
1081 3049 1160 3112 Nam
1184 3052 1280 3112 antea
1296 3045 1504 3112 decreverat:

328 3169 514 3236 «Ceterum
545 3169 749 3238 decernimus
773 3173 807 3236 in
840 3175 931 3238 novis
963 3151 1214 3258 quibuscumque
1245 3170 1504 3237 concessionibus

327 3313 366 3358 ac
389 3295 565 3381 privilegiis
584 3316 665 3378 quae
677 3295 717 3360 ab
734 3297 920 3381 Apostolica
944 3298 1026 3363 Sede
1050 3297 1183 3363 concedi
1207 3298 1310 3362 cuivis
1333 3297 1506 3381 contigerit

326 3418 416 3482 nullo
439 3418 532 3483 modo
548 3440 587 3484 ac
610 3422 735 3485 ratione
759 3421 896 3508 intelligi
919 3441 1070 3507 umquam
1095 3421 1214 3487 debere
1237 3427 1293 3487 aut
1315 3442 1409 3506 posse
1425 3441 1506 3485 com·

326 3541 484 3627 prehendi
509 3542 699 3610 facultatem
722 3544 908 3610 absolvendi
932 3565 952 3610 1
975 3545 1102 3611 casibus
1126 3551 1158 3610 et
1181 3547 1328 3610 censuris
1360 3543 1507 3630 quibusli-

326 3667 381 3732 bet
409 3668 502 3733 Rcm.
536 3669 630 3734 Pont.
662 3673 849 3746 reservatis,
875 3673 937 3736 nisi
962 3671 1002 3737 de
1025 3674 1064 3737 iis
1094 3672 1249 3745 formalis,
1285 3672 1441 3758 explicita
1470 3690 1507 3734 ac

326 3791 489 3858 individua
512 3796 633 3859 mentio
659 3795 745 3860 facta
776 3796 892 3873 fuerit;
917 3817 999 3880 quae
1022 3818 1101 3862 vero
1129 3797 1300 3883 privilegia
1330 3801 1387 3861 1111
1410 3795 1507 3860 facul·

326 3921 409 3980 tates
432 3919 499 3982 sire
522 3938 542 3982 a
565 3916 874 3986 Praedecessoribus
897 3922 1026 3995 nostris,
1052 3923 1119 3986 sire
1144 3923 1240 3987 etiam
1264 3942 1284 3984 a
1305 3920 1402 3986 Nobis
1422 3919 1508 3985 cuili-

325 4040 380 4106 bet
402 4041 522 4116 Coetui,
549 4043 673 4118 Ordini,
700 4045 957 4132 congregationi,
991 4048 1142 4113 Societati
1166 4052 1199 4111 et
1230 4049 1381 4114 Instituto
1413 4048 1506 4114 etiam

327 4163 482 4248 Regulari
506 4166 645 4231 cuiusvis
676 4168 803 4252 speciei,
829 4171 888 4234 etsi
914 4171 1008 4236 titulo
1038 4170 1193 4262 peculiari
1228 4169 1385 4256 praedito,
1415 4177 1507 4254 atque

326 4289 422 4354 etiam
445 4290 532 4354 omni
563 4293 727 4358 mentione
760 4293 856 4380 digno
888 4315 907 4360 a
938 4297 1052 4380 quovis
1083 4315 1232 4381 umquam
1262 4299 1409 4382 tempore
1443 4295 1506 4361 huc

325 4433 427 4498 usque
461 4433 634 4480 concessae
666 4417 796 4492 fuerint,
822 4439 861 4484 ea
887 4421 994 4484 omnia
1017 4439 1135 4504 easque
1166 4440 1277 4486 omnes
1308 4430 1422 4486 nostra
1444 4421 1506 4486 bac
