3290 5100
309 245 374 310 464
829 266 913 314 raas
938 266 961 311 1.

309 388 341 454 S.
366 391 589 474 Apostolicoa
615 389 719 458 libros
741 393 879 478 alioque
901 391 1030 475 scripto
1055 392 1165 458 acaia
1188 391 1225 456 iu
1254 410 1319 458 aaa
1342 391 1492 458 dioecesi

306 514 398 580 editu
420 516 471 580 ael
494 515 621 598 diffusa
646 513 862 598 proscribere
886 519 919 580 et
940 535 958 580 c
979 513 1140 580 manibus
1168 515 1320 599 fidelium
1345 516 1496 598 auferre

306 639 475 706 studeant.
498 635 811 722 adapostolicam
842 639 1007 706 iudicium
1038 658 1079 705 eo
1109 639 1268 722 deserant
1298 647 1408 722 opera
1435 643 1493 708 uel

306 765 435 848 scriptu
454 785 543 850 quoe
564 764 719 832 subtilius
733 785 881 831 emomeu
896 765 1043 851 emipuul
1065 766 1117 831 uel
1137 765 1174 829 iu
1189 763 1312 849 quibus
1327 765 1375 830 ad
1396 766 1496 832 salu-

307 894 415 956 tarem
432 892 586 974 effectum
602 890 877 976 consequendum
892 907 1076 972 supremae
1091 888 1302 956 auctoritatis
1318 890 1494 956 scatentia

305 1014 438 1098 requiri
460 1015 595 1080 uiduae
612 1035 641 1077 u.

394 1135 469 1200 387.
497 1137 664 1219 Nunquam
688 1137 721 1201 in
744 1134 873 1201 dubium
896 1141 1051 1202 revocata
1073 1135 1135 1202 fuit
1158 1134 1410 1200 Ordinariorum
1434 1152 1493 1219 po-

305 1263 404 1324 testas
418 1256 519 1323 libros
534 1245 666 1332 uomica,
684 1277 799 1343 nempe
814 1259 916 1344 sidua
932 1263 988 1323 aut
1003 1277 1116 1324 mores
1135 1259 1325 1343 impetentes
1340 1258 1491 1343 proscri-

258 1407 262 1414 ·
305 1380 399 1448 bendi
416 1384 552 1470 altaque
566 1382 694 1465 suapte
709 1383 831 1459 uouiu;
856 1382 913 1448 sed
933 1384 992 1448 iste
1015 1382 1172 1451 articulus
1197 1382 1319 1448 excitat
1342 1381 1491 1448 Ordina-

305 1509 427 1572 riorum
444 1507 690 1574 sollicitudinem
711 1511 743 1572 in
759 1515 825 1574 tam
841 1529 944 1594 grave
960 1510 1134 1594 negotium.
1153 1543 1170 1556 -
1188 1509 1226 1574 In
1243 1507 1489 1594 proscribendis

312 1639 418 1698 autem
441 1633 543 1714 libris,
561 1633 727 1700 Ordinarii
751 1653 831 1718 prae
855 1634 956 1700 oculis
972 1633 1113 1699 habeant
1132 1635 1359 1720 gravissimum
1384 1635 1489 1698 moni-

302 1763 371 1824 tum
395 1759 501 1827 Const.
531 1755 681 1826 Sollicito
704 1765 736 1825 et
753 1758 903 1842 prouida
929 1793 946 1806 -
965 1758 1085 1824 Bened.
1111 1759 1194 1825 XIV
1217 1761 1240 1842 ἓ
1262 1759 1302 1824 13
1326 1778 1391 1842 qua
1413 1759 1486 1824 scil.

303 1881 454 1949 iubentur
476 1886 512 1948 ut
527 1885 701 1968 respiciant
719 1918 736 1932 -
754 1883 924 1950 Ecclesiae
938 1881 1085 1948 Suuctuc
1104 1882 1267 1968 dopmutu
1283 1887 1314 1948 et
1330 1900 1485 1948 cosumu—

302 2026 380 2074 uem
408 2005 658 2074 Catholicorum
680 2008 873 2074 doctrinam
897 2026 986 2093 quoe
1012 2007 1241 2074 Couciliorum
1260 2005 1488 2073 Generalium

302 2132 453 2206 decretis,
478 2131 551 2197 ΕΗ.
575 2132 780 2218 Pontificum
813 2131 1125 2216 constitutionibus,
1154 2138 1186 2197 et
1208 2131 1487 2199 orthodoxorum

301 2255 447 2322 Palmum
463 2263 565 2341 utque
580 2257 765 2323 Doctorum
788 2277 954 2324 coraseusu
978 2259 1193 2324 corallueulur
1205 2295 1222 2304 -
1235 2277 1277 2322 ne
1301 2278 1376 2322 snas
1392 2259 1488 2322 nimi-

301 2400 356 2445 um
378 2379 560 2465 peculiares
583 2381 759 2445 sententias
781 2387 838 2447 aut
860 2381 1028 2465 opiniones
1051 2386 1216 2446 assumant
1238 2382 1285 2446 uti
1312 2381 1485 2446 criterium

301 2509 358 2569 aut
380 2504 526 2590 regulam
550 2503 797 2589 reprobationis.

392 2629 430 2691 In
454 2626 485 2692 id
508 2626 686 2712 procedunt
710 2626 875 2693 Ordinarii
905 2646 970 2693 suu
996 2627 1178 2695 ordiuuriu
1199 2627 1372 2710 facultate,
1398 2647 1488 2712 quae

300 2757 408 2815 tamen
433 2757 468 2816 ut
491 2750 654 2816 efficacior
678 2757 710 2819 et
734 2753 924 2816 instructior
948 2759 1042 2826 esset,
1060 2756 1145 2818 cavit
1169 2752 1323 2817 Pontifex
1346 2758 1381 2816 ut
1403 2772 1483 2838 pro-

301 2875 455 2942 cederent
471 2877 572 2941 elium
589 2881 766 2961 tamquam
777 2877 922 2962 clelepoti
937 2875 1034 2943 Sedis
1045 2877 1266 2962 Apostolicoe.
1284 2913 1300 2926 -
1316 2877 1389 2942 Hac
1403 2878 1483 2942 freti

300 3007 458 3087 potestate
486 3003 636 3088 Episcopi
666 3022 731 3066 non
755 3004 868 3066 timent
891 3003 1023 3068 subtiles
1050 3001 1254 3068 difficultates
1277 3021 1359 3085 quae
1383 3003 1485 3067 facile

300 3127 417 3211 opponi
433 3131 563 3210 possent
586 3124 627 3189 ad
650 3125 840 3191 eludendam
856 3127 921 3190 vim
938 3125 1213 3192 condemnationis
1229 3129 1350 3212 (prouti
1372 3127 1484 3192 decla-

302 3254 376 3313 rant
398 3249 473 3315 Litt.
499 3249 577 3316 circ.
602 3250 652 3315 aa
672 3253 761 3338 Aup.
784 3251 889 3334 1864·
905 3251 1001 3335 apud
1027 3253 1145 3319 Collec.
1162 3251 1201 3316 P.
1219 3253 1295 3318 Fid.
1312 3272 1346 3316 u.
1362 3252 1483 3340 1889),

300 3379 332 3439 et
347 3373 561 3440 condemnant
575 3375 675 3440 libros
693 3379 787 3441 etiam
804 3377 1015 3461 Regularium
1034 3381 1283 3460 coemptarum,
1301 3377 1354 3442 vel
1377 3371 1485 3442 libros

226 3565 231 3576 ,
299 3498 340 3564 ab
367 3500 430 3564 alio
455 3501 607 3565 Praelata
630 3521 694 3564 non
718 3503 917 3588 proscriptos
947 3502 1002 3568 sed
1026 3501 1221 3588 approbatos
1244 3507 1278 3566 et
1300 3503 1345 3566 ita
1367 3523 1481 3588 porro.

300 3623 348 3688 et.
374 3623 559 3690 Pennacchi
585 3626 605 3690 l.
631 3625 817 3708 c.p.190.

388 3749 573 3823 Quaesitum
597 3757 646 3816 est
668 3769 710 3814 an
736 3750 917 3836 Regulares
940 3752 993 3834 qui
1017 3751 1163 3827 subsunt,
1187 3753 1220 3815 vi
1242 3750 1338 3819 huius
1356 3751 1481 3824 Cenat,

298 3891 455 3939 censurae
471 3875 619 3960 Episcopi
637 3877 768 3960 eiusque
791 3875 1053 3961 approbationem
1070 3877 1209 3943 inlibris
1226 3875 1359 3942 edendis
1376 3896 1480 3962 expe·

297 4005 368 4064 tere
391 3999 516 4072 debent,
542 4021 642 4084 aeque
666 4001 814 4066 revereri
838 4001 976 4066 debeant
999 4001 1164 4068 decretum
1188 4000 1414 4088 prohibitionis
1437 4000 1481 4066 ab

297 4123 456 4210 Episcopo
481 4125 598 4190 editum
618 4145 686 4208 pro
710 4145 774 4191 suu
797 4127 949 4200 dioecesi,
974 4129 1170 4212 potissimum
1199 4145 1274 4191 oum
1297 4125 1481 4210 Episcopus

297 4249 451 4332 procedat
474 4251 575 4315 etiam
599 4257 775 4336 tamquam
795 4251 969 4337 detepulus
991 4250 1024 4316 S.
1042 4251 1265 4334 Apostolicue.
1285 4285 1303 4299 -
1321 4250 1367 4316 Ol.
1393 4247 1479 4314 Pen—

297 4371 412 4436 naochi
436 4373 510 4437 huic
534 4375 710 4457 quaestioni
734 4359 986 4456 affer-motivum
1009 4374 1096 4440 dedit
1119 4393 1309 4460 responsum
1334 4375 1358 4439 l.
1374 4393 1402 4439 c.
1419 4370 1479 4438 sed
