3296 5108
1370 8 1376 11 .
1466 10 1500 21 γ-

1492 9 1633 150 .-

1405 70 1408 79 s

1602 132 1609 147 Ι

865 335 946 382 PARS
972 335 993 378 l.

429 455 666 526 irregularitatem
694 457 778 511 etiarn
803 457 893 528 quoad
918 457 1162 526 dispensationem.
1189 486 1221 497 —
1248 457 1309 510 282.
1334 457 1452 518 Quinam
1481 458 1518 508 sit

429 563 510 618 iudex
529 563 562 618 de
587 565 726 618 adiunctis
750 565 816 618 lacti
841 567 941 635 quibus
965 566 1084 620 maxime
1110 567 1237 635 gignitur
1261 565 1462 634 irregularitas.
1482 595 1518 605 -

429 671 489 723 283.
509 672 594 724 ludici
615 673 810 727 Ecclesiastico
829 674 856 725 in
878 673 973 742 primis
992 691 1057 742 prae
1076 673 1165 726 oculis
1183 673 1311 727 habenda
1329 676 1372 728 est
1384 673 1520 740 iurispru·

429 775 523 842 dantia
537 777 582 830 SS.
596 777 648 830 CC.
662 807 675 818 ·
691 778 753 832 lnde
773 778 908 832 nonnulla
921 779 1056 848 rescripta
1069 781 1230 832 afferuntur.
1242 807 1279 819 -
1291 781 1351 830 284.
1371 779 1408 832 De
1421 779 1519 830 morbo

428 885 578 953 epileptico
597 892 625 940 et
644 886 671 938 in
691 903 793 954 genere
806 886 839 940 de
853 887 956 939 morbis
976 885 1266 958 physico-moralibus.
1287 915 1319 926 -
1338 885 1397 939 285.
1420 885 1458 940 De
1473 885 1521 938 de·

428 991 501 1044 fectu
524 995 655 1045 staturae.
674 1021 710 1032 —
729 991 789 1044 286.
811 992 848 1045 De
867 992 1043 1046 deformitate
1060 993 1189 1062 corporis.
1208 1020 1245 1032 -
1263 992 1324 1044 287.
1344 991 1382 1044 lle
1400 990 1520 1044 deiecti-

428 1099 478 1152 bus
496 1101 568 1168 qood
581 1100 614 1152 ad
628 1100 738 1169 singula
751 1103 875 1156 membra
890 1107 919 1155 et
934 1103 995 1156 inde
1008 1101 1042 1156 de
1055 1103 1145 1156 caecis
1164 1107 1213 1154 aut
1231 1101 1463 1156 caecutientibus.
1482 1100 1520 1153 De

427 1205 509 1260 oculo
528 1208 647 1260 canonis.
667 1237 702 1246 -
721 1207 780 1259 288.
803 1207 841 1260 De
854 1207 935 1260 surdo
954 1212 1003 1260 aut
1022 1207 1172 1262 surdastro.
1193 1236 1226 1247 —
1245 1207 1305 1260 289.
1322 1207 1359 1260 [le
1372 1211 1450 1259 mutu
1469 1211 1521 1258 aut

428 1311 609 1366 balbutiente.
629 1341 664 1352 -
684 1313 744 1366 290.
766 1311 804 1367 De
823 1313 977 1366 defectibus
996 1313 1024 1366 in
1044 1311 1179 1376 brachiis3
1198 1342 1231 1353 —
1251 1313 1300 1365 ‘291
1333 1313 1359 1366 in
1374 1311 1472 1380 digitis
1492 1316 1521 1365 et

426 1420 562 1484 manibus,
580 1447 615 1460 -
634 1419 694 1473 292.
714 1420 743 1472 in
762 1421 889 1473 cruribus
908 1419 1080 1489 etpedibus.

427 1707 500 1772 278.
527 1708 690 1781 Quaenam
723 1730 802 1774 vero
834 1711 985 1794 propriae
1015 1711 1079 1776 sint
1110 1709 1371 1794 irregularitates
1401 1729 1519 1792 prove-

340 1834 463 1896 nientes
478 1851 522 1897 ex
538 1833 665 1898 delectu
689 1835 837 1917 eorporis
860 1833 952 1898 modo
976 1833 1129 1898 dicemus.
1154 1831 1353 1898 D’Annibale
1377 1831 1416 1916 (l,
1437 1833 1520 1920 413)

337 1961 448 2021 censet
469 1974 580 2021 omnes
603 1957 863 2042 irregularitates
886 1977 932 2022 eu
954 1957 1087 2039 defectu
1114 1959 1270 2042 corporae
1297 1956 1521 2022 accensendas

337 2101 408 2147 esse
432 2083 517 2147 iuter
538 2081 758 2164 improprios.
786 2083 829 2146 rit
851 2081 944 2145 nimis
970 2079 1073 2165 rigida
1097 2081 1178 2145 haec
1206 2083 1366 2146 sententia
1390 2080 1522 2146 videtur

337 2227 398 2272 nec
414 2213 531 2272 exacta
546 2207 586 2271 ad
602 2207 884 2292 iurisprudentiem
902 2209 1094 2292 praesertim
1110 2209 1140 2274 S.
1155 2209 1188 2274 G.
1202 2208 1298 2274 Gonc.
1315 2243 1332 2256 ·
1347 2209 1428 2272 Nam
1446 2207 1520 2272 fere

336 2332 475 2417 quotidie
494 2334 637 2418 contigit,
652 2335 827 2418 Episcopus
844 2333 1114 2417 dispensationem
1126 2338 1238 2416 petere
1254 2352 1313 2417 pru
1330 2332 1453 2396 clerico
1466 2334 1518 2396 rel

338 2457 555 2542 promovendo
571 2458 622 2522 vel
639 2459 703 2523 iam
719 2461 874 2542 promoto,
900 2458 1007 2541 aliquo
1030 2455 1158 2521 delectu
1175 2458 1320 2540 corporis
1337 2455 1517 2528 laborante,

337 2585 390 2666 qui
413 2575 478 2648 non
502 2583 631 2668 impedit
654 2582 800 2649 absolute
824 2585 1038 2650 ministerium
1069 2583 1323 2648 ecclesiasticum
1352 2584 1408 2647 sed
1434 2585 1518 2648 idem

338 2707 443 2773 reddit
466 2709 570 2773 minus
593 2709 671 2774 utile
695 2715 727 2772 et
751 2707 920 2784 decorum;
945 2713 978 2773 et
1002 2707 1032 2774 S.
1059 2708 1091 2773 Ο.
1118 2703 1154 2770 O.
1179 2707 1326 2772 omnibus
1354 2708 1418 2772 rite
1447 2729 1517 2792 pcr-
1631 2779 1632 2800 .

338 2833 454 2915 pensis,
471 2831 629 2897 deliberat
652 2852 693 2896 an
718 2833 759 2897 sit
781 2833 872 2897 loeus
887 2833 1117 2917 dispensationi
1133 2852 1152 2896 a
1169 2833 1267 2898 ssno
1283 2831 1517 2916 impetrandae.

337 2955 421 3022 Sane
445 2954 643 3020 diffitendum
660 2977 723 3020 non
742 2961 800 3030 est,
817 2957 988 3040 aliquando
1013 2955 1203 3024 Ordinarios
1228 2977 1402 3021 recurrere
1420 2959 1516 3022 etiam

336 3081 368 3144 in
393 3078 519 3144 casibus
542 3081 754 3163 impropriae
777 3080 1037 3166 irregularitatis,
1053 3080 1180 3166 quando
1199 3079 1346 3148 dubitant
1369 3100 1412 3145 an
1438 3083 1517 3145 irre

336 3204 492 3288 galeritus
516 3203 598 3268 adsit.
621 3203 673 3269 vel
698 3207 802 3269 minus
826 3211 859 3270 et
881 3211 958 3270 tunc
981 3204 1012 3269 S.
1038 3204 1072 3270 C.
1091 3205 1124 3269 O.
1141 3203 1194 3269 vel
1218 3203 1415 3271 determinat
1436 3205 1516 3269 irre

337 3326 540 3412 gularitatcm
561 3347 624 3392 non
642 3328 792 3408 existere,
810 3327 861 3392 vel
880 3327 1061 3394 Ordinariis
1081 3327 1218 3393 consulit
1241 3332 1275 3391 ut
1299 3329 1357 3412 ipsi
1382 3347 1443 3412 pro
1460 3349 1515 3394 suo

336 3452 471 3517 arbitrio
494 3459 527 3518 et
550 3419 756 3522 conscientia,
781 3453 808 3516 si
832 3453 908 3516 satis
932 3453 1080 3517 idoneum
1107 3459 1140 3518 et
1163 3452 1293 3537 dignum
1318 3453 1514 3524 existiment„

336 3585 498 3644 oratorem
530 3599 549 3642 a
580 3599 673 3644 sacro
698 3581 873 3644 ministerio
906 3599 969 3644 non
993 3585 1144 3660 arceant,
1177 3581 1230 3644 rel
1265 3581 1312 3646 ud
1346 3582 1514 3646 cautelam

336 3711 429 3770 curat
453 3711 486 3770 ut
508 3705 711 3790 dispensetur
734 3727 754 3772 a
779 3707 817 3771 u.
834 3705 872 3770 P.
899 3742 916 3754 -
944 3706 1083 3772 Proinde
1100 3707 1176 3770 mihi
1200 3707 1330 3773 videtur
1354 3710 1514 3795 explorati

337 3831 415 3895 iuris
447 3851 526 3902 esse.
553 3833 689 3917 exlege
720 3833 878 3898 canonica
900 3832 1012 3897 adesse
1041 3835 1188 3919 proprias
1212 3841 1244 3900 ct
1267 3855 1364 3900 veras
1389 3839 1513 3922 irregu-

335 3951 479 4017 laritates
504 3973 548 4018 err
571 3952 702 4035 defectu
722 3953 884 4036 corporis,
902 3959 1009 4032 tamen
1033 3973 1097 4017 non
1122 3973 1192 4019 esse
1217 3956 1369 4020 tenatiae
1392 3957 1449 4022 sed
1470 3977 1516 4020 su

335 4078 496 4143 lummodo
518 4073 781 4144 demonstrative
806 4078 1043 4144 determinatas.
1070 4079 1231 4154 Quocirca
1253 4081 1287 4144 in
1306 4080 1439 4150 ,casibus
1463 4102 1514 4168 pe-

335 4202 510 4269 culiaribus
541 4203 645 4268 facilis
675 4203 801 4289 obrepit
831 4203 995 4285 dubitatio,
1019 4225 1061 4270 an
1084 4205 1192 4290 vigeat
1221 4205 1460 4290 irregularitas,
1484 4209 1515 4270 et

335 4330 505 4410 praeterea
528 4324 610 4410 apud
637 4327 721 4409 ipsas
741 4325 794 4391 SS.
816 4325 876 4392 Co.
895 4345 956 4391 non
984 4347 1059 4391 raro
1083 4327 1265 4411 appellatur
1289 4329 1514 4413 irregularitas

335 4469 417 4534 quae
432 4448 621 4532 improprie
637 4446 855 4512 tantummodo
870 4447 945 4512 talis
962 4447 1024 4514 dici
1039 4452 1153 4533 potest.
1170 4449 1383 4515 Nihilominus
1398 4450 1513 4515 adsunt
