3306 5102
312 309 382 376 352
841 331 923 377 rsus
949 331 971 375 1.

312 470 404 518 caus.
419 454 446 527 1,
472 472 502 537 q.
522 453 543 517 7
567 451 620 518 ubi
643 453 788 519 refertur
811 452 947 538 epistola
970 453 1000 519 S.
1019 455 1135 520 Leonis
1152 455 1196 519 M.
1214 453 1399 519 haereticos
1422 475 1492 539 pro

312 578 451 644 hibentis
474 579 514 644 ab
537 579 702 644 ordinibus
721 580 945 665 suscipiendis;
970 586 1003 646 et
1025 581 1252 663 dispensative
1275 581 1495 664 permittentis

313 709 534 788 susceptorum
565 706 765 774 exercitium.
799 706 979 774 Praeterea
1008 705 1125 771 recolit
1156 705 1234 772 duas
1265 707 1494 791 responsiones

312 829 344 894 S.
362 827 477 896 Officii.
495 832 629 895 alteram
654 831 785 896 dietae
803 831 994 899 Nautaca
1017 833 1061 897 ita
1084 851 1272 916 expressam
1296 829 1354 895 sub
1378 829 1491 895 dubio:

315 983 331 1014 «
350 954 406 1021 An
422 957 554 1022 alumni
570 957 788 1043 callepiorum
801 957 1050 1042 pontificalium
1062 957 1122 1042 qui
1138 959 1189 1022 vet
1205 957 1248 1023 ah
1265 957 1398 1022 haeresi
1413 963 1495 1022 sunt

313 1081 465 1146 conuersi
488 1082 538 1146 ael
560 1085 640 1146 sunt
667 1081 913 1148 haereticarum
941 1081 1002 1166 filii
1026 1087 1057 1147 et
1079 1081 1155 1148 idea
1181 1081 1392 1167 irrepulares
1422 1100 1493 1165 qua

311 1204 565 1291 irreputaritate
580 1202 709 1290 (quoad
732 1205 913 1292 appareat)
932 1227 1001 1272 nan
1017 1207 1150 1272 suhtata
1166 1207 1213 1272 ad
1229 1206 1368 1272 ordines
1388 1205 1492 1271 etiam

312 1348 428 1396 sacros
439 1331 591 1412 promati
604 1330 746 1412 fuerunt
770 1338 800 1398 et
818 1337 1075 1416 promerentur,
1092 1353 1176 1397 num
1192 1329 1256 1396 rite
1278 1337 1310 1397 et
1329 1331 1494 1396 canonice

308 1457 461 1537 promoti
474 1455 605 1538 fuerint
619 1463 650 1522 et
669 1463 941 1539 promoveantur
955 1478 1002 1523 an
1016 1477 1097 1525 aero
1112 1456 1323 1542 indipuerint
1348 1461 1379 1520 et
1402 1456 1491 1520 indi-

312 1582 414 1662 peant
426 1576 675 1660 dispensatione
686 1579 729 1645 ah
743 1579 998 1666 irreputaritate
1010 1581 1080 1645 iam
1094 1580 1185 1644 dicta
1199 1599 1216 1642 a
1231 1579 1282 1642 cui
1297 1580 1491 1662 rescriptum

313 1699 389 1766 suit:
418 1721 434 1762 «
452 1703 618 1770 Alumnos
629 1705 825 1786 praedictas
840 1705 1026 1791 indipuisse
1049 1710 1079 1770 et
1094 1704 1319 1786 inposterum
1335 1702 1494 1788 indicere

313 1823 562 1907 dispensatione
585 1828 700 1912 quoad
725 1829 942 1912 praedictam
968 1828 1279 1915 im·eputaritatem;
1299 1827 1492 1910 petentibus

311 1967 391 2016 aera
415 1951 647 2016 relaxandam
677 1953 964 2036 dispensationem
982 1972 1012 2028 »;
1036 1953 1173 2017 alteram
1204 1952 1339 2016 relatam
1364 1953 1398 2016 in
1421 1951 1493 2018 Gol-

311 2071 459 2138 lectanea
483 2073 513 2140 S.
539 2075 571 2140 C.
598 2074 637 2140 de
662 2076 757 2162 Prop.
784 2077 851 2141 Fid.
870 2077 977 2142 datam
999 2095 1019 2140 a
1044 2075 1075 2142 S.
1093 2075 1208 2142 Officio
1232 2076 1287 2141 die
1311 2074 1492 2141 illlecem·

313 2171 382 2265 inis
406 2199 496 2266 1890
519 2201 563 2265 ita
585 2207 788 2286 conceptam:
817 2202 1049 2268 ‹Haereticos
1078 2199 1125 2266 ad
1151 2201 1254 2285 fidem
1288 2200 1491 2266 catholicam

312 2342 489 2390 canaersos
513 2343 554 2390 ac
575 2325 662 2409 filios
685 2327 932 2393 haereticoram
955 2327 1066 2410 quiin
1082 2325 1214 2392 haeresi
1233 2325 1492 2409 persistuntael

312 2448 439 2514 mortui
461 2454 548 2520 sunt.
573 2450 620 2514 ad
643 2451 797 2534 primum
820 2457 852 2518 et
874 2452 1061 2518 secundum
1090 2451 1241 2536 pradum
1263 2468 1331 2532 per
1361 2448 1491 2514 lineam

307 2578 503 2656 paternam.
528 2594 594 2658 per
620 2582 813 2642 maternam
839 2597 919 2645 cera
950 2578 996 2643 ad
1022 2577 1180 2661 primum
1206 2577 1391 2641 dumtaxat
1419 2593 1493 2640 esse

312 2695 521 2783 imputares
536 2700 678 2786 ideoque
693 2702 942 2786 dispensatione
957 2703 1110 2789 indipere
1132 2707 1171 2767 ut
1196 2701 1244 2766 ad
1264 2706 1443 2766 tonsuram
1460 2703 1492 2764 et

312 2824 450 2888 ordines
472 2833 772 2906 promoveantur»
792 2826 846 2914 (l).
874 2829 953 2894 Inda
968 2828 1096 2894 deducit
1118 2826 1158 2891 cl.
1176 2829 1309 2898 Auctor.
1327 2824 1390 2888 hac
1406 2825 1489 2888 irre·

313 2948 485 3032 gularitate
508 2947 602 3032 affici,
623 2970 668 3016 ecc
690 2953 809 3020 delicto
832 2954 989 3034 haeresis,
1014 2953 1198 3017 haereticos
1220 2950 1279 3036 qui
1304 2951 1492 3014 damnatae

312 3079 420 3138 sectae
450 3079 524 3138 suut
554 3075 705 3161 adscripti
730 3077 799 3142 sive
822 3097 841 3142 a
865 3079 1032 3143 nativitate
1060 3079 1129 3142 sive
1153 3097 1195 3142 ex
1218 3075 1352 3161 propria
1383 3074 1490 3158 culpa,

312 3197 372 3262 atsi
394 3199 491 3264 natta
513 3201 634 3267 iudicis
656 3204 820 3268 sententia
840 3204 1082 3301 'intervenerit3
1106 3207 1139 3268 et
1160 3203 1211 3267 his
1233 3205 1388 3266 accenset
1411 3200 1493 3264 alias

312 3321 372 3405 qui
389 3341 457 3404 per
479 3323 600 3391 iudicis
623 3329 822 3391 sententiam
841 3328 1070 3409 persanatitcr
1096 3326 1253 3392 damnati
1282 3326 1429 3407 fuerunt
1451 3322 1492 3387 de

312 3447 449 3520 haeresi,
475 3451 656 3533 schismate,
680 3456 839 3538 apostasia
863 3455 923 3520 etsi
945 3455 992 3519 cd
1014 3454 1168 3538 aliquam
1191 3451 1264 3518 iam
1287 3451 1488 3518 existentem

312 3577 437 3638 sectam
461 3575 674 3650 haereticam,
699 3577 948 3644 schismaticam
978 3579 1030 3644 vet
1061 3579 1108 3644 ad
1135 3576 1304 3642 ethnicam
1335 3575 1490 3659 aliquam

312 3698 583 3778 superstitionem
605 3719 675 3767 nou
699 3702 906 3767 transierint.
933 3738 950 3751 -
976 3703 1066 3768 Alios
1089 3706 1195 3769 autem
1225 3700 1413 3765 haereticos
1436 3717 1490 3763 ax·

312 3826 423 3887 ternos
453 3825 512 3890 sed
543 3845 613 3892 non
640 3827 820 3894 damnatos
850 3847 913 3894 nec
938 3828 1169 3910 personaliter
1199 3845 1261 3892 nec
1282 3826 1320 3890 in
1340 3823 1491 3908 propria

312 3952 402 4012 secta
424 3950 492 4014 sive
515 3950 659 4016 occultos
674 3953 742 4016 sive
766 3951 909 4037 publicos
925 3959 1015 4039 putat
1031 3973 1095 4018 non
1110 3972 1182 4018 esse
1201 3949 1406 4036 irregulares
1429 3947 1488 4011 nisi

402 4143 441 4214 (l)
461 4142 486 4196 S.
507 4143 592 4215 Cong.
606 4145 632 4198 S.
646 4146 695 4199 Off.
715 4149 816 4202 iterum
836 4149 1011 4202 confirmavit
1024 4147 1096 4202 hanc
1115 4146 1322 4216 responsionem
1335 4145 1382 4198 die
1401 4143 1491 4197 sre-

314 4266 423 4318 hruarii
436 4263 523 4317 1898.
544 4261 704 4316 Huiusmodi
724 4259 914 4331 quaestionem
933 4259 984 4310 sub
1004 4259 1131 4325 respectu
1144 4250 1364 4321 irregularitatis
1377 4247 1488 4304 diremit

313 4399 423 4454 quoque
437 4381 462 4435 S.
476 4380 562 4448 Coug.
574 4374 691 4430 Consilii
705 4373 734 4427 in
748 4372 873 4425 Romans
888 4367 956 4424 1718
975 4367 1021 4422 die
1039 4366 1076 4418 21
1094 4364 1171 4419 Maii.
1189 4358 1258 4414 Vide
1276 4357 1350 4428 apud
1365 4354 1489 4418 Richter,

315 4483 727 4554 mmffiwu
