3302 5100
608 355 814 404 annnosrum
839 355 888 402 111.
1272 337 1339 404 563

158 480 206 534 uel
230 480 389 536 earumdem
415 479 609 534 adnotationes
632 477 678 533 vel
704 477 918 532 commentarios
942 477 1119 546 imprimunt,
1139 481 1188 532 aut
1214 477 1336 546 imprimi

158 585 276 651 iaciunt,
295 583 497 653 inciduntipso
516 585 590 636 facto
608 583 638 636 in
656 582 973 638 excommunicationem
992 582 1096 637 nemini
1116 587 1294 636 reservatam.

250 689 293 742 49.
312 687 365 750 Qui
379 703 444 744 uero
457 692 551 743 cetera
563 687 728 757 transgressi
747 687 861 753 fuerint,
874 703 945 760 quae
958 685 1002 742 his
1016 687 1141 742 Decretis
1154 687 1338 743 Generalibus

160 799 377 868 *praecipiuntun
388 813 437 865 pro
455 796 564 851 diversa
582 800 678 851 reatus
696 797 835 866 gravitate
854 797 927 852 serio
946 798 980 851 ab
1000 797 1136 868 Episcopo
1155 804 1339 864 moneantn1·;

157 911 197 976 et,
215 906 238 960 si
257 908 444 976 opportunum
461 903 609 972 videbitur,
628 905 770 958 canonicis
788 904 874 959 etiam
893 904 989 974 poenis
1008 909 1197 960 coerceantur.

251 1225 415 1280 Praesentes
436 1240 503 1279 vero
527 1223 637 1278 litteras
665 1227 694 1278 et
721 1240 912 1294 quaecumque
939 1224 967 1276 in
996 1223 1064 1292 ipsis
1091 1221 1230 1278 habentur
1262 1224 1340 1279 nullo

160 1348 292 1402 umquam
305 1336 429 1401 tempore
448 1332 481 1386 de
500 1330 687 1399 subreptionis
705 1335 754 1383 aut
771 1327 943 1398 obreptionis
962 1327 1020 1384 sive
1040 1329 1204 1384 intentionis
1221 1329 1340 1384 Nostrae

161 1435 230 1488 vitio
248 1435 340 1491 aliove
359 1436 456 1507 quovis
474 1434 584 1490 defectu
597 1433 689 1488 notari
703 1432 747 1488 vel
760 1433 918 1502 impugnari
933 1448 1027 1502 posse;
1046 1432 1093 1486 sed
1110 1447 1219 1503 semper
1232 1433 1340 1487 validas

158 1545 191 1596 st
209 1542 238 1595 in
256 1558 306 1595 suo
325 1543 423 1596 robore
439 1543 500 1603 fore
519 1546 548 1595 et
566 1557 635 1604 esse,
649 1545 732 1610 atque
751 1541 786 1593 ab
806 1540 933 1594 omnibus
946 1539 1067 1594 cuiusvis
1080 1539 1182 1610 gradus
1194 1545 1223 1594 et
1241 1557 1340 1610 praee·

159 1649 313 1704 minentiae
332 1646 534 1702 inviolabiliter
552 1648 581 1700 in
600 1646 702 1700 iudicio
721 1651 749 1700 et
768 1651 848 1701 extra
867 1647 1008 1700 observari
1028 1645 1137 1713 debere,
1150 1647 1342 1712 decernimus,

160 1756 270 1810 irritum
290 1772 399 1827 quoque
418 1762 447 1810 et
467 1756 548 1810 inane
567 1755 590 1808 si
610 1771 689 1809 secus
708 1771 790 1824 super
809 1754 881 1808 hisa
895 1771 1042 1826 quoquam,
1057 1755 1154 1825 quavis
1171 1756 1340 1811 auctoritate

160 1861 207 1916 vel
233 1866 396 1930 praetextu,
421 1861 542 1915 scienter
566 1859 611 1915 vel
637 1861 798 1930 ignoranter
821 1861 972 1930 contigerit
996 1861 1131 1915 attentari
1156 1860 1340 1926 declarantes,

160 1967 311 2021 contrariis
330 1983 386 2020 non
405 1966 580 2020 obstantibus
600 1965 827 2036 quibuscumque.

253 2072 388 2127 Volumus
417 2077 511 2128 autem
537 2078 568 2126 ut
591 2072 689 2126 harum
715 2073 873 2128 litterarum
898 2073 1050 2143 exemplis,
1076 2075 1160 2128 etiam
1190 2075 1342 2145 impressis,

160 2197 245 2234 manu
266 2185 358 2234 tamen
377 2179 487 2233 Notarii
506 2179 669 2248 subscriptis
682 2184 711 2234 et
724 2197 773 2249 per
792 2180 975 2234 constitutum
994 2180 1023 2234 in
1043 2180 1233 2234 ecclesiastica
1252 2182 1342 2251 digni-

161 2292 220 2342 tate
239 2287 329 2340 virum
348 2285 442 2356 sigillo
461 2286 584 2350 munitis,
597 2285 693 2340 eadem
712 2285 849 2340 habeatur
869 2286 944 2350 fides,
958 2303 1030 2357 quae
1049 2285 1168 2341 Nostrae
1187 2287 1342 2342 voluntatis

160 2390 360 2460 significationi
380 2389 423 2442 his
443 2388 635 2458 praesentibus
654 2389 773 2442 ostensis
791 2387 949 2444 haberetur.

251 2495 329 2550 Nulli
359 2511 426 2565 ergo
451 2495 594 2549 hominum
620 2495 705 2549 liceat
728 2493 799 2549 hanc
825 2497 954 2564 paginam
980 2497 1098 2552 Nostrae
1124 2498 1342 2562 constitutionis,

159 2599 358 2666 ordinationis,
379 2600 568 2666 limitationis,
587 2600 785 2670 derogationis,
804 2601 955 2656 voluntatis
974 2602 1143 2672 infringere,
1162 2602 1205 2658 vel
1227 2605 1253 2658 ei
1272 2621 1341 2658 ausu

162 2707 311 2760 temerario
331 2707 478 2761 contraire.
497 2705 578 2760 -Si
598 2707 660 2776 quis
678 2711 772 2761 autem
792 2704 843 2761 hoc
862 2711 1003 2762 attentare
1023 2710 1249 2778 praesumpserit,
1269 2710 1341 2762 indi-

162 2815 323 2880 gnationem
337 2812 540 2882 Omnipotentis
554 2813 603 2868 Dei
622 2817 650 2869 et
669 2815 815 2868 beatorum
828 2814 905 2868 Petri
925 2819 953 2869 et
972 2814 1053 2868 Pauli
1073 2814 1261 2885 apostolorum
1281 2818 1342 2870 eius

160 2937 191 2973 se
211 2920 320 2974 noverit
338 2921 521 2974 incursurum.

252 3026 352 3080 Datum
373 3027 486 3094 Romae,
499 3027 571 3097 apud
590 3026 722 3082 Sanctum
737 3028 858 3096 Petrum,
872 3045 945 3082 anno
963 3029 1166 3083 iucarnationis
1180 3029 1341 3085 Dominicae

160 3132 310 3189 millesimo
328 3135 562 3205 octingentesimo
581 3137 761 3206 nonagesimo
780 3137 907 3206 septime,
922 3135 983 3190 VllI
1002 3137 1143 3193 Kalendas
1163 3139 1339 3204 Februarias,

163 3239 346 3295 Pontificatus
365 3241 458 3295 Nostri
478 3242 585 3296 decimo
605 3258 685 3297 nono.

600 3440 633 3492 Α.
654 3438 740 3494 Canu.
762 3440 900 3495 MACOHl

965 3567 998 3620 A.
1019 3567 1129 3634 Parcior,
1149 3568 1342 3623 Sabdatarius.
