3266 5102
527 314 571 362 nu
597 315 753 362 punieris
778 315 821 362 nr
844 314 964 362 roanrs
1270 291 1336 357 103

143 442 304 521 possunt,
328 441 366 502 ut
392 439 452 521 qui
485 436 721 520 contrafaciat,
741 436 932 519 puniatur:
955 433 980 502 3
1010 439 1137 520 quaest.
1163 433 1195 506 4,
1220 434 1337 500 nultus

149 567 210 627 etc.
229 597 248 608 -
268 563 403 648 Argum.
434 567 565 626 contra:
590 559 682 628 Dicit
713 561 768 626 lex
792 559 875 644 quod
903 559 1111 624 interdictum
1144 578 1211 624 non
1242 557 1337 624 durat

147 688 238 754 ultra
267 688 520 754 iurisdictionem
544 688 777 762 interdicentis,
808 689 827 752 l.
852 689 912 753 nli.
934 689 970 770 ff.
995 687 1037 753 de
1056 705 1156 770 poen.
1182 690 1241 752 etc.
1260 707 1290 748 r.

242 811 297 878 Ex
321 832 383 896 quo
406 818 497 878 textu
521 813 615 898 plura
638 811 825 878 deducenda
848 817 922 876 sunt
945 811 1052 897 magni
1076 811 1239 896 ponderis.

246 939 277 1022 1)
301 941 460 1026 Tempore
484 939 641 1004 editarum
657 937 889 1006 collectionum
906 937 1123 1003 Decretalium
1140 955 1197 1002 sou
1213 935 1337 1019 epocha

152 1062 293 1128 classica
308 1063 387 1128 iuris
410 1064 567 1134 canonici,
585 1063 811 1130 eornmuniter
826 1060 1055 1144 recipiebatur
1071 1060 1187 1143 opinio
1203 1078 1336 1146 nepans

152 1187 351 1253 huiusmodi
362 1187 522 1271 Episcopi
533 1187 669 1254 deceta
685 1187 735 1252 ael
747 1189 933 1270 praecepta
946 1185 1111 1268 expirare
1122 1184 1194 1250 eius
1205 1187 1335 1252 morte:

152 1333 250 1398 quam
274 1333 475 1378 communem
500 1313 690 1379 sententiam
715 1311 829 1376 recolit
853 1312 948 1375 etiam
974 1310 1090 1376 Glossa
1113 1311 1223 1376 aiens:
1248 1309 1335 1375 sci-

147 1443 214 1519 pta
243 1437 493 1521 Episcoporunu
524 1437 817 1504 anathematizant
838 1439 940 1504 etiarn
959 1443 1037 1522 post
1060 1440 1227 1516 mortem;
1250 1433 1333 1517 quod

153 1559 286 1628 effatum
318 1563 509 1628 adamussim
533 1564 686 1649 exprimit
708 1583 823 1630 veram
850 1565 1043 1628 sententiam
1070 1567 1149 1626 tunc
1172 1561 1334 1646 vigentem

155 1687 189 1750 in
222 1685 296 1752 foro
327 1689 560 1760 eeclesiastico,
587 1709 700 1774 nempe
730 1690 881 1774 Episcopi
912 1687 1043 1753 decreta
1074 1705 1131 1752 seu
1160 1688 1335 1769 praecepta

151 1811 277 1894 scripta
308 1831 366 1876 seu
393 1811 610 1894 aequivalenti
643 1810 745 1892 modo,
769 1809 809 1876 ab
834 1812 903 1875 eius
929 1809 1020 1874 ouria
1052 1807 1146 1879 edita,
1171 1827 1231 1892 pro
1262 1805 1334 1870 foro

151 1937 293 1996 externo
316 1931 391 2013 lata,
418 1934 563 2022 quamuis
585 1955 683 1999 unum
708 1934 906 2020 singularem
930 1932 1057 1999 fidelem
1081 1934 1264 2016 respicient,
1282 1931 1336 1995 du·

148 2074 229 2118 rare
253 2055 349 2119 etiam
373 2054 514 2120 resoluta
537 2057 765 2142 praecipientis
786 2047 1006 2122 auctor-itata

240 2177 275 2263 2)
301 2176 363 2243 Sed
387 2185 451 2243 tam
470 2179 599 2264 vulgari
623 2187 655 2245 et
679 2181 814 2264 sapienti
831 2177 929 2244 effato
947 2180 1061 2246 Glossa
1075 2177 1222 2264 opponit:
1248 2177 1335 2244 Dicit

149 2303 218 2374 leto,
243 2321 359 2386 nempe
383 2323 526 2384 romana,
548 2307 587 2388 ff.
612 2307 672 2370 ult.
696 2303 751 2370 De
770 2304 913 2388 poenis;
937 2305 988 2369 cui
1018 2304 1198 2368 sententiae
1223 2302 1334 2366 innixa

149 2428 267 2494 Glossa
282 2427 453 2494 confirmat
469 2429 705 2496 distinctionem
723 2451 787 2495 non
804 2429 1030 2516 multopridem
1047 2429 1262 2494 introductam
1276 2429 1334 2516 (l),

147 2552 239 2617 inter
262 2554 380 2638 lopun,
405 2559 436 2618 et
463 2559 686 2637 praeceptum
718 2575 775 2620 seu
806 2557 979 2622 decretum
1010 2555 1145 2640 quadarn
1177 2554 1334 2640 peculiari

146 2695 247 2740 causa
270 2676 323 2740 rel
347 2675 473 2742 cuidam
497 2678 652 2762 peculiari
685 2681 747 2744 civi
780 2677 1017 2744 denunciatum.
1042 2681 1164 2744 Toxius
1195 2677 1334 2743 celebris

146 2819 304 2865 romanae
337 2801 420 2887 legis
444 2803 501 2868 ult.
529 2805 564 2886 ff.
594 2801 648 2868 De
676 2823 778 2887 poen.
805 2805 850 2868 ita
878 2825 913 2869 se
944 2802 1060 2870 habet:
1089 2825 1107 2866 a
1137 2801 1331 2885 Imperator

144 2924 343 2991 Antoninus
367 2927 507 2992 Aurelio
532 2927 682 2994 Atiliano
717 2927 912 3011 rescripsit:
935 2929 1080 2994 Praeses
1109 2928 1203 2992 ultro
1226 2927 1333 2992 adnn-

144 3049 360 3117 nistrutionis
392 3070 475 3118 suae
510 3057 642 3136 tempus
675 3051 877 3118 interdicere
911 3053 1031 3124 alicui,
1063 3057 1138 3116 orte
1171 3071 1235 3117 suu
1269 3051 1328 3126 uti,

144 3193 217 3240 non
235 3179 395 3256 potest».
421 3173 549 3239 Exinde
572 3175 707 3240 inolevit
734 3173 897 3240 distinctio
924 3175 1008 3260 apud
1032 3175 1179 3242 Glossam
1202 3181 1236 3242 et
1259 3173 1333 3238 dein

144 3296 231 3383 apud
256 3298 447 3362 Canonistas
473 3297 563 3365 inter
586 3301 693 3386 tepern
724 3304 757 3364 et
787 3299 1004 3365 interdictum
1028 3319 1085 3364 seu
1108 3303 1333 3382 praeceptum

144 3423 357 3508 particulare,
383 3442 465 3507 quae
488 3423 649 3490 distinctio
679 3423 760 3488 adeo
793 3425 905 3510 urgeri
929 3426 1034 3510 coepit
1063 3431 1108 3498 ut,
1133 3424 1223 3490 nulla
1246 3423 1333 3488 lacta

144 3547 361 3622 distinctione,
387 3550 570 3634 praeceptis
597 3551 648 3615 vis
671 3523 872 3614 tribueretur
903 3550 1121 3615 tantummodo
1144 3550 1184 3614 ad
1207 3555 1332 3634 tempus

143 3693 208 3758 quo
239 3675 368 3760 vigeret
399 3674 631 3760 praecipientis
662 3677 848 3740 auctoritas.
874 3675 936 3740 Sed
967 3675 1030 3740 hoo
1058 3677 1250 3760 principium
1286 3673 1332 3739 ita

234 3884 274 3956 (l)
294 3884 402 3940 Revera
434 3887 464 3940 D.
495 3887 616 3941 Thomas
643 3891 672 3940 in
703 3889 726 3953 1,
743 3889 772 3952 2,
791 3897 844 3941 art.
866 3887 907 3940 90
928 3905 953 3957 q.
980 3888 1046 3953 108,
1075 3887 1212 3942 disserens
1239 3887 1272 3940 de
1289 3886 1332 3940 le·

144 3991 228 4061 gibrm
253 3993 346 4061 prouti
372 3997 438 4048 eunt
463 3995 574 4049 externi
592 3995 737 4066 regiminis
755 3995 846 4050 media
866 4013 1017 4067 numquam
1036 3995 1184 4066 distinguit
1205 3995 1296 4065 legem
1316 4011 1333 4048 a

144 4105 311 4169 praecepta·
331 4102 387 4156 imo
412 4101 490 4172 leges
517 4102 650 4171 positivae
675 4107 757 4158 vocet
779 4114 932 4175 praecepto
957 4108 986 4159 et
1010 4101 1158 4174 distinguit
1183 4105 1331 4172 praecepta

144 4222 301 4262 supremum
321 4225 370 4264 seu
390 4209 518 4264 ordinata
536 4209 571 4263 ad
590 4214 733 4264 externam
753 4213 1001 4281 gubernationem,
1020 4228 1037 4264 a
1062 4211 1217 4282 praeceptis
1236 4228 1331 4265 mora·

144 4313 219 4368 lr'bus
237 4331 310 4386 quae
330 4331 385 4369 non
405 4315 536 4370 iubentur
555 4315 650 4387 aliquo
669 4317 790 4388 positivo
809 4318 870 4373 iure
890 4317 935 4374 vel
962 4317 1056 4372 diuino
1079 4317 1123 4373 vel
1139 4315 1274 4371 humano:
1294 4321 1330 4388 cs.

144 4421 163 4472 1.
183 4437 206 4474 c.
226 4421 337 4490 4104.
