3266 5102
335 265 397 330 124
852 284 936 331 runs
961 284 982 330 1.

332 407 364 470 in
389 407 460 472 foro
484 413 516 472 et
532 406 670 487 scholis,
696 407 794 473 veluti
821 410 966 472 taxativa
989 408 1151 473 distinctio
1184 409 1351 492 utriusque
1371 407 1445 486 fori,
1479 407 1515 470 in

332 531 472 596 fontibus
495 531 581 596 iuris
604 534 684 598 noui
707 553 771 596 non
796 533 1021 618 reperiantur;
1047 532 1103 598 sed
1126 532 1211 618 apud
1234 533 1391 597 Doctores
1407 533 1515 618 primo

331 654 589 720 adinveniuntur.
615 658 698 721 Item
720 657 753 720 in
777 655 1008 722 Decretalibus
1032 677 1098 722 non
1121 655 1156 722 lit
1178 676 1335 742 expressa
1350 655 1515 720 distinctio

330 779 531 844 diversorum
557 799 733 864 poenarum
765 801 921 865 generum
950 780 1006 846 sed
1037 782 1155 866 passim
1186 782 1314 845 nomine
1346 798 1515 845 canuerae

331 899 650 984 comprehenduntur
673 900 821 966 diversae
844 921 985 987 poenae;
1010 902 1066 967 sed
1086 907 1257 983 euastata,
1274 903 1376 988 magis
1394 901 1426 964 in
1442 902 1514 966 dies

330 1025 582 1116 perficiebantur
609 1029 756 1094 notiones
788 1029 953 1093 iuridicae.
986 1029 1117 1093 Revera
1149 1029 1357 1093 Innocentius
1382 1029 1431 1093 ΙΙΙ
1456 1029 1513 1112 qui

331 1169 416 1214 anno
442 1150 529 1214 1200
552 1151 589 1216 in
613 1171 639 1217 c.
657 1151 700 1216 13
718 1187 735 1200 -
753 1153 784 1216 Χ
801 1151 855 1218 De
877 1151 1013 1219 iudiciis
1029 1187 1047 1200 ·
1066 1151 1122 1238 (ΙΙ,
1150 1152 1181 1236 1)
1204 1172 1322 1216 nomen
1346 1169 1515 1216 censurae

330 1281 548 1360 assumpserat
571 1297 630 1361 pro
654 1297 855 1361 quacumque
878 1297 999 1362 poena,
1024 1277 1106 1342 idem
1131 1275 1224 1341 Pont.
1255 1277 1320 1340 vim
1351 1293 1514 1340 censurae

331 1403 516 1486 expressius
529 1401 676 1467 distinxit
688 1403 725 1466 in
742 1422 817 1485 cap.
831 1403 894 1480 20,
909 1401 966 1468 De
987 1404 1080 1470 Verb.
1094 1402 1210 1490 sipnif.
1222 1401 1329 1488 (anno
1343 1399 1451 1486 1214),
1465 1403 1512 1466 ita

331 1524 538 1610 respondens,
559 1526 735 1590 sciscitanti
756 1545 922 1591 censurae
938 1526 1190 1592 Ecclesiasticus
1208 1527 1353 1590 valorem
1372 1545 1390 1588 a
1406 1524 1511 1596 Quae·

330 1651 420 1714 renti
442 1650 526 1733 quid
547 1669 611 1733 per
634 1669 815 1716 censuram
835 1652 1106 1719 Ecclesiasticam
1129 1653 1248 1720 debean
1269 1653 1413 1740 inteltipi
1431 1671 1512 1718 curn

256 1810 258 1814 -
334 1770 530 1837 huiusmodi
552 1774 742 1840 clausulam
766 1774 803 1838 ia
826 1775 951 1842 nostris
975 1775 1093 1842 litteris
1119 1775 1343 1859 apponimus,
1369 1793 1511 1857 respon-

330 1897 450 1964 demus
472 1899 565 1984 quoa
583 1918 650 1982 per
674 1918 750 1964 eum
765 1919 836 1965 non
859 1901 969 1966 solum
992 1900 1172 1974 interdicti,
1196 1901 1256 1966 sect
1278 1899 1512 1982 suspensionis

330 2028 363 2088 et
384 2025 750 2091 encommunicationis
773 2026 938 2091 sententia
969 2027 1057 2092 valet
1086 2025 1239 2113 intellipi,
1262 2030 1301 2090 ut
1328 2025 1436 2090 iudea
1458 2023 1510 2089 di-

328 2153 457 2214 scretus
477 2169 595 2214 rerum
619 2155 651 2214 et
669 2169 903 2233 personarum
927 2149 1190 2216 circumstantiis
1212 2148 1397 2234 induentis,
1416 2147 1513 2230 serat

329 2288 433 2353 quam
459 2271 571 2356 mapis
601 2271 722 2336 viderit
753 2271 916 2354 eapedire
933 2293 962 2335 u.
987 2271 1031 2336 At
1055 2273 1222 2356 responsio
1251 2267 1419 2334 Pontificis
1443 2289 1510 2333 non

328 2399 442 2478 aperte
472 2395 576 2457 innuit
607 2393 763 2477 quomodo
794 2413 959 2461 censurae
995 2393 1234 2480 distinguantur
1265 2414 1285 2458 a
1311 2393 1443 2477 poenis,
1476 2399 1512 2458 et

328 2535 450 2582 morem
474 2518 626 2602 exprimit
649 2519 799 2602 antiquae
829 2518 1025 2604 disciplinae.
1051 2519 1101 2584 Ab
1124 2518 1282 2583 hodierna
1305 2519 1390 2582 enim
1414 2517 1512 2582 disci-

328 2641 415 2726 plina
439 2646 488 2708 est
517 2643 646 2706 omnino
677 2643 817 2708 alienum
846 2642 928 2726 quod
961 2642 1057 2708 alicui
1088 2643 1320 2708 comminemur
1348 2659 1512 2706 censurae

323 2787 475 2852 poenum
498 2767 786 2842 indiscriminatim,
811 2767 867 2834 sed
891 2767 1001 2834 sedulo
1025 2768 1175 2834 distincta
1199 2766 1422 2832 decernuntur
1453 2771 1514 2833 aut

327 2894 513 2978 suspensio,
538 2899 593 2958 aut
617 2893 843 2963 interdictum,
860 2885 924 2960 'aut
948 2894 1266 2968 excommunicatio,
1291 2893 1408 2978 quippe
1435 2910 1513 2957 cen-

328 3037 405 3082 sura
428 3016 566 3080 habetur
589 3017 634 3080 uti
667 3035 770 3102 genus
797 3016 994 3081 abstractum
1018 3015 1107 3080 etin
1131 3036 1189 3080 usu
1217 3015 1353 3080 veniunt
1384 3019 1512 3079 tantum

329 3149 397 3209 tres
409 3145 533 3227 species
547 3160 758 3206 censurarum
772 3161 850 3226 quas
863 3143 966 3207 innuit
979 3143 1187 3208 Innocentius
1210 3140 1272 3212 Ill,
1297 3141 1333 3205 in
1357 3140 1410 3206 cit.
1431 3159 1511 3223 cap.

418 3268 469 3332 81.
495 3270 540 3332 At
562 3286 630 3338 nos,
655 3271 826 3349 antequam
850 3267 890 3330 de
914 3265 1082 3350 speciebus
1105 3265 1309 3336 disseramus,
1330 3263 1454 3348 aliquid
1476 3263 1511 3328 in

328 3411 448 3478 genere
472 3391 669 3456 innuendum
694 3397 752 3458 est.
778 3393 809 3459 Si
834 3413 904 3457 rem
928 3413 948 3456 a
971 3413 1028 3458 sua
1051 3393 1177 3477 origine
1200 3395 1394 3476 repetamus,
1420 3409 1511 3455 com-

328 3519 479 3603 perimus,
504 3536 621 3580 uomen
645 3536 805 3581 censurae
821 3522 854 3582 et
877 3517 1017 3582 indolem
1039 3516 1218 3582 Ecclesiam
1235 3519 1414 3581 mutuatam
1438 3533 1512 3579 esse

328 3663 348 3706 a
372 3643 516 3708 Romana
540 3641 718 3728 Republica
747 3643 838 3708 cuius
861 3643 895 3705 in
919 3643 1042 3728 gremio
1074 3643 1219 3726 quamvis
1246 3639 1411 3705 atrocibus
1435 3657 1511 3704 exa·

328 3769 427 3852 gitata
438 3765 701 3834 insectationibus
716 3765 907 3848 adoleverit,
920 3767 1025 3830 nihilo
1041 3767 1144 3832 secius
1161 3767 1229 3831 eius
1244 3764 1414 3830 iuridicam
1430 3785 1510 3850 pru-

328 3890 468 3956 dentiam
490 3908 555 3953 non
579 3887 709 3954 erubuit
731 3889 860 3960 imitari,
886 3889 932 3953 uti
956 3889 1074 3953 Lucius
1099 3888 1148 3952 lll
1172 3888 1293 3952 fatetur
1317 3906 1392 3970 cap.
1410 3888 1438 3952 Ι.
1456 3885 1512 3954 De

327 4030 403 4075 noa.
429 4029 482 4094 op.
507 4031 609 4077 nunc.
634 4013 666 4076 X
690 4009 744 4096 (V,
770 4011 835 4096 32).
861 4011 955 4097 Apud
980 4013 1149 4084 Romanos,
1168 4011 1326 4076 Censores
1342 4012 1510 4078 constituti

328 4140 423 4199 erant
455 4136 508 4217 qui
538 4133 665 4218 publica
696 4137 889 4199 auctoritate
920 4154 1028 4200 mores
1058 4136 1176 4199 civium
1205 4133 1451 4219 exprobrabant
1476 4139 1511 4198 et

329 4259 500 4324 inurebant
522 4264 639 4325 notam
663 4259 892 4345 ipnominiae;
917 4265 950 4324 et
973 4267 1147 4345 praeterea
1170 4259 1293 4325 nobiles
1316 4260 1407 4326 viros
1424 4263 1510 4344 equi·

328 4386 377 4446 tes
400 4387 432 4446 et
455 4387 631 4458 senatores,
649 4403 668 4448 e
683 4401 745 4449 suo
768 4384 883 4470 prada
898 4381 1069 4448 deluebant
1084 4383 1111 4447 si
1127 4383 1212 4448 forte
1227 4381 1349 4466 aliquid
1365 4380 1510 4447 admisis-
