3296 5108
343 281 411 346 428
867 299 950 346 raas
974 301 997 346 1.

432 425 508 490 340.
532 424 583 490 Ad
607 428 671 490 rim
694 425 892 511 pensandam
925 425 1020 492 huius
1045 426 1152 492 Const.
1177 425 1377 492 considerari
1405 424 1523 490 debent

339 569 381 614 ea
397 549 498 614 verba
513 549 627 634 quibus
643 549 815 615 abolentur
831 555 945 616 vetera
968 555 1088 617 statuta
1111 557 1144 616 et
1159 553 1208 616 ius
1225 571 1343 616 novum
1359 551 1523 616 constitni-

339 679 413 748 tur;
437 673 589 739 nimirum
615 673 703 740 «Ea
718 674 871 758 (Decreta
886 675 1073 757 Gener-alia)
1097 675 1167 739 cim
1190 675 1274 760 lepis
1297 673 1422 742 babere
1441 693 1524 740 sona
1626 759 1627 764 ἵ

341 802 498 866 colamus
528 798 700 886 europaeis
724 797 863 886 &pulis
894 805 956 866 etc.
973 821 1004 865 ›.
1030 800 1140 874 Quare
1171 800 1254 866 haec
1284 802 1359 867 eota
1383 801 1524 865 Decreta

340 943 421 1008 prae
443 922 544 988 oculis
567 923 716 988 habenda
739 925 871 990 suntin
895 923 1149 989 determinandis
1171 924 1306 1010 singulis
1330 925 1480 990 Decretis
1504 957 1522 974 ·
1626 935 1627 940 ’

341 1047 504 1115 Videlicet
520 1050 546 1114 si
563 1049 646 1114 idem
663 1048 844 1115 Decretum
860 1049 1066 1114 contineatur
1082 1051 1115 1114 in
1132 1050 1236 1114 veteri
1261 1049 1524 1130 Statuto,ta1nen
1626 1059 1627 1086 ³

340 1173 537 1240 attendenda
560 1179 635 1242 sunt
657 1173 875 1239 tantummodo
892 1175 994 1240 verba
1017 1176 1131 1260 quibus
1154 1174 1321 1243 decretum
1337 1177 1524 1261 concipitur

339 1307 373 1364 et
397 1299 503 1365 editur
532 1301 566 1364 in
594 1299 657 1364 hac
684 1296 794 1366 Const.
821 1333 839 1348 ·
864 1299 914 1364 Ea
943 1305 1060 1368 contra
1090 1303 1122 1366 in
1146 1301 1255 1367 Oonst.
1279 1303 1396 1384 Apost.
1424 1300 1523 1366 Sedis
1626 1287 1627 1322 ³

343 1423 420 1487 Pius
444 1423 494 1487 IX
528 1419 560 1486 in
595 1421 784 1487 coercendis
821 1429 853 1488 et
886 1421 1062 1488 limitandis
1092 1425 1245 1490 censuris
1276 1425 1297 1488 t.
1319 1444 1359 1499 s,
1389 1425 1523 1508 reliquit

339 1546 461 1610 intacta
484 1551 597 1610 vetera
620 1543 747 1611 Statuta
770 1550 928 1628 quatenus
950 1544 1032 1609 alias
1054 1564 1175 1630 poenas
1198 1546 1252 1610 vel
1276 1564 1436 1610 censuras
1459 1546 1520 1610 ier.

337 1673 420 1734 sent.
449 1666 657 1734 continebant
686 1674 719 1734 et
749 1667 850 1733 edixit
880 1687 973 1752 posse
1005 1669 1150 1734 invocari
1181 1674 1296 1734 vetera
1326 1673 1466 1750 statuta,
1496 1671 1522 1734 si

336 1793 575 1859 conveniebant
598 1813 671 1860 cnm
695 1814 780 1858 nova
804 1793 1055 1861 decoratione.
1081 1829 1099 1842 -
1125 1793 1188 1860 Sed
1211 1796 1244 1859 in
1267 1801 1381 1862 nostra
1407 1796 1521 1862 Consi.

340 1917 607 2002 ‹Officiomma
634 1918 773 1984 Decreta
796 1919 908 2003 vigent
930 1919 1150 1984 tantirmmodo
1170 1919 1203 1984 in
1226 1939 1324 1984 sensu
1347 1925 1380 1984 et
1403 1927 1521 1986 exten·
1626 1953 1627 2016 p

337 2043 430 2107 sione
453 2060 550 2125 quam
572 2041 693 2107 habent
716 2042 748 2107 in
772 2041 883 2108 eadem
907 2041 1015 2109 Const.
1040 2062 1080 2107 ac
1103 2045 1129 2110 si
1154 2042 1247 2108 modo
1269 2045 1410 2128 primum
1435 2042 1521 2109 edita
1626 2021 1627 2080 l

337 2168 411 2231 sint.
437 2165 485 2231 cf.
511 2165 699 2230 Pennaccbi
723 2167 744 2231 l.
770 2185 798 2230 c.
818 2185 855 2250 p.
880 2165 939 2230 26.

427 2292 471 2354 At
492 2286 696 2356 admitterem
711 2292 1001 2373 temperamentum
1028 2309 1050 2353 a
1065 2291 1210 2356 Gennari
1227 2291 1248 2356 t.
1265 2311 1293 2357 c.
1306 2311 1342 2375 p.
1361 2291 1403 2358 18
1426 2293 1520 2358 inro-

336 2417 454 2485 catum
479 2430 594 2497 nempe
617 2415 731 2476 vetera
754 2411 894 2476 Decreta
916 2412 1017 2476 recoli
1040 2431 1135 2497 possa
1158 2413 1205 2478 uti
1236 2413 1389 2480 medium
1411 2416 1520 2481 inter·-

333 2537 535 2622 pretationis
557 2557 615 2603 sen
638 2537 678 2602 ad
703 2536 933 2602 declarandum
956 2537 1145 2624 pecuinam
1168 2557 1306 2605 sensum
1329 2539 1518 2606 verborum.

337 2663 410 2729 Hoc
432 2661 646 2748 persuadetur
667 2659 707 2727 ab
732 2681 771 2726 ea
793 2663 1004 2728 continuitate
1028 2668 1061 2728 et
1084 2663 1226 2728 naturali
1242 2664 1427 2730 evolutione
1444 2685 1521 2730 con·

333 2785 496 2853 servanda
519 2788 552 2852 in
575 2785 719 2852 iuridicis
744 2786 907 2852 institutis.
933 2785 980 2852 cf.
1005 2787 1239 2852 Vermeersch.
1262 2789 1284 2853 t.
1309 2807 1336 2853 c.
1356 2807 1442 2874 pap.
1468 2786 1520 2854 32

333 2915 390 2997 qui
413 2912 530 2978 recolit
552 2912 679 2978 litteras
704 2946 722 2961 ·
748 2911 916 2978 Redditae
937 2910 1035 2978 nobis
1052 2947 1069 2960 -
1095 2911 1216 2977 Bened.
1241 2913 1335 2978 XlV.

425 3037 500 3102 341.
528 3036 598 3102 Hoc
622 3037 789 3100 criterium
813 3037 920 3100 statim
944 3037 1143 3101 nanciscitur
1166 3037 1345 3122 practicam
1372 3036 1518 3121 applica-

332 3164 455 3228 tionem
479 3163 512 3225 in
536 3162 681 3244 sequenti
704 3158 908 3244 quaestione;
932 3157 1090 3244 quomodo
1106 3178 1223 3244 nempe
1245 3158 1385 3245 intelligi
1401 3159 1520 3226 debeat

334 3283 473 3369 simplex
495 3280 662 3348 decretum
686 3281 920 3368 prohibitionis.
937 3281 1089 3368 Exempli
1112 3301 1220 3364 causa,
1245 3285 1349 3366 caput
1372 3281 1395 3346 Ι
1414 3281 1519 3348 buius

338 3409 449 3476 Coust.
474 3407 678 3473 inscribitur:
703 3405 757 3473 De
775 3405 956 3490 prohibitis
979 3411 1226 3490 apostatarum,
1252 3405 1517 3480 heraeticorum,
1626 3383 1627 3462 l

332 3532 670 3599 schismaticorum...
695 3531 812 3614 tibrim
835 3567 850 3580 ·
873 3532 1043 3616 quaeritur
1065 3535 1173 3597 antem
1197 3529 1274 3616 quid
1296 3532 1516 3603 contineatur,

333 3660 367 3723 in
383 3659 455 3724 iure
470 3677 564 3730 novo,
581 3656 640 3722 sub
656 3656 793 3742 simplici
809 3655 941 3722 decreto
957 3655 1192 3742 prohibitionis.
1210 3656 1353 3742 Antiqua
1368 3656 1404 3723 in
1420 3656 1517 3723 disci·

333 3890 411 3944 tioue
428 3887 534 3942 factum
553 3887 639 3942 tuisse
657 3889 776 3950 constat,
794 3883 847 3940 hoc
865 3887 951 3941 etiem
969 3887 999 3940 in
1012 3867 1160 3955 “posterum
1173 3887 1208 3939 ab
1221 3902 1256 3940 aa
1273 3888 1380 3942 servari
1399 3905 1518 3960 magno·

334 4011 400 4065 pare
418 3997 554 4064 optamus,
574 3999 606 4048 nt
624 3993 733 4064 qnando
753 4009 797 4047 res
816 3993 853 4046 sit
871 3993 904 4048 de
929 3999 1043 4048 auctore
1067 3991 1207 4047 catholico
1232 3992 1326 4064 aliqua
1345 3996 1470 4050 nominis
1487 4001 1517 4050 et

333 4101 497 4158 meritorum
522 4102 597 4154 sama
621 4098 724 4153 illustri
750 4097 865 4168 eiusque
893 4113 970 4167 opus,
996 4097 1115 4167 demptis
1140 4097 1291 4162 demendis,
1316 4099 1346 4153 in
1369 4099 1515 4169 publicum

331 4209 462 4278 prodesse
481 4225 561 4278 posse
579 4207 768 4276 dignoscatur,
779 4205 824 4261 vel
837 4210 980 4260 auctorem
993 4205 1084 4274 ipsum
1101 4221 1180 4258 suam
1198 4221 1311 4260 causam
1330 4205 1406 4260 tueri
1420 4205 1516 4262 rolen-

333 4321 390 4370 tem
408 4315 505 4369 audiat
522 4313 570 4368 val
589 4330 674 4367 unum
693 4329 728 4368 ex
747 4312 958 4366 Consultoribus
971 4301 1099 4382 designet
1111 4313 1159 4384 qni
1173 4329 1209 4367 ec
1223 4311 1311 4383 officio
1328 4312 1407 4382 operi
1421 4317 1516 4383 patrm·

328 4421 437 4476 ciuium
455 4417 697 4487 defensionemque
716 4415 851 4486 suscipiat
863 4430 888 4473 a.
