3296 5108
540 328 583 374 aa
608 326 762 373 osascms
786 327 829 373 aa
853 327 971 376 cosma
1278 309 1345 376 439

168 448 251 531 quod
273 448 357 514 idem
381 455 439 522 est,
470 451 547 515 isias
574 449 693 516 debere
725 450 852 518 referre
872 451 1043 518 Ecclesiae
1073 452 1280 518 traditionem
1311 459 1344 520 et

168 592 367 639 communem
390 595 531 642 sensum.
558 611 575 626 -
609 576 791 662 Vipitantia
813 597 894 643 vero
911 577 1146 663 Episcoporum
1169 584 1345 645 exercetur

167 717 241 763 cum
268 717 333 763 non
361 701 550 784 permittunt
574 700 625 766 edi
646 701 801 767 eiusmodi
824 702 992 768 versiones
1015 703 1085 768 sine
1109 721 1168 767 sua
1189 702 1344 788 approba·

168 824 263 889 tione.
288 825 385 891 Notat
407 825 645 892 Vermeerschs
669 827 689 891 t.
715 847 742 892 c.
761 846 799 910 p.
825 827 872 892 76
898 828 989 892 «Em
1011 846 1077 894 usu
1099 827 1172 892 iana
1197 833 1342 912 recepto,
1382 917 1386 924 Ι

167 949 286 1014 settene
309 950 404 1032 apscct
419 970 490 1026 nos,
508 950 667 1018 uidentur
690 957 803 1018 tanen
827 951 926 1018 bodie
948 953 1062 1020 adbuc
1071 953 1227 1036 permitti
1241 929 1344 1036 posse

168 1071 338 1156 quaedam
358 1079 477 1156 portes
502 1075 576 1140 sine
605 1075 757 1140 scholiis:
781 1095 811 1140 o.
835 1095 866 1161 p.
893 1075 978 1142 tiber
1006 1075 1140 1150 Tobiae,
1173 1076 1343 1160 epistotae,

168 1195 344 1279 eounpetic
374 1195 458 1262 anni
489 1215 577 1282 quoe
605 1197 739 1285 passim
773 1198 810 1263 in
844 1199 1061 1288 Encbotopiis
1091 1197 1294 1266 ecbibentnr
1309 1219 1342 1264 ›.

168 1316 403 1385 Subscsibimua
425 1320 502 1385 huic
524 1323 703 1388 sententiae
726 1327 760 1388 at
781 1321 989 1398 advertimus,
1007 1325 1066 1390 hos
1088 1322 1189 1389 libros
1210 1323 1342 1390 edinen

168 1462 262 1528 posse
277 1443 316 1509 ob
333 1444 464 1531 regulas
487 1444 601 1511 deinde
615 1447 834 1534 explicandas,
851 1449 921 1513 sine
944 1448 1175 1535 approbatione
1191 1450 1342 1535 Episcopi

167 1569 221 1652 qui
236 1569 417 1636 huiusmodi
433 1570 533 1636 libros
547 1572 729 1658 prohibebit
744 1591 906 1658 conpresso
919 1574 1051 1642 decreto
1066 1575 1093 1639 si
1108 1574 1159 1639 isti
1176 1571 1343 1639 erroribus

167 1689 388 1761 inficerentur.

259 1822 297 1885 ln
319 1821 383 1888 hoc
406 1822 543 1890 articulo
576 1822 681 1888 relata
703 1828 753 1888 est
780 1823 910 1908 antiqua
939 1823 1108 1908 disciplina
1138 1843 1181 1908 ex
1212 1823 1344 1890 decreto

167 1946 198 2011 S.
223 1946 323 2033 Cong.
348 1947 467 2014 Indicis
490 1913 532 2012 17
556 1949 632 2014 Iun.
656 1947 747 2014 1857
770 1953 802 2014 ei
824 1947 845 2010 7
869 1948 945 2013 Ian.
970 1946 1061 2014 1836
1084 1947 1168 2014 unde
1192 1953 1344 2016 correcta

165 2068 275 2134 fuerat
297 2069 422 2155 Regula
446 2069 494 2134 IV
519 2069 646 2134 Indicis.
672 2069 719 2136 cf.
744 2070 785 2138 cl.
811 2071 953 2136 Gennari
973 2091 1009 2154 p.
1034 2069 1087 2137 31.

257 2194 431 2260 Articutns
454 2194 476 2256 8
499 2194 532 2258 in
556 2197 660 2259 veteri
683 2193 851 2281 disciplina
874 2214 938 2259 non
962 2196 1135 2280 reperitur,
1159 2193 1216 2261 sed
1242 2193 1342 2260 Bibli-

166 2338 222 2384 cas
245 2319 422 2385 societates
441 2339 506 2384 non
528 2319 628 2384 semel
653 2319 847 2386 damnarunt
870 2319 924 2386 SS.
943 2317 1126 2394 Pontifices,
1144 2325 1177 2386 et
1199 2321 1344 2404 apposita

166 2444 358 2510 documenta
379 2445 445 2509 tate
469 2443 572 2510 refert
595 2445 634 2509 ci.
660 2445 847 2509 Pennaccbi
868 2463 903 2527 p.
928 2444 984 2510 67.
1056 2525 1060 2536 ι
1162 2463 1173 2482 ·

528 2748 550 2829 5
575 2747 605 2810 4.
630 2746 679 2813 De
703 2745 798 2812 tibris
821 2747 977 2813 obscenis,

456 2923 506 2964 Huc
525 2921 615 2966 referat.
631 2927 701 2977 caput
716 2923 766 2977 1v.‚
780 2923 816 2965 tit.
832 2923 851 2966 1.
866 2923 899 2965 ita
912 2923 1051 2977 inscriptam.

165 3087 382 3174 Summarium.
402 3145 435 3159 -
455 3117 515 3172 357.
537 3117 667 3172 Refertur
684 3127 738 3171 art.
759 3117 785 3170 9.
805 3145 839 3160 -
859 3115 920 3172 358.
940 3117 1145 3171 Commentaiio
1163 3123 1197 3158 -'
1216 3116 1276 3172 359.
1295 3136 1341 3171 cr·

256 3227 298 3279 tic.
319 3226 364 3278 10·
384 3253 420 3266 -
438 3225 500 3279 360.
523 3223 735 3279 Commentatio.

255 3441 329 3506 357.
354 3442 439 3506 Aac.
460 3439 491 3504 9.
517 3439 611 3505 Libri
635 3440 695 3524 qni
717 3458 772 3504 res
796 3439 940 3506 lascivas
953 3459 1013 3506 sen
1029 3439 1189 3506 obscenos
1204 3459 1249 3505 eoo
1260 3459 1341 3524 pro·

163 3565 251 3646 sesso
277 3570 431 3637 tractent,
456 3569 605 3629 noscant
628 3571 686 3628 aut
710 3563 829 3630 docent
852 3584 930 3630 cuin
952 3583 1023 3630 non
1046 3565 1156 3630 sotum
1179 3564 1258 3650 fidei
1280 3566 1341 3630 sed

164 3695 196 3754 et
218 3709 353 3754 morunt
378 3689 437 3772 qni
461 3689 653 3755 huiusmodi
678 3687 843 3754 librorum
867 3688 1006 3754 tectione
1031 3687 1133 3770 facite
1164 3689 1340 3772 connmpi

163 3813 278 3885 solent,
303 3811 391 3878 ratio
416 3812 571 3878 babendo
594 3813 645 3892 sit,
669 3813 806 3879 omnino
828 3811 1061 3894 probibentur.

254 3935 329 4002 358.
355 3935 436 4010 Quia
459 3956 522 4000 non
547 3941 669 4001 tantum
693 3933 766 4002 fidei
790 3937 845 4002 sed
870 3943 902 4002 et
932 3956 1057 4002 morum
1081 3937 1229 4003 Ecclesia
1260 3943 1341 4002 saia·

164 4062 211 4146 gii
233 4061 409 4127 custodiam
436 4062 559 4127 habere
586 4062 726 4147 vigilem,
752 4066 917 4147 postquam
949 4063 981 4124 in
1013 4061 1085 4126 aliis
1116 4059 1272 4146 capitibus
1299 4061 1340 4126 de

164 4185 231 4270 fide
255 4187 398 4252 tutando
422 4188 498 4272 egit,
526 4186 619 4251 modo
650 4186 689 4251 de
719 4186 864 4252 moribus
892 4186 1041 4254 tutandis
1068 4187 1205 4252 sollicita
1234 4191 1293 4252 est.
1320 4223 1337 4236 -

166 4309 251 4375 Hinc
274 4309 350 4376 libri
369 4310 502 4377 obsceni
525 4309 765 4396 distinguuntur
785 4331 850 4376 non
870 4315 993 4376 mnium
1010 4310 1224 4385 bercoteria,
1243 4330 1341 4395 quan-

165 4443 232 4500 ium
248 4455 293 4502 eoo
308 4437 375 4522 fine
392 4455 485 4521 quem
501 4437 612 4503 soitiri
635 4437 702 4502 nati
722 4442 805 4502 sunt.
823 4437 951 4503 Etenim
968 4455 1007 4502 ea
1022 4455 1104 4520 quae
1121 4436 1167 4502 cd
1182 4455 1341 4504 cennens
