3202 5104
456 342 499 388 nn
524 343 676 390 numeris
701 345 742 389 nr
767 345 887 390 nonnis
1193 323 1259 390 239

95 487 165 531 nem
187 472 324 550 onerat,·
347 467 406 533 sed
429 473 561 534 tantum
578 468 620 533 ab
637 468 744 552 officio
768 474 798 533 et
822 469 865 534 ab
889 469 1184 536 administratione
1208 470 1257 537 be

94 593 195 676 neficii
208 614 239 656 ›.
257 595 298 657 nt
321 594 403 658 ratio
419 599 476 674 est,
498 597 572 678 quia
595 595 689 660 nimis
713 615 814 680 grave
838 601 923 660 esset
947 595 1120 680 prohibere
1144 596 1184 662 eb
1198 597 1258 660 'or-

93 720 209 786 dinibus
225 721 426 796 exercendis‚
451 728 484 787 et
505 721 658 788 reditibus
680 720 826 787 beneficii
845 724 985 807 privare,
1003 723 1064 788 Sed
1085 723 1124 788 ob
1140 723 1256 788 bonum

92 847 259 930 publicum,
284 869 341 912 seu
365 867 402 912 eo
426 847 510 932 quod
534 868 597 912 non
620 847 734 914 deceat
756 868 851 913 sacra
873 849 1010 926 tractari
1035 848 1074 913 ab
1100 869 1137 912 eo
1162 869 1256 932 quem

92 973 136 1036 vel
160 972 284 1056 publica
308 973 392 1037 fama
417 972 583 1058 exprobat,
600 974 651 1037 vel
673 977 768 1058 urget
791 974 936 1038 criminis
952 972 1069 1058 publici
1094 976 1256 1040 accusatio

92 1093 273 1159 iudicialiter
297 1097 449 1175 instituta,
474 1115 552 1160 sane
575 1115 639 1160 non
664 1100 712 1160 est
735 1096 841 1160 aliena
864 1116 883 1159 a
907 1096 1109 1180 providentia
1137 1099 1255 1182 episco-

93 1220 163 1302 palis
186 1221 351 1306 regiminis
375 1220 529 1286 eiusmodi
552 1222 719 1306 suspensio
743 1221 789 1286 ad
813 1222 980 1287 cautelam
986 1243 1000 1304 ‚·
1023 1243 1094 1308 arg.
1119 1245 1145 1286 c.
1164 1243 1192 1288 c.
1213 1223 1257 1288 26

92 1344 134 1408 lle
155 1351 311 1418 accusat,
336 1346 370 1410 X
389 1343 444 1430 (V,
472 1345 508 1428 Ι),
534 1352 566 1409 et
591 1346 633 1410 10
657 1345 707 1410 De
725 1365 829 1431 purp.
855 1365 940 1420 can„
966 1346 1000 1410 X
1021 1346 1075 1428 (V,
1101 1346 1165 1434 34).

173 1471 243 1537 162.
270 1473 318 1536 Ee
340 1475 389 1536 vis
420 1479 469 1538 est
498 1474 715 1557 suspensionis
747 1472 790 1538 ab
820 1473 928 1557 officio
961 1479 995 1538 ut
1026 1475 1050 1538 si
1084 1495 1255 1560 suspensus

91 1594 174 1676 plura
195 1595 314 1659 habeat
337 1593 450 1667 officia,
468 1595 507 1661 ab
524 1595 671 1661 omnibus
693 1596 873 1682 prohibitus
890 1603 1078 1672 censeatur;
1105 1599 1164 1664 nisi
1182 1619 1256 1662 sen-

90 1723 179 1786 tentia
201 1725 421 1807 suspensionis
445 1743 601 1808 expresse
618 1722 731 1792 edicat,
750 1725 991 1808 suspensionem
1015 1722 1146 1790 afficere
1167 1724 1262 1789 dnm--

89 1847 169 1907 taxat
192 1849 316 1908 certum
341 1845 588 1908 determinatum
615 1843 772 1914 officium.
796 1845 901 1929 pronti
927 1851 1062 1909 cavetur
1086 1846 1118 1909 in
1144 1852 1255 1909 extra-

90 1970 208 2049 vaganti
234 2002 253 2013 -
279 1966 486 2033 Ambitiosne
518 2003 535 2014 -
569 1967 618 2033 De
648 1967 716 2032 reb.
741 1969 866 2033 Eccles.
896 1967 1009 2048 alien,
1036 2005 1053 2016 -
1082 1988 1144 2051 qua
1175 1968 1257 2032 male

89 2088 223 2155 alienans
243 2112 260 2152 ‹
278 2093 307 2156 si
326 2111 392 2174 per
414 2111 476 2156 seco
500 2113 630 2158 menses
655 2093 850 2159 immediate
874 2099 1048 2178 sequentes
1067 2093 1129 2159 sub
1152 2095 1255 2160 inter-

89 2214 165 2280 dicto
183 2217 409 2284 huiusmodi...
426 2217 541 2284 animo
563 2219 834 2300 perseveraverit
850 2220 1022 2294 indurato,
1039 2220 1147 2301 lapsis
1159 2227 1256 2287 men·

88 2339 169 2406 sibus
191 2343 320 2408 eisdem
348 2342 555 2428 erepimine
585 2350 617 2408 et
648 2343 944 2410 administratione
975 2365 1057 2410 suae
1089 2347 1257 2411 Ecclesiae

90 2465 131 2528 tet
153 2467 352 2532 moreasterii
375 2467 430 2533 cui
452 2469 624 2550 praesidet
646 2469 683 2532 in
708 2469 942 2552 spiritualibus
958 2475 991 2534 et
1014 2470 1257 2552 temporalibus

87 2591 122 2653 sit
144 2611 179 2658 eo
202 2594 278 2675 ipso
295 2613 478 2676 susspensus
496 2615 525 2658 ›.
544 2595 634 2668 Quae
650 2598 815 2680 suspensio
832 2596 874 2662 ab
890 2597 997 2680 afflato
1014 2603 1063 2662 est
1083 2598 1255 2683 peculiaris

87 2716 161 2798 quod
190 2715 232 2780 ed
266 2725 395 2783 certum
426 2720 582 2804 officium.
619 2757 634 2766 -
668 2721 699 2786 Si
731 2722 877 2787 limitatio
909 2741 972 2786 non
1005 2723 1045 2786 sit
1076 2742 1253 2806 expresse,

87 2841 246 2923 suspensio
277 2861 312 2904 se
344 2843 481 2926 porrigit
511 2842 552 2906 ad
584 2861 803 2927 quaecumque
835 2841 950 2908 officia.
976 2843 1037 2910 Sed
1070 2845 1256 2927 quaeritur;

86 2979 123 3023 an
145 2964 238 3027 etiam
263 2963 303 3028 ad
332 2983 564 3048 quaecumque
595 2963 686 3028 locat
712 2967 752 3032 Et
776 2967 801 3028 si
829 2971 944 3051 agatur
976 2966 1015 3030 de
1047 2969 1256 3051 suspensione
1343 3045 1349 3056 Α

86 3083 124 3150 ab
146 3087 275 3168 ordine,
292 3089 413 3153 nullum
438 3088 566 3155 dubium
584 3089 710 3165 subest;
736 3088 898 3174 prohibita
922 3093 1006 3154 enim
1031 3093 1183 3176 legitime,
1201 3111 1257 3156 sen

85 3209 119 3272 ab
142 3232 178 3276 eo
202 3215 256 3296 qui
282 3215 329 3278 ius
354 3214 459 3284 habet.
485 3234 504 3278 a
527 3236 584 3280 suo
609 3237 678 3296 usu,
696 3221 852 3300 potestate
872 3216 1004 3286 ordinis,
1026 3237 1084 3301 pro
1109 3217 1255 3283 omnibus

84 3335 155 3401 locis
179 3337 342 3422 prohibita
366 3340 572 3425 intelligitur,
598 3343 672 3424 quia
696 3343 836 3426 pertinet
867 3339 909 3406 ad
939 3347 1066 3406 statum
1097 3362 1254 3426 personae

85 3462 189 3529 elerici
207 3470 239 3529 et
255 3485 337 3548 quae
353 3472 479 3532 statum
495 3465 638 3532 afficiunt
654 3487 875 3551 personarum,
890 3485 1060 3552 personam
1078 3473 1254 3551 sequuntur

85 3585 192 3670 ubique
217 3595 383 3654 terrarum
409 3587 463 3674 (l).
492 3625 508 3636 -
538 3591 748 3655 Nihilominus
774 3591 952 3675 Episcopus
976 3591 1070 3672 valet,
1096 3609 1255 3672 empresse

83 3711 215 3786 edicens,
232 3713 374 3777 limitare
390 3714 629 3796 suspensionem
655 3712 697 3779 ab
721 3713 842 3780 ordine
858 3711 962 3796 quoad
987 3717 1111 3776 certum
1135 3713 1250 3777 locum.

166 3947 206 4016 (ll
229 3948 335 4000 Statum
354 3963 532 4016 personarum
556 3948 729 4001 constituunt
752 3964 785 4000 ea
805 3948 866 3999 inre
891 3963 962 4016 quae
988 3947 1094 4000 incinunt
1114 3948 1250 4001 ele-ticum

82 4055 250 4118 reputarem,
263 4055 358 4107 ciuem
374 4053 454 4108 Unde
473 4052 518 4106 hic
537 4063 624 4107 status
644 4069 698 4105 non
718 4053 897 4106 constituitur
917 4053 968 4104 nisi
989 4069 1005 4105 a
1024 4051 1084 4106 iure
1104 4056 1251 4106 communi.

82 4159 167 4218 Quare
185 4161 251 4214 dum
271 4161 313 4213 ius
331 4177 477 4215 commune
497 4161 643 4229 permittit,
663 4177 712 4228 per
730 4160 851 4214 remedia
872 4160 1006 4229 poenalia,
1028 4163 1117 4212 status
1136 4158 1254 4214 diminu-

81 4263 190 4331 tionem,
210 4264 278 4319 heec
297 4282 442 4334 personam
462 4267 587 4335 seqnitur
607 4267 707 4335 ubique
727 4265 858 4319 locorum.
873 4295 888 4305 -
902 4263 1050 4332 Suspensio
1064 4265 1153 4333 quoad
1166 4283 1253 4318 unum

83 4367 170 4421 locum
188 4385 243 4424 non
261 4371 346 4425 efficit
363 4381 465 4424 statum
485 4387 625 4440 personae.
646 4399 658 4410 -
679 4371 706 4423 ld
727 4371 811 4425 etiam
826 4371 959 4423 statuitur
979 4369 1006 4421 in
1027 4367 1167 4420 codicibus
1188 4367 1255 4420 civi·

81 4477 159 4543 libus,
179 4478 266 4534 veluti
284 4481 312 4535 in
325 4481 468 4550 Repetam.
491 4479 673 4551 Greportmia
693 4484 710 4544 5
732 4482 762 4540 5.
777 4509 791 4520 -
809 4479 872 4535 Cod,
895 4479 946 4534 αὐ.
968 4477 1042 4544 ltet,
1065 4479 1101 4544 6,·
1122 4477 1209 4542 Gatt,
1228 4477 1257 4528 3.
