3266 5102
503 320 548 367 us
573 319 728 368 osu1cr1s
752 317 794 367 sn
817 319 938 367 rosnrs
1247 302 1307 367 161

125 461 151 509 α
165 444 244 510 iare
267 465 326 510 eae
349 444 501 510 dicuntur
524 465 614 548 quae
623 443 784 542 ,spQul
787 463 858 536 per
877 443 1004 509 modum
1027 444 1110 530 legis
1133 446 1311 512 eommunis

119 532 713 654 madusius
727 590 788 656 per
803 570 975 656 specialem
998 569 1183 636 mandatum
1199 569 1311 636 iudicis

122 667 187 759 seu
210 675 271 779 per
292 695 465 780 specialem
488 697 691 776 sententiam,
708 695 859 778 dicuntur
875 694 918 770 ob
934 695 1078 764 homine.
1097 729 1115 744 -
1134 696 1188 760 lus
1203 699 1311 760 autem

124 797 336 906 dispensandi
360 822 414 887 vel
436 795 729 906 absoiiebdi'quod
752 823 875 896 attinet,
899 843 1023 909 poenae
1046 843 1067 888 a
1088 822 1165 889 iure
1186 822 1242 888 sed
1264 822 1312 906 fe

124 943 261 1010 rendae
293 946 478 1012 sententiae
502 947 534 1011 in
558 966 616 1012 sua
647 945 839 1012 executione
872 945 1056 1032 pendente
1080 946 1211 1032 speciali
1242 965 1312 1011 sen·

125 1070 231 1134 tentia
255 1071 402 1138 bominis
425 1091 483 1138 seu
505 1071 649 1156 iudicis;
672 1071 880 1156 quamobrem
904 1071 982 1136 illud
1008 1073 1202 1157 principium
1218 1071 1311 1136 illias

125 1196 176 1257 cst
200 1193 332 1259 solvere
363 1194 459 1260 cuius
482 1199 530 1260 est
553 1193 674 1282 lipare,
698 1193 799 1261 efficit
820 1200 856 1260 ut
877 1213 1001 1280 poenae
1031 1193 1142 1259 taliter
1164 1215 1184 1258 a
1207 1193 1311 1259 iudice

126 1319 296 1404 irrogatae
319 1339 378 1404 per
401 1321 594 1385 sententiam
629 1319 953 1393 condemnatoriam,
983 1319 1131 1402 praevia
1156 1318 1311 1386 iudiciali

126 1443 331 1528 capnitione,
356 1464 421 1510 non
434 1444 602 1510 dumtaxat
624 1445 784 1531 pendente
807 1444 947 1510 iudiciali
964 1465 1119 1530 processu
1141 1443 1310 1510 sedetiam

126 1572 242 1650 postea
256 1589 352 1653 qnam
367 1572 527 1636 sententia
540 1571 669 1656 plenam
681 1589 744 1638 nec
759 1569 895 1656 amplius
907 1576 1148 1636 controversam
1161 1568 1312 1634 habuerit

127 1695 365 1770 executionem,
382 1694 423 1760 ab
440 1715 478 1760 eo
494 1697 549 1779 qui
560 1695 682 1781 legavit
695 1695 881 1783 lepitimam
893 1695 1082 1760 solutionem
1096 1700 1248 1780 repetere
1260 1693 1311 1758 de-

125 1815 237 1892 beant,
263 1819 389 1904 quando
412 1823 473 1886 ista
497 1821 568 1887 dari
592 1825 697 1906 queat,
718 1823 826 1907 prouti
842 1822 1006 1887 ordinario
1022 1821 1094 1886 iure
1110 1820 1266 1904 contingit
1277 1820 1310 1882 in

125 1945 286 2009 censuris.
304 1979 323 1993 -
342 1945 433 2011 Haec
456 1945 702 2020 animadversio,
726 1947 759 2010 ni
783 1945 889 2020 fallor,
914 1951 963 2011 est
977 1944 1120 2010 maximi
1147 1943 1309 2029 ponderis,

123 2071 161 2130 at
185 2067 269 2152 apud
292 2071 475 2134 canonistas
509 2090 624 2154 parum
655 2074 712 2135 aut
742 2068 824 2133 nihil
854 2068 1017 2154 explicata
1040 2072 1106 2144 est;
1131 2066 1215 2151 quod
1244 2086 1310 2130 non

122 2192 324 2259 mediocrem
349 2194 570 2260 confusionem
594 2201 627 2260 et
650 2194 880 2260 obscuritatem
904 2195 998 2279 parit.
1018 2194 1125 2258 Porro
1149 2208 1310 2277 poenaea

123 2315 207 2384 iure
221 2319 289 2383 sive
306 2319 326 2382 l.
342 2339 370 2384 s.
387 2316 496 2401 sives.
513 2339 539 2384 s.
557 2318 662 2403 quoad
682 2337 794 2383 earum
818 2317 1077 2382 constitutionem
1101 2319 1177 2381 sunt
1199 2333 1310 2380 omnes

124 2465 231 2528 aeque
254 2463 277 2509 a
299 2444 376 2509 iure
405 2443 445 2508 ad
470 2445 572 2508 instar
594 2444 693 2528 legis;
718 2440 774 2508 sed
806 2461 929 2527 poenae
955 2441 981 2525 f.
1005 2462 1030 2508 s.
1057 2439 1161 2526 quoad
1189 2459 1310 2505 execu-

124 2573 247 2636 tionem
271 2565 354 2634 fiunt
374 2587 499 2654 poenae
526 2567 570 2634 ab
597 2567 734 2635 bomine
761 2567 801 2631 ob
829 2567 1019 2633 sententiam
1047 2566 1162 2632 iudicis
1185 2565 1310 2632 cande·

123 2693 348 2760 mactatam.
384 2692 494 2767 Quare
519 2692 752 2758 absolutionem
780 2691 864 2775 quod
887 2693 1013 2763 attinet,
1043 2711 1165 2776 poenae
1188 2710 1208 2754 a
1233 2691 1310 2756 iure

122 2819 152 2903 f.
171 2839 197 2884 s.
216 2821 447 2902 comparantur
462 2817 574 2901 poenis
594 2815 640 2882 ab
656 2816 800 2882 bomine.
826 2813 872 2880 ef.
892 2834 919 2881 c.
936 2815 995 2878 29.
1014 2814 1063 2879 De
1078 2818 1162 2879 seat.
1178 2832 1307 2878 excom.

222 2945 295 3009 110.
320 2943 452 3008 Poenae
476 2961 495 3006 a
518 2943 612 3024 iure,
636 2943 663 3007 si
689 2940 836 3024 proprie
856 2957 992 3023 poenae
1025 2944 1117 3012 sunt,
1141 2957 1207 3002 non
1234 2957 1309 3003 cen·

126 3087 236 3140 surae,
259 3085 326 3156 non
349 3065 575 3151 dispensantur
599 3065 659 3130 nisi
683 3063 722 3128 ab
742 3083 854 3128 earum
875 3061 980 3127 latore
1005 3066 1038 3125 et
1061 3081 1080 3124 a
1104 3078 1307 3132 successore,

124 3191 170 3258 ab
193 3193 263 3256 eius
286 3191 460 3282 Superione
474 3196 516 3286 et
538 3211 558 3254 a
581 3189 738 3274 delegate.
758 3225 775 3237 ·
793 3186 958 3254 Censurae
983 3185 1044 3288 nisi
1068 3203 1223 3270 expresse
1246 3183 1310 3247 sint

124 3321 337 3390 reservatae,
366 3315 597 3380 absolutionem
632 3314 793 3400 recipiunt
819 3313 886 3378 sive
916 3313 949 3376 in
974 3311 1046 3375 foro
1074 3313 1212 3375 externo
1240 3308 1314 3374 sive.

123 3442 161 3504 in
177 3441 307 3503 interno
329 3457 350 3501 a
372 3455 570 3520 quocumque
586 3436 640 3520 qui
656 3435 709 3499 vel
733 3435 766 3498 in
782 3437 921 3517 utroque
935 3431 989 3497 vel
1013 3432 1047 3497 in
1064 3431 1169 3495 altero
1185 3434 1308 3494 tantum

124 3561 377 3647 competentiam
400 3559 507 3624 habet.

219 3681 293 3746 lll.
318 3679 447 3746 Poenae
464 3681 553 3746 latae
569 3677 611 3744 ab
636 3677 776 3759 homine,
795 3675 899 3760 quoad
922 3695 992 3740 rem
1015 3677 1168 3748 nostram,
1190 3671 1308 3758 duplici

123 3804 184 3870 sub
202 3809 335 3889 aspectu
352 3803 566 3889 dispiciendae
582 3807 667 3868 sunt.
682 3837 698 3850 ·
713 3802 805 3866 Aliae
818 3821 876 3886 pro
900 3800 948 3884 rie
966 3803 998 3867 et
1015 3799 1144 3867 omnino
1156 3797 1309 3864 teruntur

121 3931 168 3998 ab
193 3931 339 4003 bomine,
361 3949 483 4016 ¹nempe
506 3930 558 3995 uel
582 3949 641 4016 per
668 3891 795 4013 aliqucnl
824 3929 944 3994 iussum
972 3927 1113 4012 speciale
1136 3930 1192 3990 aut
1218 3944 1308 4010 prae-

121 4061 254 4142 ceptum
269 4056 323 4120 vel
339 4075 398 4141 per
413 4056 585 4141 specialem
609 4057 809 4128 sententiam,
827 4055 1087 4138 quotiescumque
1111 4051 1208 4117 iudex
1224 4050 1308 4116 ordi·

120 4181 237 4247 narius
260 4185 316 4245 aut
338 4179 514 4264 delegatus,
531 4185 565 4245 ut
581 4185 666 4266 puta,
684 4181 849 4260 clericum,
873 4179 1064 4242 auctoritate
1087 4197 1155 4250 sua,
1176 4197 1308 4262 suspen·

121 4309 170 4374 dit
197 4309 268 4373 sive
292 4303 465 4392 infligendo
496 4325 633 4391 poenam
662 4307 793 4391 proprie
824 4304 950 4378 dictam,
975 4305 1043 4370 sive
1072 4323 1243 4370 censuram
1267 4303 1307 4370 ob

122 4435 377 4503 inobedientiam
399 4434 574 4520 oppositam
597 4433 683 4499 illius
706 4433 805 4498 iussui
828 4431 881 4498 vel
905 4436 1087 4517 praecepto,
1112 4430 1211 4496 veluti
1228 4429 1304 4528 ⁴frc-

274 4559 334 4611 Sac.
354 4555 431 4626 Lapa
1132 4552 1160 4606 ll
