3266 5102
262 375 307 442 90
787 391 872 440 raas
898 393 919 438 1.

271 519 390 584 tentius
405 518 459 582 vel
473 518 542 596 has,
559 517 687 603 publica
702 518 896 585 auctoritate
911 514 1058 593 inflictas,
1075 516 1215 584 libenter
1229 515 1351 597 subdit3
1367 521 1449 582 tunc

263 641 425 707 habentur
452 641 700 724 poenitentiae:
730 640 765 724 2)
788 660 885 725 quum
915 638 1106 725 delinquens
1135 641 1280 724 quamvis
1310 658 1449 705 suorum

262 763 474 830 admissorum
497 785 570 830 eum
594 783 658 830 non
682 765 854 850 poeniteat,
879 771 913 830 at
934 785 1000 830 non
1024 763 1227 850 praeseferat
1253 763 1350 828 animi
1367 781 1448 848 per-

260 891 426 965 vicaciam,
443 909 570 974 unaque
583 909 716 974 sperare
733 889 782 954 fas
798 891 847 959 sit,
865 909 938 954 eum
954 890 993 954 ad
1006 889 1173 954 meliorem
1182 888 1310 973 frugem
1322 907 1358 952 se
1370 907 1448 951 con-

261 1034 432 1080 versurum
457 1014 531 1078 tore
556 1016 582 1079 si
606 1035 626 1078 a
648 1015 792 1100 legitima
816 1016 1008 1080 auctoritate
1023 1014 1063 1080 de
1079 1034 1136 1079 suo
1152 1011 1257 1077 officio
1273 1015 1449 1078 moneatur

261 1141 294 1201 et
318 1135 475 1200 severiori
499 1133 780 1200 animadversione
802 1135 973 1220 plectatur,
997 1134 1051 1199 rel
1074 1135 1100 1198 si
1124 1134 1194 1218 quis
1217 1133 1279 1196 iam
1297 1132 1331 1196 iu
1347 1151 1385 1196 eo
1402 1131 1448 1196 sit

262 1265 298 1326 ut
320 1261 354 1325 in
377 1280 478 1346 grave
507 1258 637 1324 labatur
668 1259 819 1324 delictum
848 1260 909 1326 nisi
940 1279 975 1324 se
1002 1257 1150 1322 retrahat
1172 1276 1193 1320 a
1215 1255 1353 1340 quodam
1376 1273 1445 1320 uon

262 1393 352 1452 recto
376 1388 498 1458 semite,
523 1391 601 1452 tunc
624 1361 819 1452 adhibentur
835 1405 1000 1452 aeramnae
1031 1405 1114 1470 quae
1144 1385 1261 1450 exinde
1290 1383 1445 1449 dicuntur

259 1533 384 1599 poenae
407 1513 635 1593 medicinam,
669 1513 785 1598 quippe
814 1533 895 1597 quae
919 1512 1073 1578 directius
1104 1519 1221 1578 curant
1242 1511 1296 1577 vel
1320 1509 1443 1575 mederi

262 1638 453 1703 vulneribus
476 1637 700 1721 delinquentis,
725 1638 777 1703 vel
803 1636 935 1703 efficere
957 1643 993 1704 ut
1016 1636 1162 1703 infirmus
1186 1637 1218 1700 in
1240 1636 1360 1701 lethale
1375 1653 1443 1698 non

262 1762 382 1827 incidat
394 1760 550 1836 morbum;
567 1761 600 1848 3)
614 1761 752 1845 denique
768 1763 793 1826 si
812 1781 876 1825 non
893 1760 984 1827 adest
1000 1763 1032 1826 in
1056 1761 1263 1845 delinquente
1287 1779 1348 1823 nec
1372 1778 1444 1843 pro

261 1887 399 1970 positum
416 1883 571 1950 subeundi
596 1885 810 1971 poenitentias
841 1905 902 1950 nec
928 1905 1001 1971 spes
1024 1884 1109 1950 adsit
1131 1905 1190 1969 per
1213 1902 1369 1949 censuras
1388 1903 1442 1946 re-

132 2095 135 2105 ·
260 2008 399 2074 vocandi
415 2010 622 2073 criminosum
647 2009 679 2071 in
705 2007 855 2082 officium,
873 2027 911 2072 eo
935 2011 1036 2093 magis
1060 2009 1086 2074 si
1111 2010 1173 2073 iam
1197 2009 1357 2073 incassum
1378 2027 1444 2072 ces-

132 2149 140 2175 *
171 2131 173 2138 ’
259 2135 339 2199 serit
362 2153 574 2198 censurarum
598 2153 683 2204 usus,
716 2133 873 2207 Ecclesia,
904 2138 941 2198 ut
963 2133 1076 2198 saltem
1105 2133 1253 2198 consulat
1275 2132 1346 2196 aliis
1369 2128 1444 2196 fide

150 2229 156 2254 l

257 2257 352 2339 libus,
375 2278 544 2323 recursum
568 2257 666 2323 habet
682 2258 723 2323 ad
733 2277 865 2341 poenas
885 2278 967 2343 quae
982 2258 1119 2325 tendunt
1134 2259 1175 2325 ad
1192 2257 1441 2324 restaurandum

259 2383 406 2449 ordinem
430 2388 601 2447 externum
624 2383 763 2447 laesum:
788 2383 870 2448 istae
894 2381 1045 2448 dicuntur
1068 2401 1200 2466 poenae
1214 2382 1442 2449 vindicatioae

261 2528 318 2574 sen
342 2525 464 2591 poenae
483 2507 629 2590 proprie
653 2507 771 2573 dictae.

350 2631 511 2705 Quocirca
524 2633 626 2696 omnis
643 2651 821 2716 poenarum
839 2633 972 2716 species,
990 2651 1087 2716 quum
1104 2632 1443 2717 contineatpublicam

259 2755 571 2821 animadversionem
596 2759 629 2822 in
650 2757 897 2840 delinquentem,
921 2762 971 2823 est
994 2759 1206 2848 exemplaris
1228 2764 1443 2853 et-praeser·

258 2883 377 2948 catria
399 2884 495 2948 etiam
520 2882 625 2965 quoad
649 2883 834 2948 universam
859 2884 1129 2958 communitatem,
1147 2882 1202 2948 sed
1215 2883 1444 2966 poenitentiae

258 3008 291 3068 et
306 3023 472 3071 censurae
496 3011 571 3069 sunt
597 3005 756 3071 directius
780 3005 1032 3081 emendatrices;
1050 3011 1082 3070 et
1098 3004 1295 3071 solummodo
1307 3021 1444 3088 poenae

254 3131 400 3216 proprie
427 3131 537 3200 dictae
567 3136 642 3197 sunt
674 3131 835 3200 directius
866 3132 1081 3214 caemptares
1104 3137 1137 3197 et
1160 3131 1282 3198 ordinis
1303 3127 1442 3196 'spontis

258 3256 527 3330 restauratrices,
552 3262 586 3323 at
609 3257 810 3322 indirectius
833 3256 1026 3341 deliquentis
1052 3257 1317 3338 emendatrices5
1340 3274 1444 3340 quare

259 3379 410 3444 dicuntur
433 3381 670 3448 vindicatioae.

349 3502 444 3568 Haud
464 3525 741 3590 supervacaneum
765 3507 829 3570 erit
852 3507 966 3571 stricte
990 3505 1118 3570 referre
1141 3507 1294 3589 cuiusque
1310 3504 1443 3590 generis

258 3647 435 3712 poenarum
459 3631 631 3704 notionem,
657 3650 715 3715 per
738 3631 888 3714 proprias
905 3627 1119 3695 definitiones.
1140 3631 1360 3694 poenitentiae
1385 3627 1442 3694 de·

259 3747 344 3814 finiri
369 3749 484 3816 solent.
512 3775 530 3814 r
547 3753 701 3818 Aticuius
725 3752 886 3819 laboriosi
902 3753 1012 3839 operis
1027 3753 1256 3838 frequentatio
1273 3751 1316 3820 ab
1332 3751 1443 3830 Eccle-

258 3877 311 3944 sia
333 3879 494 3960 irapasita
517 3879 584 3946 illis
608 3879 667 3963 qui
686 3884 764 3962 post
783 3879 948 3956 ‚delictum
971 3881 1022 3974 cet
1041 3885 1221 3962 peccatura
1240 3877 1440 3952 admissura,

218 4035 220 4041 v
258 4003 376 4068 uoluat
403 4003 528 4072 iterum
560 4002 694 4086 assequi
718 4003 798 4068 iura
821 4021 910 4086 quac
933 4001 1121 4068 annuerunt
1138 3969 1453 4066 ›ss'Fu‘nYe'n't'io'dF

259 4124 383 4192 iuribus
398 4125 524 4190 amissis
537 4129 569 4192 et
581 4125 786 4208 acquirendis
801 4145 913 4190 coram
929 4126 1077 4191 Ecclesia
1089 4147 1146 4191 seu
1158 4128 1190 4190 in
1203 4127 1275 4190 toro
1292 4129 1441 4197 externo,

189 4309 193 4317 .
259 4245 343 4312 unde
365 4249 566 4332 poenitentia
582 4248 645 4312 fori
661 4249 789 4313 externi
813 4248 1055 4314 discriminatur
1078 4248 1118 4313 ab
1142 4249 1206 4312 alia
1228 4248 1293 4312 fori
1309 4245 1441 4327 interni,

259 4371 327 4435 sive
358 4372 558 4456 poenitentia
588 4371 652 4436 fori
684 4373 813 4437 externi
844 4371 944 4437 fuerit
978 4373 1238 4438 sacramentalis
1272 4372 1340 4436 sive
1374 4389 1442 4434 non

259 4491 527 4558 sacramentalis.
552 4527 568 4540 -
587 4489 740 4558 Censura
756 4494 970 4558 communiter
982 4491 1143 4558 definitur.
1165 4492 1314 4558 «Poena
1336 4487 1442 4556 rnedi-
