3266 5102
278 313 322 378 92
799 333 884 380 rans
910 334 932 379 1.

278 452 396 518 olesiae
429 455 628 529 thesaurum,
654 474 827 538 numquam
851 455 1119 531 exhauriendum,
1133 454 1260 520 collata.
1280 455 1456 542 Indulgen-

276 578 341 642 tiae
356 598 435 642 vero
459 579 492 642 in
516 579 664 645 Ecclesia
680 578 918 665 dispensantur,
934 579 1045 646 habita
1067 578 1194 645 ratione
1216 581 1337 644 veteris
1361 579 1456 644 disci-

277 703 384 785 plinae
397 703 679 788 poenitentiariae;
696 703 795 768 veluti
809 723 906 787 quum
923 703 1129 790 Indulgentia
1148 709 1270 790 septem
1295 721 1458 767 annorum

277 829 331 893 vel
358 829 572 916 quadraginta
598 829 723 894 dierum
755 829 953 904 conceditur,
982 837 1133 895 censetur
1156 830 1226 914 quis
1248 849 1309 915 per
1332 833 1458 914 septem

277 974 379 1020 annos
402 959 458 1020 ant
480 977 539 1040 per
563 955 777 1040 quadraginta
793 956 863 1020 dies
878 957 964 1021 inter
980 957 1209 1042 poenitentium
1234 955 1353 1041 gradus
1370 975 1458 1020 man·

278 1080 357 1144 sisse
380 1099 419 1143 ac
446 1081 506 1164 piis
534 1079 822 1147 exercitationibus
847 1080 1055 1156 satisfecisse;
1081 1080 1166 1145 unde
1189 1081 1251 1145 Tit.
1277 1082 1309 1144 in
1327 1081 1458 1145 Decret.

280 1203 378 1288 Greg.
403 1204 452 1267 IX
475 1204 663 1269 inscribitur
689 1203 776 1269 «De
794 1203 1011 1286 poenitentiis
1034 1210 1065 1270 et
1087 1203 1389 1270 remissionibus».

368 1329 420 1393 58.
451 1328 513 1394 Sed
547 1336 719 1413 antequam
750 1331 782 1393 in
815 1331 931 1413 specie,
960 1334 993 1394 et
1015 1349 1075 1414 pro
1106 1329 1201 1413 praxi
1216 1328 1387 1412 loquamur
1418 1327 1459 1392 de

279 1453 390 1536 poenis
419 1459 451 1517 et
479 1456 624 1518 censuris
656 1459 783 1539 oportet
814 1455 902 1518 circa
933 1473 1045 1520 earum
1076 1474 1168 1518 usum
1196 1458 1230 1518 et
1257 1451 1399 1535 effectus,
1425 1455 1458 1518 in

279 1583 479 1642 antecessum
503 1579 623 1663 aliquid
646 1579 825 1665 explanare
842 1579 924 1664 quod
944 1599 1046 1664 aeque
1069 1584 1193 1664 spectat
1217 1579 1258 1644 ad
1281 1599 1402 1665 poenas
1426 1585 1460 1645 et

279 1719 443 1766 censuras.

369 1827 407 1889 In
431 1827 543 1912 primis
566 1827 739 1892 nonnullae
762 1827 959 1892 conditiones
975 1826 1119 1893 afficiunt
1141 1827 1335 1895 abstractam
1353 1837 1385 1896 et
1401 1851 1459 1916 ge-

279 1950 421 2015 nerieam
453 1969 576 2034 poenae
607 1952 778 2024 notionem,
811 1952 945 2023 scilicet,
983 1951 1016 2032 l)
1046 1952 1130 2017 aliae
1157 1954 1400 2038 expostulantes
1423 1957 1460 2018 ut

280 2075 362 2138 haec
384 2075 532 2140 institiae
561 2075 767 2158 respondeat,
792 2075 824 2160 2)
857 2075 940 2140 aliae
964 2075 1171 2142 moderantes
1203 2079 1272 2142 eius
1296 2099 1400 2160 usum,
1425 2077 1460 2164 3)

281 2203 313 2262 et
344 2199 426 2264 aliae
451 2201 519 2264 eius
543 2197 685 2264 allectus.

370 2323 422 2388 59.
449 2325 616 2423 ane
639 2325 680 2406 sit
704 2325 787 2391 iusta
810 2328 938 2408 oportet
964 2324 994 2411 l)
1019 2325 1061 2390 sit
1083 2325 1226 2392 moratis
1256 2325 1290 2409 2)
1314 2327 1355 2392 sit
1381 2345 1461 2408 per·

281 2449 408 2514 sonatis
432 2448 464 2532 3)
489 2454 521 2513 et
541 2449 803 2531 proportionata
829 2449 966 2514 crimini.

370 2569 543 2672 Primnum,¹
564 2571 777 2660 est-moralis
793 2589 907 2655 poena,
924 2571 1050 2654 quando
1066 2573 1240 2657 punitionis
1263 2570 1375 2636 modus
1399 2591 1462 2636 nec

282 2693 322 2758 ad
352 2667 655 2759 actionim‘malam
686 2695 848 2780 pertrahit
871 2714 932 2760 nec
955 2697 988 2759 in
1011 2698 1181 2761 occasione
1208 2695 1364 2782 peccandi
1387 2715 1463 2760 con-

281 2820 392 2884 stituit.

369 2943 567 3009 Praesertim
592 2964 633 3008 ex
657 2943 797 3008 secundo
814 2945 918 3028 capite
935 2949 1020 3010 esset
1035 2944 1212 3010 immoratis
1232 2965 1336 3030 poena
1351 2964 1462 3010 carce

282 3069 328 3132 ris
343 3087 406 3150 qua
429 3064 532 3132 fidelis
555 3071 727 3132 arceretur
750 3087 770 3130 a
793 3086 993 3151 quocumque
1017 3071 1294 3131 sacramentorum
1318 3088 1386 3140 usu,
1405 3071 1463 3132 aut

281 3193 426 3278 personis
449 3193 641 3255 misceretur
663 3191 717 3256 vel
739 3191 875 3256 alterius
897 3211 995 3256 sexus
1010 3192 1064 3256 vel
1087 3191 1127 3256 ad
1147 3192 1248 3256 malos
1263 3211 1372 3257 mores
1387 3193 1463 3256 alli-

282 3314 448 3380 cientibus.

371 3439 526 3504 Sccundo
558 3438 652 3504 debet
682 3460 752 3505 esse
779 3439 973 3540 personalis
1004 3447 1038 3504 ut
1069 3459 1173 3524 poena
1196 3443 1306 3506 teneat
1336 3444 1463 3505 tantum

283 3565 532 3649 delinquentem,
558 3571 590 3630 et
612 3566 742 3650 planum
768 3570 825 3630 est.

372 3691 416 3756 At
438 3691 550 3773 quaeri
574 3695 678 3774 potest
701 3689 858 3774 quomodo
881 3689 1012 3775 probari
1036 3691 1135 3774 possit
1157 3710 1261 3775 poena
1276 3691 1465 3776 publicatio·

282 3818 333 3879 nis
355 3813 513 3879 bonorum
538 3812 708 3900 (confisae)
732 3834 794 3898 qna
817 3811 874 3877 filii
898 3813 1112 3898 delinquentis
1135 3814 1321 3898 plectuntur
1344 3815 1466 3900 gravis-

283 3941 364 4004 sima
390 3959 511 4024 poena,
536 3939 653 4024 quippe
684 3939 736 4003 isti
767 3938 912 4022 paternis
943 3937 1034 4002 bonis
1063 3938 1290 4003 destituuntur.
1317 3974 1335 3987 -
1368 3938 1464 4004 Hanc

285 4079 422 4147 poenam
452 4061 555 4149 ipsum
578 4063 628 4125 ius
652 4061 849 4126 Canonicum
879 4062 1004 4143 statuit,
1029 4081 1103 4144 cup.
1128 4062 1178 4127 19.
1204 4061 1254 4126 De
1285 4061 1409 4126 haeret.
1426 4061 1465 4126 in

285 4187 317 4266 6,
343 4183 397 4268 (V.
421 4185 455 4269 2)
480 4192 512 4251 et
534 4191 705 4271 praeterea
728 4185 969 4249 haereticorum
995 4185 1076 4250 lilios
1099 4185 1264 4273 prohibuit
1287 4185 1326 4250 ab
1350 4183 1465 4251 officiis

283 4309 523 4384 ecclesiasticis;
537 4315 632 4393 atque
645 4329 720 4391 cup,
734 4309 785 4384 17,
800 4309 849 4374 De
866 4307 949 4374 sim.
964 4309 1048 4395 X(V
1065 4309 1098 4394 3)
1110 4310 1230 4375 nullam
1247 4307 1350 4375 edixit
1366 4309 1463 4374 bene-

281 4431 346 4498 ficii
369 4433 573 4498 collationem
596 4453 655 4518 per
678 4433 845 4496 simoniam
870 4431 999 4515 factam,
1025 4435 1122 4498 etiam
1146 4435 1317 4520 ignorante
1341 4433 1465 4498 clerico
