3266 5102
319 303 384 368 180
837 321 922 368 runs
945 321 967 368 r.

316 445 489 548 [Qe-ad-
506 447 683 544 Episcopos
706 443 936 532 suffraganeae.
961 452 1094 534 possunt
1115 445 1285 513 absolvere
1312 449 1437 508 tantum
1462 443 1498 506 in

316 591 392 638 casu
408 572 631 658 appellationis
653 573 833 647 iudicialis,
850 578 906 640 aut
928 572 1209 645 eauaiudiciatia
1227 591 1273 637 aa
1295 570 1348 636 cit.
1366 589 1441 652 cap.
1462 569 1497 632 7.

317 697 347 761 tt.
380 697 429 762 tit.
453 698 491 761 in
521 697 552 762 6.
579 697 703 763 Verum
727 697 790 762 hoc
813 699 897 764 idem
921 701 1019 784 caput
1041 697 1198 782 praecipit
1221 700 1256 759 nt
1279 693 1375 759 iudex
1391 695 1444 777 qui
1464 695 1499 757 iu

316 819 419 905 gradu
443 819 665 904 appellationis
689 825 864 907 cognoscat
886 821 1016 884 omniuo
1031 818 1174 905 legitime
1190 818 1406 903 appellantem
1423 835 1500 881 cen·

316 947 462 1008 suratum
493 943 603 1016 fuisse,
628 943 774 1010 eumdem
805 945 864 1009 etsi
892 963 912 1008 a
942 944 1145 1008 contumacia
1173 943 1237 1005 iam
1268 941 1408 1006 alienum
1436 959 1501 1025 pro

315 1067 514 1134 absolutione
531 1067 703 1134 obtinenda
719 1071 861 1135 remittat
883 1068 922 1132 ad
946 1067 1083 1134 iudicem
1108 1073 1353 1142 censurantam;
1378 1073 1411 1132 et
1434 1067 1501 1131 hoc

317 1193 482 1258 honestius
505 1198 538 1258 et
561 1192 727 1258 decentius
749 1197 799 1259 est
823 1192 863 1258 ad
885 1192 1052 1260 tutandam
1084 1191 1197 1256 iudicis
1229 1191 1393 1256 inferioris
1424 1209 1503 1254 auc-

315 1318 490 1384 toritatem.
517 1317 730 1384 Nihilominus
753 1319 779 1382 si
811 1317 964 1390 absolvat,
989 1317 1145 1383 absolutio
1168 1314 1255 1381 valet
1285 1317 1361 1400 qula
1392 1315 1502 1400 appel-

317 1441 388 1506 lans
412 1444 536 1508 ratIone
559 1443 791 1527 appellationis,
817 1441 958 1508 eiusdem
982 1442 1096 1507 indIcis
1119 1440 1154 1506 Iit
1179 1441 1332 1507 subditus.
1354 1439 1502 1506 Proinde

318 1565 407 1631 nulla
422 1565 560 1631 habetur
576 1569 659 1632 ralla
675 1587 734 1632 cur
750 1565 847 1632 iudex
864 1567 1087 1651 appellationis
1103 1563 1232 1631 differat
1253 1565 1500 1636 absolutionem,

318 1695 374 1755 aut
405 1693 549 1756 remIttat
578 1697 784 1757 censuratum
808 1691 848 1756 ad
871 1691 1010 1756 iudicem
1041 1697 1268 1756 censurantem
1300 1692 1326 1754 si
1360 1709 1503 1754 censura

318 1821 474 1901 appareat
497 1817 601 1880 minus
623 1815 766 1901 legitima
789 1823 822 1882 et
844 1818 949 1882 minus
973 1817 1056 1881 iusta
1079 1815 1131 1880 vel
1156 1815 1380 1901 inopportuna

408 1941 552 2025 Denique
575 1961 617 2005 ne
639 1939 718 2005 ordo
741 1941 898 2006 iudicialis
922 1942 1015 2006 nimis
1040 1941 1182 2026 Implicet
1196 1938 1384 2004 absolvendi
1401 1939 1502 2002 lacul-

317 2069 429 2146 tatem,
453 2069 605 2133 statutum
630 2070 687 2137 ost,
712 2064 796 2149 quod
819 2067 846 2130 si
869 2064 999 2130 dubium
1023 2065 1064 2130 sit
1088 2085 1129 2128 an
1155 2066 1238 2128 insta
1254 2065 1296 2128 sit
1312 2063 1366 2128 uel
1381 2063 1504 2127 iniusta

319 2211 458 2256 censura
480 2192 532 2255 vel
557 2189 686 2255 difficile
709 2191 749 2256 sit
773 2197 979 2256 consumtum
1012 2192 1177 2256 remittere
1200 2188 1240 2254 ad
1270 2192 1502 2253 censurantem

319 2315 353 2378 in
376 2315 480 2398 primo
505 2333 582 2379 casu
605 2314 783 2379 absolvitur
806 2313 852 2379 ad
875 2315 1062 2395 cautelam,·
1077 2315 1110 2377 in
1127 2313 1231 2377 altero
1248 2312 1426 2376 absolvitur
1441 2309 1503 2376 snb

320 2435 485 2510 cautione,
503 2455 598 2519 quam
621 2441 766 2521 praestat
788 2436 952 2502 absolutus
977 2434 1195 2500 satisfaciendi
1221 2432 1327 2499 debito
1352 2432 1445 2496 modo
1471 2437 1505 2495 et

319 2565 465 2646 tempore
489 2563 685 2625 censuranti.
715 2597 730 2610 -
757 2561 848 2626 Haec
872 2567 948 2626 sunt
970 2560 1072 2625 verba
1095 2561 1199 2624 Bonif.
1225 2559 1309 2624 VIII
1333 2559 1367 2621 in
1384 2557 1503 2640 cup?

320 2686 371 2751 De
392 2689 475 2750 sent.
500 2703 554 2750 aa.
578 2685 615 2750 in
639 2687 675 2768 6,·
698 2687 744 2750 ait
765 2688 850 2750 enim
873 2687 895 2768 5
919 2687 950 2752 3.
974 2685 1107 2756 «Quod
1129 2685 1160 2751 si
1183 2684 1365 2756 dubitetur.
1382 2689 1504 2747 utrum

320 2810 409 2877 auu
431 2810 475 2876 sit
496 2812 548 2876 oet
563 2811 690 2876 iniusta
710 2809 876 2894 (censura)
893 2810 1061 2894 Superior
1079 2810 1157 2888 (nisi
1173 2807 1504 2876 eucornmunicatora'

321 2934 467 3020 deferu)
483 2937 647 3001 relocare
660 2935 761 3000 iusta
775 2934 928 3018 sormam
944 2935 1116 3001 Ecclesiae
1126 2939 1238 3018 potest
1251 2935 1367 3000 ittam:
1384 2949 1504 3017 quarn·

322 3079 427 3144 quam
459 3060 629 3126 honestius
660 3066 691 3125 et
721 3059 973 3127 conuenientius
999 3066 1090 3146 apat,
1115 3059 1145 3124 si
1167 3058 1198 3124 ei
1222 3055 1356 3139 deferat
1378 3057 1417 3121 in
1440 3055 1506 3120 hoc

322 3203 413 3251 casu.
452 3185 513 3251 Ubi
543 3191 657 3251 autem
679 3183 859 3270 Superiori
888 3185 1047 3268 competit
1076 3185 1116 3250 dc
1147 3181 1503 3250 eacommuuicatione

323 3329 522 3396 capnoscere
545 3309 706 3377 absolutio
729 3329 789 3376 seu
811 3311 993 3384 reluctatio,
1018 3331 1124 3396 quam
1152 3309 1224 3394 ipse
1250 3309 1380 3391 fecerit,
1405 3313 1501 3380 tenet,

324 3433 399 3500 ticet
419 3432 568 3515 forsitan
583 3433 625 3501 sit
640 3436 743 3518 iusta;
763 3436 926 3520 quoniam
946 3436 1007 3501 etsi
1023 3437 1211 3502 contraius
1227 3433 1416 3520 titiqatoris.
1433 3451 1505 3498 non

324 3561 438 3623 tamen
462 3561 657 3625 contraius
680 3560 923 3626 constitutionis
946 3560 1135 3626 absoluit».
1160 3561 1211 3624 En
1236 3560 1416 3639 criterium,
1441 3576 1503 3642 quo

324 3679 483 3745 iudicatur
506 3702 548 3747 an
571 3681 727 3746 absolutio
750 3682 904 3748 inualida
927 3683 1032 3747 sitan
1056 3684 1098 3747 sit
1121 3682 1248 3748 illicito.

414 3803 506 3870 Haec
529 3810 668 3889 potestas
683 3804 869 3870 absolvendi
886 3825 1041 3871 censuras
1065 3804 1109 3871 ab
1124 3806 1212 3872 hona.
1230 3804 1270 3869 ab
1295 3801 1505 3868 Inferior-ibus

317 3929 417 4009 'latas
434 3931 553 4015 pendet
574 3951 593 3993 a
616 3932 688 3995 iure
710 3931 944 4016 appellationis.
963 3931 1149 4016 -Episcopi
1173 3930 1352 4004 dummxat
1373 3933 1506 4014 praeter

324 4053 506 4117 instantiam
522 4053 755 4138 appellationis,
772 4053 882 4120 valent
897 4055 1053 4120 relaxare
1079 4075 1236 4120 censuras
1260 4055 1342 4118 latas
1359 4074 1380 4118 a
1399 4052 1506 4117 iudici·

324 4175 392 4246 bus,
417 4175 474 4239 sibi
500 4177 679 4241 ierarchice
703 4177 862 4250 subiectis,
888 4179 920 4242 in
946 4178 1102 4254 dioecesi;
1128 4183 1244 4265 utputa
1267 4178 1308 4244 ab
1333 4176 1505 4243 Archidia·

326 4319 408 4364 cono
432 4299 545 4366 sedat
569 4301 654 4366 licite
674 4301 860 4385 procedant,
879 4302 997 4368 debent
1021 4303 1152 4370 deferre
1177 4302 1275 4368 iudici
1299 4303 1507 4375 censuranti;

327 4441 401 4508 aro.
428 4441 502 4505 cap.
526 4421 551 4488 3
574 4423 623 4490 De
645 4427 699 4508 off.
725 4427 798 4492 ord.
823 4424 865 4491 X.
