3306 5102
543 335 585 380 ua
608 333 764 380 naurcrrs
788 333 829 380 sr
854 331 971 379 rosum
1281 313 1346 378 353

168 459 316 543 infamia
330 458 414 542 facti
426 479 508 544 quae
524 459 598 525 inde
610 460 758 526 aufertur
772 479 831 544 per
843 459 1099 540 conversionem,
1112 459 1345 524 absolutionem

169 589 202 649 et
223 583 383 668 publicam
407 603 557 649 errorum
582 569 854 648 retractationem.
881 582 987 646 Porro
1012 583 1094 646 ratio
1117 580 1157 646 ob
1181 602 1275 666 quara
1298 583 1345 646 illi

168 729 355 793 persuasum
372 714 430 781 est,
447 707 627 774 huiusmodi
645 708 919 794 irregularitatem
935 727 1000 772 non
1016 707 1097 772 oriri
1120 719 1165 772 erc
1187 705 1344 789 infamia,

168 840 217 902 est
241 834 352 900 eadem
375 835 626 920 irregularitatis
645 833 817 917 antiquitas
832 851 914 917 pane
937 833 1131 916 apostolica.
1150 834 1239 898 Tunc
1255 853 1344 906 vero,

167 957 308 1026 advertit
332 963 464 1031 Auctor.
490 979 555 1024 non
579 959 711 1045 vigebat
735 959 959 1044 irregularitas
982 977 1027 1024 ear
1049 957 1196 1041 infamio
1220 959 1277 1046 (l).
1419 925 1424 942 Ι

256 1084 332 1151 264.
359 1085 480 1151 Verum
498 1087 530 1150 in
549 1087 621 1151 iure
644 1087 745 1172 magis
762 1085 889 1152 videtur
912 1084 1046 1152 fundata
1068 1087 1227 1151 sententia
1244 1083 1345 1150 D'An-

169 1210 275 1275 uibale
298 1215 331 1276 at
354 1211 438 1276 hanc
460 1230 587 1295 sequor.
606 1247 621 1258 -
643 1212 723 1276 Nam
747 1210 939 1276 documenta
960 1209 1060 1276 allata
1081 1229 1101 1274 a
1124 1211 1164 1274 cl.
1190 1211 1345 1296 Gasparri

169 1335 306 1420 probant
322 1337 596 1422 irregularitatem
614 1357 656 1402 ex
672 1336 811 1407 haeresi.
824 1334 879 1401 sed
893 1335 1068 1401 nullimode
1084 1338 1245 1410 evincunt,
1261 1337 1345 1402 hanc

168 1465 341 1546 provenire
365 1481 407 1527 ex
430 1463 503 1546 ipso
527 1463 659 1544 delicto,
683 1483 749 1528 non
772 1482 817 1529 eac
841 1461 997 1544 infamia.
1023 1463 1075 1527 Ex
1098 1462 1235 1528 adverso
1259 1465 1345 1528 infra

167 1589 367 1672 explicantes
390 1607 548 1672 quaenam
564 1607 723 1672 personae
747 1587 942 1652 contrahant
957 1587 1043 1653 hanc
1059 1588 1344 1673 irregularitatem,

167 1720 275 1778 textus
297 1713 493 1780 adducemus
517 1712 686 1796 quibusda
702 1713 943 1798 irregularitate
959 1731 1004 1778 ero
1020 1711 1167 1795 infamia
1183 1715 1215 1777 in
1233 1711 1345 1778 haere-

167 1840 247 1903 ticos
270 1837 355 1904 edita
378 1858 532 1923 expresse
556 1843 700 1904 cavetur.

257 1965 389 2030 Damam
402 1966 476 2048 quia
492 1963 532 2028 cl.
546 1965 702 2067 Gasparri
715 1964 865 2048 opinatur
877 1961 1055 2027 huiusmodi
1071 1963 1344 2047 irregularitatem

167 2092 338 2154 incurrere
368 2090 535 2155 dumtaxat
565 2089 748 2154 haereticos
778 2087 921 2155 addictos
953 2093 1062 2154 sectae
1085 2086 1263 2160 damnatae,
1291 2089 1343 2153 vel
1418 2121 1420 2125 ·

166 2215 349 2280 haereticos
363 2214 578 2299 personaliter
602 2234 660 2299 per
684 2214 874 2280 sententiam
891 2213 1067 2306 damnatos,
1084 2215 1176 2278 istam
1192 2233 1272 2278 vero
1296 2214 1343 2278 ef-

166 2339 281 2424 fugere
304 2339 487 2404 haereticos
506 2338 661 2422 publicos
677 2336 813 2402 sednon
829 2337 1010 2404 damnatos
1025 2336 1199 2410 sententia,
1216 2336 1345 2404 videtur

165 2463 335 2530 admittere
351 2465 503 2549 implicite
516 2462 789 2548 irregularitatem
804 2463 925 2527 incurri
942 2481 986 2528 ex
1002 2462 1215 2537 damnatione,
1229 2483 1344 2548 nempe

165 2607 208 2655 ex
232 2592 392 2656 sententia
416 2589 535 2671 iudicis,
553 2588 700 2673 generali
724 2590 883 2654 sententia
903 2587 1084 2654 damnantis
1105 2588 1272 2673 quamdam
1297 2613 1344 2656 se

165 2721 250 2780 ctam
274 2715 512 2780 haereticorum
537 2714 589 2778 vel
617 2713 826 2798 peculiariter
856 2713 1053 2799 singularem
1086 2714 1247 2782 homiuem
1272 2735 1345 2778 con·

165 2842 355 2906 damnantis.
373 2840 436 2906 Sed
459 2839 685 2924 irregularitas
701 2859 782 2922 quae
799 2839 1003 2904 contrahitur
1026 2859 1067 2904 ex
1091 2841 1252 2906 sententia
1270 2859 1343 2904 con·

165 2967 378 3030 damnationis
402 2986 465 3030 non
490 2970 593 3051 potest
616 2985 687 3030 esse
703 2965 764 3029 nisi
782 2965 1007 3050 irregularitas
1023 2983 1068 3029 aar
1086 2965 1242 3047 iufamia,
1261 2985 1344 3048 quae

165 3091 373 3174 crrnsequitur
403 3092 504 3174 ipsum
538 3090 662 3153 crimen
690 3088 884 3154 iudicialiter
911 3089 1138 3156 denunciatum
1166 3091 1217 3155 vel
1242 3092 1342 3176 ipsam

164 3235 310 3302 poenam.
329 3217 409 3284 Nam
433 3215 659 3300 irregularitas
681 3213 746 3296 fer.
762 3220 844 3278 rent.
863 3233 926 3278 non
947 3215 1148 3300 intelligitur,
1166 3221 1200 3283 at
1215 3235 1343 3301 semper

165 3343 345 3410 incurritur
367 3341 441 3424 ipso
466 3341 568 3423 facto,
600 3341 640 3405 ad
668 3342 772 3406 instar
798 3339 1139 3423 quasi-inhabilitatis,
1171 3342 1217 3407 uti
1250 3341 1343 3406 docet

164 3467 233 3550 ipse
256 3467 296 3530 cl.
322 3467 477 3551 Gasparri
502 3485 532 3529 n.
562 3465 624 3530 164
648 3461 706 3551 (2).

254 3729 294 3799 (l)
312 3729 364 3783 Sed
384 3729 453 3784 haec
471 3729 589 3784 assertio
608 3745 662 3784 non
683 3729 792 3784 videtur
809 3731 966 3785 omnimode
979 3733 1092 3786 veritati
1105 3731 1264 3798 cohaerere,
1277 3735 1343 3804 quia

163 3854 249 3906 supra
267 3836 384 3890 vidimus
403 3835 568 3906 Apostolum
586 3836 705 3891 Paulum
724 3837 901 3906 expostulare
922 3853 970 3906 pro
996 3838 1129 3892 ministris
1148 3838 1253 3906 altaris,
1273 3841 1341 3895 lide·

163 3944 233 3998 linm
259 3945 360 3998 bonum
384 3945 571 3998 testimonium
593 3943 663 3998 adeo
682 3947 713 3996 ut
731 3949 823 3998 essent
842 3947 1113 4015 irreprehensibiles,
1133 3963 1231 4016 nempe
1256 3947 1341 4001 etiarn

163 4047 253 4119 quoad
270 4049 413 4118 publicam
426 4053 541 4120 famam.
555 4049 706 4105 Praeterea
719 4049 861 4106 Ecclesiae
879 4051 1027 4120 disciplina
1045 4052 1073 4104 in
1093 4051 1249 4106 haereticos
1262 4054 1341 4109 modo

163 4153 319 4223 benignior,
347 4154 428 4209 modo
456 4155 578 4210 severior·
603 4155 700 4209 habita
728 4159 778 4209 est.
806 4156 846 4210 Gt.
872 4155 1091 4225 Thomassinum,
1118 4158 1148 4211 P.
1175 4158 1215 4223 11,
1244 4159 1291 4212 iit.
1318 4160 1340 4226 1,

151 4277 223 4334 paup.
245 4259 286 4312 62
304 4277 344 4330 sq.

253 4369 293 4435 (2)
312 4367 384 4421 Sane
396 4369 419 4422 si
433 4368 604 4435 admittatur,
618 4367 855 4437 irregularitatem
869 4369 1014 4437 provenire
1034 4385 1067 4422 ex
1086 4373 1145 4440 ipsa
1159 4372 1262 4424 delicto
1276 4369 1341 4426 hae·

164 4476 241 4542 rasis,
261 4477 329 4530 setis
349 4493 404 4531 non
422 4477 551 4532 videntur
571 4477 681 4546 probari
707 4477 886 4531 limitationes
904 4495 921 4530 a
939 4477 1069 4546 Gasparri
1095 4479 1253 4547 appositae3
1272 4479 1338 4549 quin

272 4583 332 4638 Suc.
352 4584 429 4655 Lapa
1160 4585 1195 4638 23
1263 4621 1266 4629 .
