3312 5108
534 309 577 356 ns
602 309 755 356 nntrorrs
780 311 822 357 nr
845 311 966 360 renuis
1016 290 1020 294 ’

648 591 761 660 Onenr
786 596 827 660 11.

489 837 541 892 nn
574 836 750 894 ustioni
779 839 986 914 noricus.

145 1081 365 1138 Summeriurn.
382 1111 416 1124 -
432 1083 472 1137 16.
486 1083 570 1138 Notio
589 1085 684 1139 delicti
697 1102 746 1141 seu
759 1086 884 1140 criminis
896 1087 925 1140 in
938 1090 1091 1158 systemate
1110 1087 1219 1158 poenali
1239 1087 1329 1144 eccle·

238 1189 360 1249 siastico.
380 1190 554 1251 -Quomodo
573 1191 707 1246 delictum
727 1192 915 1260 distinguetur
935 1205 1088 1264 epeccato.
1109 1221 1143 1236 -
1166 1195 1205 1249 17.
1226 1195 1328 1250 Distin-

237 1297 324 1350 ctioni
342 1299 440 1352 delicti
451 1303 480 1353 et
491 1303 599 1370 peceati
611 1299 757 1370 respondet
770 1301 913 1356 distinctio
930 1303 984 1356 iuri
1003 1305 1113 1357 externi
1125 1306 1154 1356 et
1168 1304 1279 1371 interni.
1291 1331 1329 1345 -

240 1403 282 1458 18.
310 1404 448 1460 Delictum
476 1407 604 1461 consistit
631 1417 681 1462 eut
708 1410 737 1462 ic
765 1411 959 1465 commissione
985 1415 1034 1464 aut
1062 1411 1091 1464 in
1118 1414 1274 1466 entissime.
1294 1439 1329 1454 -

241 1512 282 1566 19.
303 1513 452 1568 Praeterea
471 1515 599 1568 consistit
616 1515 646 1568 in
665 1516 775 1572 actione
795 1527 914 1570 euterun
931 1517 1001 1571 adeo
1014 1522 1046 1571 nt
1058 1517 1189 1572 delictum
1209 1518 1246 1572 sit
1264 1533 1328 1588 per·

238 1605 342 1674 lectum
370 1637 418 1674 seu
449 1627 670 1676 consummatum
698 1623 727 1676 in
755 1639 858 1693 genere
886 1639 943 1678 sno.
973 1653 1007 1666 —
1035 1625 1077 1678 20.
1098 1625 1141 1678 An
1161 1629 1328 1695 etquenam

239 1727 347 1780 ratione
375 1729 467 1796 puniri
494 1729 601 1799 possint
628 1733 708 1783 ectus
735 1729 855 1785 ordinati
880 1732 914 1786 ed
939 1731 1082 1800 delictum,
1104 1733 1125 1786 si
1146 1732 1199 1786 hoc
1217 1748 1273 1787 non
1292 1732 1330 1785 sit

241 1847 460 1891 consummatum
479 1853 529 1892 seu
548 1837 634 1892 inerit
642 1848 897 1909 protereret-essum.
912 1838 1128 1908 Distinguuntur
1146 1843 1225 1894 ectus
1242 1855 1329 1910 prae·

238 1945 380 2013 parator-ii
397 1947 426 1997 et
444 1948 523 1998 ectus
542 1945 667 1998 criminis
681 1945 830 2010 consentini,
848 1945 897 2016 qui
915 1945 1045 2000 dicuntur
1063 1949 1180 2000 conotus
1197 1944 1242 2000 vel
1258 1961 1329 2016 pro·

240 2060 312 2110 mimi
321 2057 521 2112 miremort·
532 2057 575 2110 21.
586 2056 618 2110 In
630 2057 812 2128 propositum,
822 2057 980 2127 explicatur
989 2057 1132 2111 distinctio
1140 2073 1291 2128 poenarum
1299 2060 1330 2110 ut

240 2164 314 2218 aliae
339 2164 395 2217 sint
417 2164 489 2217 letae
514 2164 681 2228 sententiae,
704 2160 777 2216 eliae
802 2163 940 2233 serendae
964 2164 1179 2218 sententiae-
1197 2163 1240 2216 22.
1266 2160 1328 2214 nli-

239 2267 348 2338 qunndo
367 2265 447 2336 plura
465 2272 530 2319 acta
548 2265 698 2318 criminose
715 2264 837 2319 eiusdem
857 2264 961 2335 speciei
980 2269 1009 2319 et
1026 2267 1218 2318 consummate
1236 2265 1328 2318 inin·

239 2375 392 2429 continenti
413 2375 513 2444 posite,
529 2373 743 2427 considerantur
760 2373 838 2443 qnasi
858 2390 946 2427 unnim
965 2371 1097 2428 delictum
1117 2377 1146 2428 et
1164 2390 1221 2426 unc
1240 2388 1329 2442 poene

240 2483 427 2548 mulctentur·;
448 2499 482 2538 ex
501 2482 617 2544 adverso
636 2497 691 2536 non
713 2480 798 2536 semel
821 2500 909 2537 unum
927 2486 1034 2554 sactum
1059 2480 1156 2535 heberi
1176 2484 1267 2550 potest
1286 2481 1328 2534 uti

139 2627 141 2632 ,
240 2593 386 2646 continens
400 2592 491 2662 plura
509 2591 623 2644 delicta.
642 2619 675 2631 -
695 2588 737 2642 23.
758 2589 802 2644 An
827 2592 898 2644 aetio
924 2599 1041 2644 esterna
1067 2589 1217 2642 criminosa
1242 2589 1328 2657 possit

238 2695 358 2748 obnoxia
377 2711 436 2748 esse
452 2711 571 2764 poenae,
583 2695 634 2747 etsi
654 2692 723 2748 heec
743 2709 878 2763 expressa
897 2692 1008 2746 nonsit
1027 2692 1054 2745 in
1074 2691 1138 2760 lege
1151 2707 1199 2761 per
1212 2695 1328 2745 senten-⁴

239 2803 308 2855 tiam
328 2801 372 2857 vel
393 2801 480 2856 lotam
498 2800 543 2856 vel
563 2802 720 2873 ferendam.

239 3034 292 3100 16.
316 3034 473 3100 Delictum
498 3054 555 3100 seu
578 3035 702 3100 crimen
718 3033 775 3120 (1),
788 3032 1095 3136 wemmam
1119 3031 1169 3101 net
1193 3029 1329 3102 cmmode

141 3156 358 3262 &clastegio
374 3155 590 3239 irnpntnllt'it's.
606 3175 695 3241 quae
717 3155 873 3224 ordinem
889 3154 1049 3224 socialem
1072 3151 1194 3221 lurdat.
1219 3152 1329 3226 Quare

146 3282 304 3347 delictum
327 3281 508 3347 constituit:

239 3475 279 3542 (1)
299 3473 356 3528 Nos
374 3471 617 3529 indiscriminatim
643 3489 808 3544 usurpamus
831 3470 969 3526 vocabula
992 3472 1099 3525 crimen
1117 3475 1167 3525 eut
1185 3471 1328 3525 delictum.

144 3585 291 3638 Delictum
304 3581 470 3637 vocabulum
483 3584 526 3637 est
539 3581 745 3650 significatione
759 3580 945 3635 universalius
964 3583 993 3635 et
1011 3579 1199 3646 communium
1213 3581 1329 3645 crimen,

142 3685 234 3740 etism
253 3685 360 3740 verbali
379 3701 470 3753 sensu,
489 3685 632 3754 significet
649 3687 755 3740 factum
773 3688 949 3740 accusatione
965 3689 995 3740 et
1006 3686 1184 3738 damnatione
1202 3685 1329 3756 dipnum,

143 3809 185 3847 ex
205 3808 266 3846 cen.
287 3793 310 3857 1,
330 3793 399 3844 Dist.
419 3791 462 3846 81.
481 3791 547 3844 -In
567 3791 721 3863 disciplinis
740 3791 905 3862 poenalibus
923 3791 1055 3845 distincte
1074 3791 1197 3857 inerunt,
1222 3794 1329 3844 crimen

140 3901 284 3956 delictum
304 3873 332 3954 et
352 3903 554 3971 compresum
578 3903 685 3955 crimen
704 3901 745 3954 uti
765 3901 877 3970 gravior
896 3899 967 3969 legis
986 3898 1102 3953 violatio
1117 3901 1262 3970 poenalis;
1281 3901 1329 3954 de·

143 4013 248 4064 lictum
257 4008 445 4079 qnesilevi0r3
453 4013 483 4064 et
492 4009 679 4080 transgressio
690 4008 731 4062 nti
742 4006 859 4062 violatio
870 4007 964 4076 legum
976 4007 1091 4076 politiae
1099 4007 1329 4062 veloeconomine

141 4114 280 4170 civitatis
292 4113 345 4169 Sed
363 4116 398 4168 eb
417 4114 551 4185 hisquae
570 4115 711 4168 innuimus
723 4118 753 4168 in
765 4125 820 4169 not.
842 4115 858 4168 1
872 4132 902 4184 p.
921 4115 958 4168 14
971 4115 1022 4168 sub
1041 4114 1126 4179 n.12‚
1147 4117 1225 4182 patet
1245 4130 1328 4184 quam

143 4203 336 4291 praepostere
355 4223 390 4274 et'
402 4221 439 4274 ab
458 4219 534 4274 omni
545 4219 655 4274 ratione
667 4218 761 4274 aliene
774 4220 812 4273 sit
825 4217 894 4272 haec
913 4218 1054 4272 distinctio
1067 4219 1140 4272 inter
1153 4219 1287 4272 delictum
1300 4222 1330 4273 et

142 4328 267 4392 crimen,
288 4341 360 4395 quae
375 4323 496 4378 invaluit
509 4324 595 4392 etiam
609 4321 736 4394 pluribus
745 4323 774 4377 in
784 4322 933 4378 codicibus.
947 4322 1018 4378 Sene
1034 4339 1164 4378 mensure
1177 4322 1273 4377 delicti
1286 4326 1329 4378 est

140 4431 191 4486 ius
208 4429 331 4497 lacsnm3
351 4447 437 4502 qnare
463 4430 595 4486 delictum
616 4431 716 4486 ntem
739 4431 910 4496 iuridicum;
928 4429 1001 4484 unde
1022 4445 1078 4484 non
1097 4446 1113 4484 e
1132 4446 1221 4500 poena
1243 4430 1329 4484 sumit
