3296 5108
1340 8 1345 10 -
1387 8 1389 10 -
1410 8 1425 13 --
1433 10 1519 19 ..-,.,-.

1600 11 1637 120 ΙΙΙ

323 327 388 392 402
841 345 924 391 raas
949 345 970 390 1.

322 468 361 532 de
384 486 423 532 eo
447 468 501 551 qui
524 485 622 549 opem
649 465 853 549 proximam
876 466 929 530 vel
953 467 1131 534 consilium
1162 465 1327 552 praebuit;
1352 473 1384 531 et
1407 467 1499 532 illum

322 593 537 680 irregularem
569 591 640 658 fleri
671 593 937 662 communissima,
962 593 1050 657 hunc
1080 591 1177 678 lee‘ge
1209 594 1410 658 communior
1440 593 1499 658 sed

321 723 468 803 utruque
491 719 563 784 siue
592 724 681 785 certo
712 719 787 784 iure
818 719 980 784 sententia
1002 723 1060 783 est.
1087 717 1136 783 Ab
1160 718 1216 783 illa
1239 715 1284 804 (l)
1310 738 1373 782 non
1397 719 1499 784 ausim

322 843 495 919 recedere;
526 845 603 908 huic
627 863 691 907 non
722 841 885 907 adhaereo
917 844 1008 908 cuius
1038 844 1202 907 contraria
1234 843 1357 928 Lugoni
1387 842 1499 927 proba·

323 968 394 1034 bilis
417 969 488 1033 visa
511 973 559 1033 est
575 989 606 1034 ›.

412 1093 488 1158 313.
513 1093 559 1158 De
581 1093 769 1158 mandante
792 1092 924 1179 elegans
950 1093 1094 1176 quaestio
1120 1095 1169 1157 est
1192 1111 1233 1156 an
1261 1093 1329 1177 ipse
1353 1093 1502 1157 incurrat

323 1217 598 1304 irregularitatem
621 1219 648 1282 si
672 1215 892 1282 mandatarius
908 1217 1089 1284 excesserit
1111 1213 1192 1281 fines
1216 1216 1355 1282 mandati
1370 1221 1403 1282 et
1419 1218 1502 1282 ccci-

323 1341 379 1406 dat
401 1340 453 1405 vel
478 1339 603 1405 mutilet
626 1359 708 1411 eum,
726 1359 820 1424 quem
845 1342 877 1404 in
901 1339 1050 1404 mandato
1074 1339 1215 1405 habehat
1237 1339 1404 1405 dumtaxat
1422 1357 1502 1422 per-

324 1470 446 1529 cuiae.
464 1497 481 1510 -
501 1459 677 1527 Videretur
704 1461 924 1527 mandatarius
955 1459 1100 1548 effugere
1127 1463 1401 1547 irregularitatem
1425 1461 1502 1545 quia

325 1592 394 1675 ipse
416 1587 591 1654 nullimode
613 1587 718 1667 votuit
742 1607 846 1672 neque
861 1587 1040 1653 mandauit
1062 1587 1267 1654 homicidium
1291 1595 1347 1654 aut
1371 1587 1501 1652 mutila-

323 1717 467 1797 tionem;
482 1718 514 1778 et
537 1711 715 1779 huiusmodi
734 1711 859 1777 facinus
881 1731 946 1777 non
970 1730 1041 1778 esse
1063 1712 1296 1780 voluntarium
1319 1713 1444 1777 censuit
1470 1713 1502 1775 in

326 1837 458 1906 duobus
481 1855 617 1904 casinus
642 1835 672 1902 S.
687 1837 720 1902 G.
735 1837 780 1911 0.,
798 1837 844 1902 uti
867 1836 971 1902 refert
994 1837 1167 1922 Fagnanus
1191 1837 1224 1900 in
1247 1855 1368 1904 comm.
1386 1837 1433 1902 ad
1447 1837 1502 1902 cit.

323 1983 398 2047 cop.
412 1961 456 2027 12
479 1961 529 2028 De
553 1962 640 2029 hom.
655 1965 698 2026 ἠ.
720 1961 769 2026 55
777 1981 792 2043 ‚·
815 1979 919 2044 neque
942 1959 1017 2025 inde
1040 1961 1165 2026 incurri
1188 1959 1476 2046 irregularitatem.

413 2084 626 2150 Nihilominus
655 2081 840 2148 Boniiacius
864 2081 947 2148 Vlll
971 2082 1008 2146 iu
1039 2101 1115 2166 cup.
1140 2082 1173 2156 3,
1198 2082 1242 2149 de
1271 2083 1455 2150 domicia
1481 2085 1504 2148 6

325 2209 490 2276 decernit:
515 2211 581 2274 «Is
611 2210 665 2293 qui
697 2207 827 2272 mandat
856 2208 995 2292 aliquem
1026 2207 1215 2288 verberari,
1241 2207 1317 2272 licet
1346 2228 1504 2293 expresse

327 2334 471 2400 inhibeat
494 2355 535 2398 ne
558 2333 725 2400 occidatur
747 2333 908 2399 ullatenus
938 2332 991 2396 vel
1023 2331 1166 2396 membro
1197 2332 1304 2416 aliquo
1335 2333 1504 2398 mutiletur

327 2458 531 2544 irregularis
565 2455 707 2541 efficitur
737 2457 764 2520 si
795 2455 1015 2520 mandatarius
1049 2453 1130 2521 fines
1166 2455 1306 2522 mandati
1339 2456 1504 2522 excedens

325 2583 451 2648 mutilet
473 2581 525 2647 vel
549 2579 691 2656 occidat;
716 2601 794 2646 cum
821 2581 1020 2648 mandando
1045 2581 1081 2644 iu
1104 2599 1212 2647 cuneo
1241 2580 1349 2664 fuerit
1378 2587 1409 2647 et
1440 2581 1504 2648 hoc

325 2710 459 2774 evenire
478 2727 578 2791 posse
601 2707 753 2774 debuerit
777 2709 927 2793 cogitare
942 2729 973 2772 ›.
991 2707 1101 2782 Quare
1117 2709 1185 2794 ipse
1210 2706 1364 2774 Pontifex
1380 2707 1502 2774 diserte

324 2829 484 2920 significat
506 2833 591 2898 hanc
615 2833 889 2918 irregularitatem
905 2835 1081 2917 provenire
1096 2853 1189 2919 posse
1206 2853 1249 2898 ex
1264 2833 1500 2918 quasi-delicto.

324 2975 380 3021 seu
398 2974 461 3018 nen
478 2975 520 3019 ex
536 2954 621 3018 facto
633 2954 759 3020 directe
774 2955 966 3021 uoluntario
983 2954 1040 3021 sed
1055 2955 1219 3026 indirecte
1234 2957 1428 3022 uoluntario
1444 2973 1501 3020 seu

324 3081 480 3162 culposo;
503 3079 544 3144 ci.
569 3098 651 3163 quae
675 3078 908 3162 explicavimus
922 3099 957 3144 u.
974 3079 1032 3156 42,
1049 3087 1117 3148 uot.
1134 3081 1160 3144 1.
1180 3082 1251 3146 Hoc
1270 3099 1367 3146 sensu
1384 3081 1499 3145 intelli·

324 3201 430 3286 genda
453 3206 503 3267 est
526 3201 691 3287 responsio
715 3200 746 3267 S.
764 3200 863 3288 Geng.
887 3202 1018 3276 Concil,
1044 3203 1147 3269 relata
1171 3223 1190 3268 a
1214 3203 1369 3289 Fagnane
1385 3205 1407 3268 t.
1425 3223 1452 3270 c.
1469 3211 1500 3270 et

325 3325 368 3389 ita
392 3325 603 3390 conciliariter
624 3329 690 3388 tam
714 3322 935 3391 discordantes
957 3329 1145 3392 sententiaa.

413 3451 489 3515 314.
515 3453 593 3515 Item
615 3451 653 3514 iu
668 3456 735 3517 uei.
752 3451 778 3522 1,
797 3452 818 3516 t.
835 3471 862 3516 c.
880 3451 1054 3525 docuimus.
1072 3451 1228 3536 quomodo
1251 3455 1329 3518 sccii
1345 3453 1497 3522 criminis,

325 3575 357 3636 vi
381 3573 638 3656 conspirationis,
662 3571 843 3637 habeantur
866 3573 969 3639 instar
991 3573 1228 3648 mandantium;
1253 3581 1286 3640 et
1311 3575 1387 3640 hinc
1414 3581 1499 3640 recte

325 3695 420 3760 docet
443 3691 641 3760 D'Annibale
663 3696 684 3760 t.
711 3715 757 3760 a:
775 3695 837 3760 «si
857 3685 978 3777 plures
1000 3697 1173 3762 communi
1195 3697 1334 3764 coasilio
1358 3717 1498 3764 eouer-

324 3818 433 3884 reriut
456 3819 504 3884 od
527 3818 747 3888 homicidium
766 3819 1040 3901 perpetrandum
1063 3825 1094 3885 et
1116 3839 1207 3884 unus
1230 3821 1361 3894 occidit,
1386 3839 1500 3888 omnes

291 3945 299 3956 '
323 3944 410 4028 fiunt
433 3943 689 4030 irregulares».
816 3937 820 3944 ’

415 4064 523 4138 Quare
547 4065 573 4130 si
597 4065 630 4130 in
654 4065 727 4129 rixa
750 4065 859 4150 plures
882 4066 968 4129 inter
991 4084 1026 4130 se
1050 4083 1164 4130 manus
1183 4066 1356 4132 conterant
1371 4072 1405 4130 et
1421 4085 1499 4132 unus

415 4239 455 4308 (l)
474 4239 512 4294 ,tt
531 4255 682 4296 consteruit
702 4241 803 4294 assumi
823 4240 905 4296 debet
922 4241 1014 4310 prouti
1027 4246 1070 4296 est
1083 4241 1190 4308 efficax,
1203 4242 1287 4296 sicuti
1300 4241 1499 4312 explicavimus

326 4361 353 4396 n.
367 4345 417 4410 43,
433 4349 462 4398 et
480 4353 546 4399 tunc
566 4349 643 4399 certa
661 4351 704 4400 est
722 4345 791 4400 haec
809 4345 903 4415 opinio
922 4351 951 4402 et
970 4347 999 4400 in
1019 4347 1097 4416 praxi
1116 4347 1251 4402 eiusmodi
1271 4349 1420 4402 conditum
1434 4345 1498 4400 dans

326 4465 375 4504 seu
385 4467 542 4520 provocans
555 4452 601 4521 (ct.
613 4471 640 4505 n.
655 4452 696 4506 42
709 4453 764 4522 cit.)
777 4451 919 4507 habendus
931 4457 975 4508 est
988 4453 1030 4507 uti
1043 4452 1214 4522 irregularia.
1229 4453 1268 4508 Gt.
1283 4453 1427 4524 Gaaparri,
1440 4449 1497 4505 423.
