3290 5100
305 258 371 322 498
834 277 919 326 rans
943 278 965 325 1.

303 421 377 466 can.
402 400 461 472 26.
486 419 577 466 caus.
598 401 656 474 24,
674 421 704 484 q.
724 400 755 464 4.
774 401 909 468 Revera
924 400 1027 466 donec
1042 408 1166 469 tantum
1184 402 1365 468 obedientia
1383 402 1493 469 detre-

302 531 409 590 ctatur
434 525 525 589 Rom.
545 521 694 590 Pontifici
714 526 790 608 quin
810 527 880 590 eius
897 525 1078 611 denegetur
1093 527 1143 591 ius
1166 527 1323 612 primatus
1339 527 1392 590 vel
1409 526 1493 591 alius

301 648 458 714 articulus
474 649 652 715 catholicae
669 649 846 725 doctrinae,
866 649 1007 716 schisma
1020 656 1068 715 est
1080 653 1149 715 sine
1161 651 1293 716 haeresi
1304 670 1312 726 ;
1325 655 1359 715 et
1370 649 1495 715 dicitur

296 763 450 856 purum5
473 773 600 858 quaudo
623 793 703 838 vero
727 775 799 838 iura
822 775 957 840 unitatis
980 774 1160 839 catholicae
1181 775 1415 858 doctrinaeque
1429 776 1493 839 ali-

235 975 238 981 ,
301 916 364 980 qua
387 896 537 982 dogmata
554 897 761 982 impetuntur,
786 901 864 962 tuuc
888 896 1029 962 schisma
1053 898 1182 962 haeresi
1203 899 1361 962 miscetur
1384 901 1417 962 et
1441 902 1493 962 est

299 1019 440 1085 schisma
462 1019 596 1084 mixtum
619 1040 676 1085 seu
699 1039 768 1086 noo
795 1038 944 1102 purum,
974 1019 1072 1086 veluti
1098 1021 1124 1085 si
1148 1021 1278 1088 dicatur
1306 1021 1491 1086 Primatum

301 1147 437 1210 ltomani
462 1143 611 1210 Pontifici
634 1163 708 1210 esse
733 1145 870 1211 honoris
892 1149 1029 1210 tantum.
1047 1145 1165 1210 Essent
1181 1146 1381 1212 schismatici
1403 1147 1493 1229 puri

299 1269 352 1352 qui
376 1269 513 1354 principi
537 1268 619 1331 laico
635 1266 812 1340 obedirent,
830 1273 994 1352 utinquam
1013 1287 1164 1352 supremo
1181 1269 1351 1334 Ecclesiae
1368 1269 1489 1354 capita.

389 1393 463 1458 436.
490 1395 588 1460 Hisce
611 1395 835 1466 schismaticis,
863 1395 896 1458 in
929 1393 1076 1464 articulo.
1106 1402 1323 1461 accensentur
1347 1395 1395 1460 illi
1427 1395 1491 1480 qui

298 1538 321 1584 e
345 1519 493 1584 Romani
524 1517 698 1603 Pontificio
723 1537 790 1600 pro
824 1523 1020 1601 tempore...
1046 1518 1236 1586 obedientia
1259 1519 1491 1602 pertinaciter

297 1661 333 1708 se
347 1641 592 1708 subtrabunt...
611 1644 653 1706 Et
669 1645 739 1708 iure
759 1645 887 1716 merito,
914 1644 990 1727 quia
1014 1645 1120 1708 unitas
1143 1644 1314 1710 Ecclesiae
1338 1647 1491 1712 consistit

296 1773 363 1831 tum
388 1770 421 1832 in
445 1769 648 1833 connexione
674 1767 908 1836 membrorum
940 1771 1027 1834 iuter
1050 1789 1096 1842 se,
1122 1775 1188 1834 tum
1212 1771 1245 1834 iu
1278 1772 1490 1836 counexione

297 1893 425 1958 curult.
441 1893 478 1956 P.
493 1897 654 1975 tamquam
671 1893 781 1974 capito
797 1893 868 1956 eius
884 1891 1020 1968 visibili;
1038 1913 1117 1958 sane
1133 1892 1273 1957 schisma
1289 1890 1360 1958 fieri
1378 1898 1487 1978 potest

296 2038 331 2082 se
354 2017 573 2082 subtrahendo
596 2016 764 2082 dumtaxat
786 2016 826 2081 ab
853 2016 1039 2082 obedientia
1056 2018 1148 2082 Rom.
1166 2015 1345 2082 Pontificis.
1364 2055 1383 2066 -
1402 2018 1488 2093 Qua·

295 2147 429 2226 propter
452 2142 647 2206 schismatici
663 2147 736 2206 sunt
752 2143 807 2224 qui
825 2138 977 2208 Pontifici
996 2161 1053 2227 pro
1069 2147 1214 2227 tempore
1231 2141 1385 2208 existenti
1411 2141 1488 2208 obe-

295 2265 366 2330 dire
382 2269 533 2346 renuunt,
549 2261 736 2350 profitentes
752 2267 821 2328 eius
845 2263 1034 2330 Successori
1059 2285 1095 2330 se
1118 2267 1281 2349 parituros
1297 2285 1380 2330 esse.
1398 2265 1486 2330 Cen·

295 2409 373 2454 sura
399 2395 505 2454 autem
536 2389 602 2454 lata
630 2395 678 2454 est
705 2392 738 2453 in
766 2409 821 2453 eos
848 2390 902 2472 qui
930 2387 971 2452 ab
1000 2388 1190 2456 obedientia
1214 2408 1250 2454 se
1274 2389 1483 2457 subtrahunt

296 2513 510 2588 Quamobrem
534 2533 599 2579 nun
621 2519 672 2578 sat
688 2521 745 2594 est,
762 2514 794 2576 iu
812 2532 889 2577 casu
907 2513 1049 2597 speciali,
1067 2518 1182 2598 utputa
1205 2515 1238 2577 in
1262 2533 1299 2576 re
1315 2513 1483 2600 liturgica.

294 2637 334 2702 ob
358 2640 458 2723 ipsam
483 2658 553 2704 rem
576 2643 792 2724 praeceptam,
818 2637 918 2701 ueluti
946 2636 986 2701 ob
1009 2657 1127 2700 novam
1152 2635 1252 2700 diviui
1277 2634 1373 2700 officii
1397 2637 1484 2702 ordi·

294 2762 467 2834 nationem,
484 2759 695 2826 obedientiam
714 2761 821 2844 Papae
841 2779 906 2824 non
928 2764 1097 2844 praestare
1114 2759 1170 2824 sed
1187 2759 1375 2843 requiritur,
1393 2780 1484 2826 cem-

294 2885 451 2966 muniter,
473 2887 505 2948 in
522 2905 648 2949 omnem
665 2903 793 2949 causam
811 2881 866 2968 (l),
884 2881 1104 2949 inobedientes
1122 2902 1284 2968 personae
1300 2883 1483 2968 Pontificio

294 3030 328 3074 se
360 3009 529 3095 praebere,
554 3009 622 3072 eius
653 3007 832 3072 Primatum
865 3006 1096 3072 iurisdictionis
1123 3005 1315 3092 respuendo.
1342 3009 1480 3090 lnquam

293 3153 483 3219 -personae
499 3133 673 3218 Pontificts
691 3169 708 3179 -
726 3134 879 3216 quocirca
902 3135 928 3196 si
956 3130 1137 3197 obedientia
1161 3131 1343 3216 denegetur
1367 3133 1481 3218 Papae

293 3277 358 3321 non
382 3277 444 3340 qua
469 3253 627 3329 Pontifici,
652 3275 708 3320 seu
732 3274 795 3338 qua
819 3256 963 3341 Principi
987 3256 1085 3329 civili,
1109 3275 1153 3320 ex
1178 3254 1242 3320 hoc
1273 3256 1380 3341 capite
1404 3276 1480 3322 cen-

381 3539 420 3610 (l)
441 3539 492 3594 Sed
512 3539 558 3610 qui
572 3539 600 3592 iu
615 3537 776 3608 particulari
792 3537 911 3609 quadem
932 3556 972 3605 re,
986 3538 1146 3608 posthabita
1166 3541 1308 3606 potestate
1321 3537 1479 3606 Pontificis,

290 3647 379 3700 fretus
397 3645 473 3700 civili
493 3645 660 3699 auctoritate
673 3648 723 3698 aut
735 3660 909 3716 quocumque
922 3644 978 3698 alio
991 3645 1124 3714 suffragio
1140 3643 1267 3713 populari
1283 3644 1368 3698 audet
1383 3645 1479 3700 officia

291 3759 339 3809 aut
358 3755 420 3808 iura
444 3745 542 3810 eccles.
562 3753 650 3808 veluti
665 3752 830 3807 beneficium
850 3751 1010 3823 parochiale
1022 3768 1173 3818 assumere,
1189 3751 1310 3822 aliaque,
1330 3752 1357 3805 id
1378 3769 1478 3822 genua,

291 3861 386 3916 munia
398 3861 451 3916 sibi
465 3877 597 3932 arrogare
617 3866 646 3914 et
664 3859 814 3922 vindicare,
829 3860 974 3930 quaeritur
992 3877 1028 3913 an
1048 3857 1094 3914 hic
1105 3858 1266 3913 habendum
1285 3859 1324 3912 ait
1341 3857 1479 3914 schisma-

289 3969 369 4022 ticus.
394 3967 460 4020 Pius
480 3967 518 4020 lx
537 3967 631 4019 Consi.
652 3964 712 4019 Etsi
729 3966 819 4020 mutto
840 3963 1117 4030 luctuoso,21Nou.
1137 3965 1229 4029 1873,
1250 3963 1342 4021 edixit
1360 3963 1391 4018 in
1409 3963 1477 4020 ilel-

290 4076 380 4131 retica
398 4075 587 4129 foederatione
610 4073 925 4128 excommunicationem
944 4073 1087 4126 incurrere
1109 4071 1156 4143 qui
1179 4071 1276 4125 munia
1299 4070 1477 4141 parochialia

289 4183 341 4235 sibi
363 4183 532 4250 usurpabant
545 4181 716 4248 suffragante
736 4179 837 4248 populo
856 4185 885 4234 et
902 4179 979 4232 civili
1000 4179 1177 4244 auctoritate,
1197 4177 1244 4232 aod
1264 4182 1361 4246 spreta
1376 4177 1477 4233 Ponti·

289 4288 349 4340 ficis
368 4287 556 4356 prohibitione
575 4291 604 4340 et
621 4284 695 4339 hanc
714 4285 1028 4342 excommunicationem
1056 4300 1117 4338 esse
1142 4288 1313 4338 reservatam
1335 4301 1378 4354 sp.
1398 4287 1475 4338 mod.

291 4391 416 4444 Romano
436 4391 574 4444 Pontifici.
596 4419 610 4430 -
632 4389 686 4442 DD.
706 4394 800 4445 autem
824 4405 879 4444 non
903 4389 1074 4443 conveniunt
1092 4404 1128 4441 au
1152 4387 1222 4442 haee
1247 4388 1478 4444 excomunicatio
