3312 5108
547 288 592 334 na
616 288 770 335 narreris
795 289 837 336 ur
862 289 984 337 rouurs
1310 273 1350 338 41

170 413 264 476 annis
290 413 378 478 inter
412 415 473 479 hos
508 411 589 479 fines
612 413 876 489 decurrentibus;
908 418 956 482 uti
986 415 1102 501 probat
1127 417 1278 482 Vinnius.
1311 417 1353 482 In

169 539 357 621 pandectas
379 575 399 586 -
422 541 459 606 in
482 541 505 622 ἓ
530 541 560 604 9.
586 541 636 606 De
658 540 834 608 inutilibus
857 542 971 624 stipat.
997 578 1016 592 -
1041 543 1080 608 In
1096 541 1222 608 maiori
1245 548 1353 608 aetate

172 662 358 746 supervenit
380 669 541 738 senectus,
566 684 663 749 quum
686 667 756 730 sive
780 667 913 730 masculi
938 668 1006 732 sive
1031 666 1190 732 foeminae
1214 685 1353 756 sexage-

172 787 284 850 simum
308 787 422 850 aetatis
452 781 574 877 annum
601 787 739 872 ingressi
765 794 856 861 sunt,
881 791 1027 872 quamvis
1058 789 1181 856 viribus
1211 793 1353 878 polleant

173 910 308 993 integris
332 907 389 994 (1).

260 1032 294 1110 2)
319 1033 467 1097 tamvero
491 1054 561 1101 rem
584 1035 753 1118 poenalem
776 1035 860 1120 quod
884 1038 1008 1109 attinet,
1034 1037 1067 1101 in
1091 1038 1268 1104 statuendis
1299 1059 1353 1103 re-

172 1155 264 1240 gulis,
290 1155 403 1239 quibus
430 1157 617 1222 aestimatur
639 1158 769 1224 diversa
791 1161 907 1224 aetatis
931 1159 1071 1226 conditio
1102 1161 1205 1246 quoad
1233 1181 1353 1248 poenas

172 1281 362 1357 subeundas,
388 1285 421 1348 in
445 1285 557 1369 primis
581 1284 621 1349 ob
637 1285 746 1350 oeulos
763 1288 974 1371 praeponitur
997 1287 1158 1354 distinctio
1182 1289 1214 1353 in
1233 1309 1353 1373 poenas

171 1409 257 1475 imis
281 1416 337 1477 aut
360 1412 450 1476 tatae
472 1411 656 1476 sententiae
679 1416 735 1476 aut
756 1410 924 1494 ferendae
938 1415 1123 1478 sententiae
1139 1417 1171 1478 et
1186 1411 1217 1478 in
1234 1433 1353 1500 poenas

172 1532 215 1598 ub
239 1534 384 1600 bomine.

261 1655 294 1740 3)
321 1655 474 1727 Infantes,
500 1657 616 1742 quippo
640 1659 694 1741 qui
718 1657 781 1722 doli
805 1660 976 1743 inoapaoes
992 1657 1162 1724 habentur
1172 1677 1354 1741 praesum·

168 1779 286 1862 ptione
309 1782 389 1846 iuris
413 1761 455 1846 ed
466 1763 508 1846 de
531 1781 615 1856 iure,
630 1784 690 1847 etsi
713 1783 803 1868 leges
826 1784 957 1858 violent,
976 1782 1163 1866 delinquere
1187 1801 1251 1846 non
1276 1803 1353 1848 cen-

172 1909 286 1968 sentur
309 1925 413 1988 neque
436 1926 556 1995 poenas
580 1908 753 1986 incurrunt
775 1908 849 1990 ipso
873 1909 948 1973 iure
963 1907 1055 1984 latas,
1074 1909 1132 2002 etsi
1151 1927 1266 2002 reapse
1290 1907 1353 1974 doli

171 2003 308 2116 bapaces
337 2032 410 2103 sint,
437 2031 479 2096 cf.
504 2031 656 2104 Borhosa,
686 2029 737 2097 De
752 2033 880 2098 debetis
892 2051 1082 2115 puerorum
1099 2051 1174 2116 cap.
1192 2033 1265 2098 211.
1282 2033 1318 2098 2.
1334 2068 1351 2081 -

172 2123 386 2219 Nihilominus
402 2173 420 2218 a
437 2155 510 2240 tege
525 2175 615 2220 mere
631 2153 825 2240 prohibitiva
839 2156 941 2240 quoad
959 2158 1142 2222 universam
1156 2157 1352 2238 societatem,

171 2275 276 2359 qualis
299 2279 348 2341 est
370 2277 587 2342 interdictum
610 2281 780 2363 perterrita,
794 2278 946 2344 dicuntur
968 2279 1064 2364 ligari
1082 2281 1177 2344 etiam
1201 2279 1352 2354 infantes

176 2402 290 2486 probat
327 2403 501 2476 Bonaeina
537 2405 587 2468 De
621 2403 772 2470 censuris
807 2405 892 2486 disp.
917 2405 944 2478 1,
969 2424 1000 2488 q.
1025 2405 1052 2478 1,
1072 2425 1109 2488 p.
1135 2405 1167 2486 4,
1191 2425 1225 2470 a.
1250 2405 1280 2478 9,
1310 2405 1352 2470 af.

173 2527 358 2594 Thesaurus
383 2547 436 2612 op.
462 2529 514 2594 cit.
539 2534 593 2594 tot.
619 2547 695 2611 cap.
720 2529 772 2593 17.

262 2639 298 2738 41
319 2651 509 2738 Impuberes
532 2651 587 2716 sed
611 2651 771 2738 pubertati
795 2655 935 2738 proximi
958 2673 1016 2718 seu
1040 2654 1092 2737 qui
1117 2652 1276 2718 decimum
1299 2671 1354 2715 an-

172 2795 248 2839 num
266 2794 339 2838 oum
355 2773 484 2840 dimidio
500 2780 726 2847 excesserunt,
752 2775 885 2842 obnoxii
905 2777 1119 2840 aestimantur
1143 2777 1254 2860 poenis
1279 2775 1353 2858 ipso

172 2901 248 2966 iure
270 2900 353 2974 tatis
377 2904 550 2965 uersentur
578 2901 663 2964 enim
687 2900 758 2968 doti
793 2919 956 2983 capaeas;
981 2921 1051 2986 arg.
1077 2902 1172 2966 114.
1198 2901 1248 2967 De
1275 2901 1352 2968 doto

171 3012 283 3107 inal05
314 3026 355 3090 of.
381 3025 513 3099 Suarez,
540 3025 590 3090 De
613 3043 745 3091 caemar.
770 3025 865 3108 Disp.
890 3027 924 3092 5.
951 3026 1039 3092 Seot.
1063 3027 1091 3100 1,
1116 3048 1150 3092 a.
1175 3027 1226 3091 19.
1252 3063 1267 3074 -
1291 3027 1354 3092 Sed

172 3151 227 3216 alii
251 3151 317 3217 DD.
346 3150 529 3237 impuberes
548 3150 670 3216 habent
695 3151 857 3216 immunes
885 3152 924 3216 ab
939 3151 1029 3217 hisce
1045 3154 1167 3237 poenis.
1186 3151 1355 3221 0111111-

172 3271 280 3336 nibale
304 3271 345 3356 (1.
371 3271 454 3358 312)
477 3291 553 3357 erp.
580 3292 607 3337 u.
632 3292 659 3337 e.
684 3271 740 3336 1-2
762 3272 812 3337 De
823 3273 919 3338 detio.
939 3293 1040 3356 puer.
1067 3274 1166 3358 Ergo,
1190 3273 1352 3340 indubio

172 3409 268 3490 iun's,
293 3409 445 3474 censendi
470 3415 544 3474 sunt
567 3409 626 3474 has
650 3429 772 3495 poenas
796 3429 860 3474 non
884 3411 1057 3476 incurrere
1081 3409 1275 3496 impuberes.

261 3529 327 3600 Sed
350 3534 434 3599 haee
445 3538 494 3600 est
502 3535 739 3618 praesumptio
753 3534 849 3610 iuris,
867 3554 949 3618 quae
967 3535 1051 3600 cedit
1063 3537 1192 3600 veritati
1206 3555 1263 3600 seu
1283 3555 1354 3620 pro-

245 3779 285 3852 (1)
304 3779 344 3834 Gt.
355 3779 493 3843 Struvius,
511 3779 583 3834 Diss-
597 3781 632 3833 de
645 3781 753 3832 iuribus
771 3789 796 3832 et
808 3781 966 3849 priuilepiis
979 3783 1138 3834 senectutis.
1152 3779 1237 3834 Ienae
1257 3778 1333 3832 1661.
1344 3809 1356 3821 -

173 3883 310 3952 Hommel,
332 3885 374 3938 De
398 3884 509 3938 iberibus
531 3899 631 3938 senum
655 3883 848 3953 sinpularibus
868 3913 882 3924 -
902 3882 1052 3953 Schopffer‚
1077 3883 1354 3954 Gerentolopidsiue

175 3992 211 4043 de
229 3993 293 4044 ture
311 4006 420 4044 senum.
441 4017 455 4030 ·
473 3987 560 4042 Notat
586 3986 692 4041 Giraldi
719 3988 747 4041 111
772 3987 829 4041 suis
848 3988 1075 4043 adnotationibus
1094 3990 1128 4042 ad
1147 3990 1318 4045 Thesaurum
1339 4020 1354 4030 -

173 4099 214 4154 De
229 4103 333 4168 poenis
357 4127 372 4139 ·
400 4097 430 4152 P.
458 4097 480 4151 Ι.
507 4115 566 4167 cup.
591 4097 653 4149 22³3
678 4113 695 4150 a
720 4096 882 4150 Hieronimo
902 4095 1003 4150 Lamus
1023 4095 1234 4151 hunc·limitem
1253 4099 1355 4152 aetatis

173 4205 261 4275 quoad
286 4221 367 4260 senas
390 4205 477 4258 tuisse
503 4203 647 4257 inductum
673 4221 706 4258 ex
731 4204 810 4258 falsis
829 4205 1019 4271 documentis3
1038 4205 1085 4259 sed
1105 4209 1172 4275 puto
1194 4204 1267 4258 hane
1293 4206 1355 4276 opi·

173 4312 283 4367 nionsm
304 4311 501 4382 praevaluisse,
521 4311 622 4382 quippe
642 4311 729 4380 ipsius
748 4316 865 4367 naturae
884 4311 1007 4384 physicis
1026 4314 1231 4368 conditionibus
1250 4314 1354 4368 innixa.

176 4417 217 4470 Cf.
236 4415 410 4473 D'Annibala
427 4417 458 4486 (1.
478 4417 551 4486 350).
