3302 5100
587 313 792 362 arcanarum
817 263 867 359 1⁸11.
1250 291 1310 358 561

231 434 274 489 34.
293 433 399 488 Vicarii
418 438 446 488 et
465 433 634 488 Missionarii
654 431 809 503 Apostolici
829 431 947 486 Decreta
966 430 1067 486 Sacrae
1086 429 1318 501 Congregationis

143 541 342 612 Propagandae
361 541 439 596 Fidei
458 542 633 611 praepositae
651 539 684 596 de
703 539 783 594 libris
802 537 915 593 edendis
933 537 1054 592 fideliter
1072 542 1192 592 servent.

229 651 272 706 35.
292 652 465 721 Approbatio
484 649 619 704 librorum
638 664 755 720 quorum
780 663 897 704 censura
922 646 1111 716 praesentium
1137 645 1317 701 Decretorum

142 762 168 816 vi
188 760 366 830 apostolicae
380 758 441 814 Sedi
455 758 500 814 rel
520 758 653 813 Romanis
665 757 936 828 congregationibus
948 771 1004 811 non
1016 761 1184 822 reservatur,
1197 756 1319 824 pertinet

141 868 175 922 ad
191 867 356 921 Ordinarnm
376 866 429 920 loci
448 867 477 920 in
496 881 552 937 qno
569 866 674 935 publici
694 864 762 920 iuris
780 865 858 918 finnt.

230 973 273 1028 36.
301 973 469 1044 Regulam,
488 979 600 1043 praeter
624 972 754 1042 Episcopi
780 970 938 1038 licentiam,
957 969 1136 1026 meminerint
1159 971 1249 1026 teneri
1275 988 1319 1037 se,

143 1055 214 1132 sacri
239 1076 356 1132 Concilii
382 1076 538 1132 Tridentini
563 1076 690 1142 decreto,
709 1077 801 1146 operis
825 1076 853 1130 in
877 1075 968 1131 lucem
993 1075 1090 1130 edendi
1115 1075 1279 1131 facultatem
1304 1093 1321 1128 a

143 1183 282 1248 Praelato,
301 1183 345 1236 cni
368 1183 527 1246 subiacent,
546 1182 681 1237 obtinere.
702 1181 829 1252 Utraque
848 1186 942 1238 antem
962 1181 1104 1235 concessio
1128 1181 1157 1236 in
1183 1180 1320 1250 principio

144 1290 187 1345 rel
206 1289 234 1343 in
253 1290 309 1343 fine
327 1289 420 1358 operis
440 1289 624 1358 imprimatur.

231 1395 275 1449 37.
295 1395 323 1448 Si
342 1399 439 1448 auctor
459 1395 564 1450 ltomae
583 1394 687 1464 degens
704 1394 808 1450 librum
827 1411 882 1448 non
902 1394 930 1449 in
951 1393 1043 1459 Urbe,
1062 1393 1109 1447 sed
1128 1393 1196 1448 alibi
1222 1394 1320 1464 impri-

143 1519 218 1558 mere
235 1501 314 1566 velit,
333 1507 444 1571 praeter
467 1503 695 1571 approbationem
722 1500 877 1556 Cardinalis
898 1499 982 1556 Urbis
1001 1500 1107 1555 Vicarii
1134 1505 1163 1556 et
1187 1500 1319 1570 Magistri

143 1606 220 1660 Sacri
240 1606 341 1660 Palatii
362 1607 525 1675 Apostolici,
544 1607 674 1660 alienon
693 1608 854 1678 requiritur.

661 1820 757 1875 Carur
775 1820 807 1874 ll.

320 1965 362 2017 De
384 1963 536 2018 Censorem
554 1963 642 2034 officio
662 1965 690 2017 in
704 1969 822 2034 praeuio
844 1966 981 2019 librorum
1001 1967 1136 2020 examine.

234 2141 276 2196 38.
296 2142 402 2196 Cnrent
421 2142 565 2212 Episcopi,
584 2159 700 2214 quorum
725 2143 848 2198 muneris
870 2151 913 2198 est
936 2143 1099 2199 facultatem
1118 2143 1205 2198 libros
1224 2143 1322 2212 impri-

145 2247 236 2302 mendi
255 2249 414 2314 concedere,
435 2254 465 2302 ut
484 2250 524 2304 eis
542 2250 732 2305 examinandis
750 2255 893 2320 spectatae
913 2236 1026 2320 pietatis
1044 2256 1073 2306 et
1092 2250 1234 2304 doctrinae
1247 2251 1323 2304 viros
1428 2311 1431 2316 ¹

146 2353 311 2418 adhibeant,
330 2354 363 2408 de
382 2370 499 2425 qnorum
518 2355 571 2410 fide
591 2361 619 2410 et
638 2355 802 2425 integritate
827 2356 881 2410 sibi
901 2355 1027 2425 polliceri
1046 2361 1167 2427 queant,
1186 2353 1257 2409 nibil
1275 2370 1323 2409 eos

147 2463 254 2529 gratiae
273 2462 393 2529 daturos,
407 2462 477 2517 nihil
497 2463 566 2532 odio,
580 2463 627 2520 sed
645 2464 720 2518 omni
739 2463 861 2518 humano
876 2465 977 2520 affectu
996 2461 1166 2534 posthabito,
1180 2462 1229 2517 Dei
1242 2462 1322 2516 dum-

147 2571 226 2620 taxat
244 2566 363 2636 gloriam
382 2572 556 2638 spectaturos
574 2576 603 2624 et
621 2567 711 2624 tidelis
730 2569 824 2638 populi
844 2569 1004 2624 utilitatem.

236 2673 278 2728 39.
300 2674 337 2730 De
351 2676 435 2729 variis
448 2677 624 2745 opinionibus
643 2683 727 2748 atque
745 2677 892 2732 sententiis
905 2678 996 2746 (iuxta
1008 2677 1151 2732 benedicti
1165 2675 1230 2730 XIV
1244 2692 1322 2746 prae·

147 2783 270 2848 ceptum)
289 2783 382 2836 animo
401 2800 418 2836 a
436 2783 612 2852 praeiudiciis
630 2783 758 2837 omnibus
776 2800 879 2852 vacuo,
899 2783 1074 2838 indicandum
1095 2781 1148 2836 sibi
1168 2798 1228 2836 esse
1253 2795 1321 2836 cen·

146 2902 222 2940 sores
247 2887 343 2940 sciant.
362 2887 459 2958 ltaque
485 2890 619 2954 nationis,
637 2888 776 2953 familiae,
797 2887 924 2953 scholae,
943 2888 1065 2942 instituti
1085 2887 1215 2942 affectum
1238 2901 1323 2941 exeu-

146 2993 227 3059 tiant,
241 2993 333 3047 studia
345 2995 466 3063 partium
485 3001 634 3064 seponant;
653 2995 795 3049 Ecclesiae
809 2995 927 3049 Sanctae
947 2995 1085 3064 dogmata,
1102 2999 1131 3048 et
1150 3009 1323 3048 communem

147 3101 354 3156 Catholicornm
374 3103 542 3169 doctrinam,
561 3121 632 3174 quae
650 3104 837 3158 Conciliorum
864 3104 1037 3174 generalium
1064 3104 1198 3168 decretis,
1218 3103 1323 3157 Roma·

148 3225 246 3264 nornm
266 3211 432 3266 Pontificum
446 3211 706 3278 Constitutionibus,
719 3216 804 3282 atque
819 3213 969 3267 Doctorum
989 3227 1122 3267 consensu
1137 3211 1325 3274 continentur,

148 3318 229 3372 unice
247 3335 314 3387 prae
332 3318 420 3373 oculis
439 3319 568 3374 habeant.

237 3422 279 3476 40.
300 3424 437 3478 Absoluto
461 3427 602 3494 examine,
622 3426 644 3479 si
665 3425 734 3480 nihil
755 3427 942 3496 publicationi
964 3426 1028 3480 libri
1048 3426 1159 3480 obstare
1177 3424 1324 3489 videbitur,

148 3527 324 3595 Ordinarins,
344 3531 372 3583 in
392 3531 502 3600 scriptis
527 3537 556 3586 et
580 3533 693 3587 omnino
718 3533 820 3602 gratis,
840 3531 916 3587 illius
941 3531 1100 3602 publicandi
1126 3531 1270 3586 licentiam
1297 3531 1325 3583 in

150 3635 286 3706 principio
304 3636 349 3691 rel
369 3638 397 3690 in
416 3639 471 3693 fine
490 3640 580 3708 operis
598 3641 817 3709 imprimendam,
836 3641 942 3695 auctori
963 3640 1104 3695 concedat.

656 3853 752 3908 Carus
771 3823 814 3907 lll.

413 3993 453 4048 Dc
475 3995 552 4048 libris
567 3998 704 4066 praeciae
724 4013 858 4050 censurae
877 3999 1065 4052 subiiciendis.

239 4173 281 4227 tl.
296 4172 397 4227 Omnes
406 4172 502 4226 fideles
516 4177 647 4228 tenentur
660 4176 791 4244 praeviae
804 4193 938 4230 censurae
951 4175 1158 4232 ecclesiasticae
1168 4193 1215 4231 eos
1227 4177 1326 4233 saltem

149 4278 288 4334 subiicere
306 4278 407 4345 libros,
426 4279 473 4350 qui
494 4280 607 4334 Divinas
633 4281 805 4350 Scripturas,
825 4282 937 4337 Sacram
960 4282 1155 4352 Theologiam,
1176 4284 1326 4339 Historiam

149 4384 390 4452 Ecclesiasticam‚
410 4385 657 4456 boemanicum,
678 4388 859 4458 Theologiam
879 4391 1051 4456 naturalem,
1070 4390 1203 4457 Ethicen,
1222 4392 1327 4448 aliasve

295 4545 355 4599 Soc.
376 4545 453 4616 Lapa
1184 4549 1218 4606 36
