3296 5108
297 277 362 340 410
822 291 904 336 rans
930 291 951 334 1.

297 420 343 484 rei
371 417 518 503 publicae
548 415 743 487 discrimine,
776 435 845 500 arg.
871 433 946 497 cap.
970 414 1004 486 2,
1034 413 1079 478 De
1106 413 1275 478 immunit.
1306 413 1418 484 eccles,
1443 411 1481 476 X

296 540 370 624 (ΙΙΙ,
396 540 461 625 49).

386 667 423 730 ln
447 665 531 730 bello
555 665 641 729 tarto
665 663 825 746 offensior
849 665 918 728 sive
941 663 1055 728 clerici
1079 663 1147 726 sive
1172 662 1251 727 iaici
1284 661 1368 726 frunt
1396 663 1478 724 irre-

296 789 427 874 gulares
450 791 503 871 qui
527 789 651 854 hostem
669 786 858 852 occiderunt
873 793 928 852 aut
944 787 1144 860 mutilarunt,
1161 787 1307 868 quamvis
1323 785 1354 848 id
1370 795 1480 869 patra·

296 915 404 978 rerint
428 915 618 978 necessitate
641 913 743 978 eoacti
765 911 944 996 personalis
960 911 1156 976 detensionis
1174 915 1205 976 et
1221 929 1350 976 servaro
1365 909 1476 974 mode·

297 1037 420 1102 ramine
436 1037 619 1122 inculpatae
636 1037 764 1102 tutelae.
782 1035 872 1100 Haec
888 1035 1052 1098 conclusio
1069 1040 1161 1098 certa
1177 1041 1227 1099 est
1242 1053 1338 1118 quum
1355 1033 1476 1098 milites

296 1167 414 1244 sponte
436 1182 494 1226 sua
517 1163 608 1247 signa
628 1163 729 1226 secuti
750 1167 834 1226 sunt.
853 1159 972 1226 Suarez
989 1159 1109 1230 XLVI,
1127 1160 1158 1232 2,
1177 1161 1206 1223 t.
1225 1159 1287 1224 Sed
1304 1157 1379 1243 quid
1394 1161 1479 1223 iuris

296 1285 336 1351 de
359 1287 509 1352 militibus
526 1289 579 1370 qui
596 1287 762 1352 hodiernis
784 1286 910 1371 legibus
927 1287 1017 1350 inviti
1034 1285 1304 1351 conscribantur?
1321 1286 1373 1349 Ex
1388 1275 1479 1370 prinss

296 1413 386 1498 cipiis
409 1432 503 1496 supra
529 1413 639 1496 positis
663 1413 697 1476 bi
711 1412 872 1477 'videntur
895 1411 1080 1476 excusandi.
1108 1413 1213 1475 Porro
1237 1411 1320 1475 haec
1348 1411 1475 1495 irregu-

295 1536 409 1602 laritas
432 1534 612 1621 repetenda
636 1543 684 1600 est
707 1556 752 1601 ecc
774 1536 907 1618 defectu
931 1537 1086 1602 lenitatis.
1113 1535 1160 1600 Cl.
1186 1556 1217 1600 n.
1243 1535 1318 1600 318.

385 1661 550 1726 Communi
575 1661 736 1724 sententie
760 1665 957 1726 excusantur
981 1660 1107 1732 milites,
1133 1661 1229 1724 etiam
1253 1665 1372 1742 sperate
1394 1679 1475 1724 con-

296 1786 418 1870 scripti,
443 1786 585 1868 quisuis
615 1786 762 1849 manibus
785 1805 848 1849 non
881 1785 1070 1850 occiderunt
1100 1789 1155 1849 aut
1178 1785 1377 1854 mutilarunt,
1402 1805 1476 1870 arg.

296 1930 322 1975 c.
340 1931 367 1976 c.
386 1909 410 1975 3
433 1910 483 1976 De
505 1910 615 1976 cleric.
634 1929 784 1992 percuss.
811 1915 843 1973 et
865 1909 914 1974 et
939 1909 987 1974 De
1011 1909 1169 1976 homicid.
1187 1909 1249 1975 Sed
1274 1911 1374 1994 Cong.
1393 1910 1474 1975 Con·

296 2033 361 2098 ollii
376 2035 471 2098 solita
495 2040 541 2098 est
567 2033 764 2118 respondere
780 2035 875 2100 etiam
900 2037 930 2096 in
952 2034 1015 2098 hoc
1032 2053 1108 2098 casu
1124 2054 1184 2118 pro
1199 2035 1372 2098 existentia
1388 2036 1474 2099 irre·
1588 2025 1591 2032 ⁴

296 2157 538 2236 gularitatisex
555 2159 712 2241 principio
724 2157 868 2240 reticem
880 2156 996 2240 quippe
1013 2176 1126 2240 parum
1140 2156 1335 2222 attendenda
1346 2155 1478 2222 ridetur

296 2282 432 2345 assertio
456 2282 588 2346 militum
609 2282 662 2364 qui
679 2281 876 2348 contendunt
898 2281 1074 2364 sclopetum
1099 2299 1133 2346 se
1158 2282 1190 2345 in
1215 2291 1324 2345 aerem
1346 2301 1478 2366 semper

296 2405 487 2490 displosisse,
513 2407 619 2491 prouti
643 2408 722 2471 scite
746 2411 835 2470 notat
860 2405 978 2470 Bened.
1005 2405 1088 2470 XIV
1112 2407 1133 2477 l,
1158 2427 1185 2471 c.
1210 2403 1340 2490 2011).

384 2530 495 2595 Monet
520 2549 600 2594 vero
631 2528 844 2594 D’Annibale:
866 2526 944 2594 «At
976 2529 1005 2595 ir
1037 2530 1097 2614 qui
1127 2529 1258 2594 dubitat
1288 2549 1373 2594 num
1401 2531 1476 2612 ipre

295 2649 454 2720 occiderit
476 2658 538 2718 cut
559 2651 766 2718 mutilaverit
787 2653 946 2736 aliquem,
971 2653 1046 2718 ticet
1069 2652 1167 2716 multi
1191 2651 1291 2718 occisi
1318 2659 1350 2718 et
1376 2653 1476 2719 muti-

295 2779 354 2844 lati
383 2778 513 2862 fuerint
542 2798 612 2846 nort
643 2783 691 2844 est
721 2779 961 2863 irreperet-tr»
987 2797 1105 2862 nempe
1127 2780 1159 2842 in
1184 2777 1269 2844 bello
1299 2781 1382 2843 iusto
1413 2781 1474 2844 etsi

295 2903 464 2986 offerrive.
1091 2881 1096 2892 ¹

383 3028 459 3094 321.
473 3028 584 3102 Quoad
601 3029 786 3093 facultatem
800 3027 1013 3112 dispensandi,
1027 3028 1119 3103 haec,
1133 3049 1229 3111 quum
1246 3029 1476 3114 irregularitas

295 3159 410 3217 estem
433 3152 566 3235 defectu
589 3154 746 3235 territatio,
772 3153 830 3217 soli
856 3153 1001 3216 Romano
1026 3149 1175 3216 Pontifici
1199 3154 1362 3238 competit.

385 3278 439 3343 Sin
464 3285 512 3343 est
535 3297 580 3344 ea·
603 3279 732 3351 delicto,
757 3285 835 3344 tunc
857 3279 890 3341 vi
913 3277 1034 3342 decret.
1061 3277 1181 3342 Concil.
1206 3276 1294 3341 Trid.
1314 3297 1393 3343 serr.
1411 3277 1472 3350 24,

295 3421 369 3485 cap.
383 3403 405 3467 6
422 3403 471 3468 De
485 3403 547 3486 ref.
567 3405 743 3489 Episcopus
760 3403 946 3488 dispensare
963 3423 1027 3468 non
1044 3404 1130 3468 velet
1146 3402 1272 3486 qnando
1289 3405 1349 3468 ista
1366 3405 1473 3470 oritur

295 3542 340 3589 eoo
364 3523 543 3590 homicidio
567 3526 694 3591 occulto
718 3525 922 3590 voluntario.
943 3559 959 3572 -
982 3524 1064 3598 Quia
1091 3545 1260 3590 versamur
1286 3527 1318 3589 in
1342 3525 1472 3606 odiosiS,

295 3651 412 3734 poterit
427 3668 507 3732 ergo
531 3649 718 3735 dispensare
735 3652 768 3715 in
788 3651 1092 3735 irregularitatem
1111 3649 1323 3716 mutilatione
1340 3651 1471 3716 occulta

383 3879 422 3949 (Ι)
442 3879 531 3939 Quare
550 3895 622 3950 qnae
641 3878 772 3948 leguntur
791 3884 819 3932 in
838 3881 908 3949 solio
923 3881 1052 3934 Aueiren.
1074 3880 1164 3948 irrep.
1185 3878 1472 3943 3010118010-

293 3983 401 4039 llcet:«
416 3986 441 4038 S.
456 3986 483 4040 C.
497 3988 603 4038 censuit
616 3985 741 4054 indigere
755 3985 960 4053 dispensatione
974 3985 1020 4055 qni
1034 3984 1170 4038 saeculari
1184 3984 1302 4038 militiae
1315 3983 1471 4053 adscriptus

294 4105 371 4142 arma
389 4089 456 4142 tulit
474 4095 503 4144 et
521 4089 630 4144 bellicis
649 4089 871 4158 expeditionibus
890 4105 919 4143 se
938 4089 1089 4142 immiscuit
1107 4089 1174 4144 licet
1193 4089 1331 4144 neminem
1354 4091 1469 4144 interie-

294 4197 364 4250 cerit
383 4204 432 4251 ant
451 4197 624 4252 mutilaverit
637 4199 666 4250 in
685 4197 779 4268 Ipren.
794 4197 919 4266 irrepat.
935 4199 971 4250 16
992 4199 1057 4251 Dec.
1072 4199 1161 4263 1702,
1175 4208 1200 4252 et
1219 4197 1256 4251 13
1275 4198 1335 4252 lara.
1349 4199 1430 4252 1703
1444 4217 1469 4266 r,-

294 4303 477 4374 intelligenda
490 4309 554 4358 sunt
567 4305 659 4374 prouti
672 4321 705 4359 ea
718 4306 747 4358 in
758 4321 824 4358 casu
835 4305 929 4375 Ipren.
940 4305 1055 4374 exponit
1068 4305 1169 4359 Bened.
1181 4304 1244 4358 XIV
1258 4305 1276 4358 l.
1287 4323 1310 4359 c.
1320 4311 1350 4359 et
1363 4321 1417 4358 non
1427 4309 1469 4361 est

293 4410 463 4465 admittenda
473 4413 526 4465 ista
535 4413 664 4466 absoluto
673 4412 799 4476 assertio,
809 4429 891 4481 quam
903 4412 1035 4466 enunciat
1045 4413 1103 4482 ipse
1114 4411 1267 4481 Schmalzg.
1283 4413 1312 4466 V.
1322 4413 1357 4464 12
1367 4431 1393 4466 ra
1403 4413 1465 4466 tao.
