3296 5108
320 245 385 310 448
839 260 924 308 rans
947 261 970 307 1.

319 389 469 452 evectum
493 403 627 450 omnem
650 401 736 456 eunt,
761 403 866 468 quam
890 383 1043 449 instituto
1066 382 1252 448 christiana
1271 390 1492 468 pepererunt.

319 511 536 594 disciplinam
550 509 726 597 calipiouis
740 511 860 595 reique
870 509 1028 592 publicae
1043 527 1236 594 uocumque
1251 510 1298 576 od
1317 509 1497 596 inperviam

318 656 419 704 suum
443 642 615 716 adtremat,
640 635 749 703 ductis
771 655 789 702 e
812 635 923 702 mettio
947 634 1183 702 Naturalismo
1205 635 1441 717 fundamentis
1464 645 1495 704 ct

319 763 491 850 lapibus».
517 762 608 827 Haec
632 763 717 826 enim
741 763 845 828 omnis
874 762 1016 846 nequitia
1045 761 1160 826 harum
1190 762 1396 842 societatum3
1420 763 1497 828 sub·
1618 831 1619 850 ἶ

319 888 453 952 stituere
476 885 628 950 nimirum
649 884 716 970 legi
739 905 759 948 a
783 885 849 950 Deo
872 883 1036 949 revelatae
1061 883 1191 950 atinde
1214 882 1381 950 derivatae
1404 885 1497 952 disci·
1618 927 1619 954 l

318 1012 425 1097 ptinae
438 1030 548 1077 rerum
564 1010 744 1076 dIvInarum
760 1010 1047 1094 humanarumque.
1061 1010 1166 1095 legem
1183 1011 1317 1076 rationis
1333 1011 1499 1077 humanae
1618 1095 1619 1100 ἵ

319 1137 509 1202 naturalem.
526 1136 667 1200 Variant
681 1154 760 1200 sane
774 1133 879 1199 media
895 1155 954 1219 pro
970 1136 1100 1200 mutatis
1119 1135 1326 1220 temporibus,
1343 1155 1401 1202 seu
1418 1136 1497 1202 olim
1618 1133 1619 1210 ff

318 1261 556 1326 coniurationes
579 1264 736 1342 secretae,
764 1258 944 1331 homicidia.
969 1259 1126 1326 vtolentes
1154 1258 1497 1344 rerumpublicarum
1618 1259 1619 1332 t

318 1385 553 1458 subversiones.
570 1383 666 1450 hodie
682 1385 879 1469 potissimum
898 1385 969 1450 lues
991 1385 1162 1470 impietatis
1184 1385 1250 1450 late
1266 1384 1500 1454 disseminatae

317 1528 377 1594 per
391 1507 625 1593 ephemerides.
642 1529 702 1593 per
724 1506 833 1590 libros,
851 1509 1057 1594 perscripta.
1074 1527 1134 1594 per
1148 1509 1277 1595 pubIIca
1292 1512 1496 1595 spectacula.

317 1634 368 1699 vel
393 1635 426 1698 in
449 1633 584 1717 publicIs
607 1634 743 1698 comitiis
766 1652 825 1718 per
852 1637 1008 1698 oratores.
1027 1668 1045 1680 -
1071 1631 1261 1698 Huiusmodi
1285 1639 1361 1698 sunt
1384 1639 1497 1700 sectae

317 1761 517 1826 massonicae
533 1765 566 1824 et
588 1760 671 1825 aliae
691 1757 804 1824 affines
819 1759 920 1826 veluti
943 1761 1114 1825 societates
1137 1759 1382 1832 Fauianorum
1411 1758 1496 1826 Car-

319 1879 473 1960 bonaria,
495 1878 727 1960 Maaziaiaaa,
746 1877 995 1952 Ntltilisturum,
1013 1877 1309 1950 Anarchisturum.
1333 1879 1497 1946 lateam-

319 2003 579 2072 tiomtmamm.
605 2002 653 2070 Oi.
679 2003 867 2068 Pennacchi
890 2005 911 2068 l.
936 2023 963 2069 c.
985 2022 1020 2084 p.
1048 2002 1123 2066 124.

407 2129 583 2202 Quaeritur
605 2149 647 2192 an
675 2127 855 2192 socialistao
885 2126 975 2192 hisce
1006 2128 1102 2193 sectis
1128 2128 1192 2192 sint
1215 2127 1428 2194 accensendi.
1452 2131 1497 2194 Et

317 2251 457 2319 affirmat
480 2254 520 2319 cl.
538 2253 681 2318 Gennari
698 2254 719 2316 l.
736 2272 763 2318 c.
776 2271 813 2334 p.
831 2251 872 2315 41
879 2271 893 2334 ;
917 2257 950 2316 et
965 2251 1004 2316 cl.
1023 2251 1210 2318 Pennacchi
1233 2254 1254 2317 l.
1279 2273 1306 2318 c.
1315 2273 1331 2335 ,·
1354 2254 1497 2318 maxime

318 2379 392 2464 quia
408 2379 439 2443 in
457 2379 564 2444 Const.
578 2411 596 2424 -
612 2376 707 2448 Quod
722 2376 907 2459 Apostoliei
920 2375 1074 2442 murtetis
1091 2411 1109 2423 -
1127 2375 1244 2440 Leonis
1258 2377 1342 2442 XIII
1358 2377 1427 2442 lata
1443 2378 1498 2443 die

317 2504 368 2570 28
389 2503 468 2570 Dec.
492 2503 581 2568 1878
612 2505 657 2567 Ita
687 2501 881 2568 damnantur
904 2500 966 2566 hae
993 2502 1164 2566 societates
1181 2521 1199 2563 a
1216 2501 1409 2588 Iutettipitis
1431 2523 1497 2571 iios

317 2628 361 2694 de
379 2628 439 2693 illa
455 2627 631 2693 hominum
645 2632 736 2693 secla
752 2626 845 2711 toqui
860 2628 914 2710 qui
930 2624 1068 2690 diversis
1084 2630 1117 2690 et
1132 2645 1215 2710 pene
1230 2625 1380 2691 barbaris
1395 2629 1495 2692 nomi·

317 2750 411 2818 nibus
424 2751 630 2831 Sometimes,
643 2749 892 2818 comminatae
904 2757 936 2817 et
948 2749 1127 2816 Nihilislce
1138 2750 1342 2835 appellantur
1358 2757 1420 2816 etc.
1431 2773 1462 2816 a.
1474 2787 1495 2800 -

318 2877 532 2943 NihilomInus
554 2877 656 2962 magis
670 2876 778 2960 placet
792 2877 953 2940 sententIa
977 2875 1014 2938 P.
1038 2875 1270 2940 Vermeersch.
1289 2876 1309 2940 l.
1327 2896 1353 2941 c.
1374 2895 1414 2958 p.
1435 2875 1494 2950 63.

317 2998 432 3064 aientis
455 2997 644 3064 absolutam
667 2997 929 3082 affirmationem
959 2995 1030 3062 dari
1054 3016 1118 3060 non
1142 3016 1236 3080 posse
1259 2995 1299 3060 ob
1322 2997 1439 3063 faciles
1463 3005 1497 3064 et

317 3121 503 3205 frequentes
519 3123 711 3188 mutationes
727 3140 806 3204 quas
821 3121 987 3204 patiuntur
1002 3119 1065 3185 hae
1080 3125 1188 3184 sectae
1203 3127 1236 3184 et
1251 3120 1437 3186 advertis«
1451 3122 1497 3187 Iu

317 3245 433 3332 Belpio
445 3245 480 3308 in
492 3244 571 3310 duas
583 3249 690 3329 partes
703 3243 852 3310 abierunt
865 3245 1054 3316 socialistae,
1071 3244 1125 3308 alii
1137 3243 1341 3326 illurccistac,
1355 3263 1497 3329 quorum

318 3368 453 3435 diarium
466 3373 516 3435 est
527 3369 575 3435 Le
588 3366 724 3450 Peuplc,
734 3369 903 3436 declamat
914 3388 949 3433 se
962 3369 1048 3434 nolle
1063 3370 1109 3432 uti
1122 3367 1183 3432 nisi
1194 3367 1308 3432 mediis
1322 3367 1496 3454 legalibus.

319 3492 384 3558 Alii
401 3493 633 3566 decretistae,
650 3494 703 3576 qui
718 3491 882 3576 possident
905 3491 1143 3577 ephemeridem
1159 3489 1211 3557 La
1227 3491 1364 3558 butoitla
1379 3499 1499 3578 aperte

319 3617 480 3702 appellant
504 3635 605 3682 novas
629 3637 682 3682 res
699 3653 717 3666 -
735 3618 769 3682 tu
783 3617 974 3684 revolution
990 3637 1020 3682 a.
1037 3653 1055 3662 —
1071 3616 1134 3682 Sed
1150 3635 1215 3681 non
1231 3635 1399 3701 possumus
1415 3637 1497 3682 oon·

318 3743 440 3807 sentire
463 3761 535 3806 cum
552 3742 590 3807 el.
609 3743 752 3806 Auctore
775 3744 809 3806 in
832 3761 871 3806 eo
887 3739 970 3825 quod
986 3743 1084 3826 ponit.
1101 3741 1217 3806 harum
1233 3741 1423 3806 societatum
1443 3741 1501 3807 bio

317 3865 541 3932 damnatarum
554 3867 742 3949 requisitum
756 3885 856 3932 -esse
871 3871 1026 3932 secretas.
1038 3900 1055 3913 -
1070 3864 1174 3932 Hodie
1186 3867 1272 3930 enim
1284 3870 1394 3931 sectae
1407 3885 1500 3932 mus·

316 3990 461 4062 tonicae,
479 3990 725 4056 conniventibus
748 3989 882 4076 publicis
902 3989 1036 4076 legibus,
1053 3993 1178 4056 secreto
1201 4009 1315 4075 parum
1333 3994 1391 4054 aut
1412 3989 1499 4054 nihil

319 4135 397 4200 opus
409 4115 539 4197 habent,
549 4115 633 4182 unde
645 4113 798 4181 Pontifex
810 4117 896 4181 eavit
907 4135 924 4179 a
933 4117 1055 4198 palam
1067 4121 1252 4200 aperteque
1262 4115 1456 4182 moliuntur
1467 4137 1497 4178 a.

407 4237 440 4322 3)
464 4240 503 4304 In
527 4241 626 4305 tertia
649 4241 751 4306 classe
767 4239 960 4305 damnantur
975 4239 1050 4305 libri
1074 4240 1167 4324 «qui
1190 4257 1324 4306 armes
1340 4239 1385 4306 ub
1400 4237 1498 4324 Apo-

317 4362 435 4429 stolicu
457 4361 543 4430 Sede
561 4366 772 4447 proscriptos
796 4370 932 4431 tueatur
947 4385 977 4428 ».
