3296 5108
331 345 398 408 380
858 366 940 413 rias
963 367 987 412 1.

418 487 494 553 292.
514 487 665 554 Defectus
677 491 710 554 in
723 489 881 556 1111νί1131
896 499 929 554 et
941 491 1094 573 pedtbas,
1107 493 1134 555 si
1150 511 1279 576 graves,
1293 491 1415 556 faciunt
1431 493 1508 554 irre

329 616 487 700 gularem.
508 615 645 682 Claudos
668 617 868 702 irregulares
884 637 956 682 esse
972 617 1073 682 edixit
1089 618 1262 682 Zacharias
1278 619 1368 701 Papa
1383 619 1414 681 in
1432 619 1512 682 Con

329 740 379 804 cil.
408 741 500 806 Rom.
525 761 554 805 3
579 741 655 812 74],
680 743 713 806 in
738 743 876 807 Decreto
904 763 980 808 ean.
1003 743 1064 826 57,
1091 744 1166 808 dist
1191 745 1219 826 1,
1246 744 1290 808 de
1312 747 1512 822 mimeram

329 865 498 931 dummodo
521 873 628 932 1311311
645 867 791 934 defectus
805 870 847 934 sit
863 868 958 934 valde
973 871 1093 953 gravis.
1110 889 1180 954 arg.
1197 869 1335 935 331310
1356 868 1432 932 diri.
1449 867 1508 935 55.

329 991 427 1055 veluti
448 993 473 1056 si
498 994 569 1076 quis
591 995 661 1058 sine
683 992 798 1058 baculo
829 993 869 1059 ad
893 994 997 1058 altare
1028 995 1078 1058 ire
1101 999 1134 1058 et
1156 996 1336 1058 consistere
1360 997 1509 1074 nequeat.

328 1115 481 1190 Quamvis
504 1117 535 1183 S.
561 1117 595 1183 G.
625 1117 659 1182 Ο.
683 1138 757 1183 cum
780 1120 843 1182 iam
864 1119 1032 1201 promotis
1055 1119 1181 1184 facilius
1205 1117 1376 1203 dispenset.
1401 1129 1509 1180 tamen

328 1243 422 1306 etiam
440 1263 513 1308 oum
526 1245 771 1325 prootoeendr's
785 1245 956 1330 aliquando
972 1246 1151 1310 faciliorem
1168 1265 1204 1310 se
1220 1243 1376 1330 praebuit.
1394 1246 1432 1310 ln
1449 1243 1509 1309 ea-

326 1367 456 1432 tbaoen.
473 1368 515 1432 17
530 1367 686 1434 Decemb.
702 1368 794 1435 1859
809 1368 1002 1454 dispensatio
1023 1367 1146 1436 indulta
1161 1369 1222 1434 fuit
1237 1366 1396 1432 sacerdoti
1413 1387 1509 1451 quem

326 1491 475 1556 cruribus
497 1491 578 1556 adeo
602 1513 673 1558 esse
696 1495 916 1579 praepeditum
937 1494 1103 1562 referebat
1123 1461 1299 1580 Episcopus
1322 1499 1356 1558 ut
1379 1493 1508 1556 nonnisi

326 1635 421 1682 manu
446 1637 544 1702 super
568 1617 740 1683 humerum
756 1620 933 1684 assistentis
949 1620 1052 1704 posita
1073 1619 1113 1682 ad
1138 1615 1281 1682 infimum
1296 1617 1409 1680 altaris
1432 1635 1509 1700 gra-

325 1739 400 1806 dum
423 1740 645 1827 genuflectere
666 1742 793 1808 valeret
817 1741 873 1828 (1).
892 1777 909 1792 -
928 1744 966 1806 ln
983 1743 1147 1808 Asculano
1169 1741 1225 1807 die
1246 1741 1298 1806 20
1318 1741 1395 1808 Feb.
1415 1741 1512 1804 1808

325 1868 517 1952 pennissum
541 1873 590 1934 est
604 1889 629 1932 s.
646 1865 812 1932 ordinibus
834 1869 955 1932 initiari
976 1875 1139 1933 oratorem
1155 1869 1208 1951 qui
1229 1871 1363 1952 propter
1379 1867 1511 1930 renium

324 1991 520 2057 debilitatem
551 1991 737 2058 claudicans
768 1991 1027 2078 genuflexionem
1059 1995 1114 2058 rix
1145 2013 1231 2079 genu
1261 1993 1393 2057 sinistro
1416 1993 1509 2056 ineo-

324 2115 431 2188 habat,
458 2116 692 2202 dexterumque
707 2138 793 2203 genu
809 2119 861 2184 vel
878 2123 1048 2202 utrumque
1064 2117 1157 2182 simul
1173 2115 1306 2182 flectere
1322 2116 1511 2181 nullatenus

323 2239 443 2324 absque
470 2241 605 2306 alterim
637 2242 759 2306 auxilio
781 2241 921 2306 valebat.
948 2245 1029 2308 Item
1053 2243 1087 2306 in
1111 2240 1292 2306 Gomaclen.
1317 2239 1373 2305 die
1396 2237 1421 2304 3
1445 2238 1510 2303 De·

324 2365 425 2432 11111).
451 2365 551 2433 1863.

412 2491 472 2566 Qui
501 2491 583 2577 pede
605 2495 730 2558 tantum
750 2494 803 2558 vel
818 2492 900 2578 pede
916 2498 948 2558 et
971 2513 1070 2558 crure
1093 2497 1208 2557 carent
1224 2497 1280 2557 aut
1295 2489 1376 2574 pede
1392 2487 1509 2556 fictitio
1639 2489 1640 2543 l

322 2613 444 2682 affabre
468 2617 626 2682 instructo
642 2622 776 2682 utuntur
792 2619 820 2682 si
835 2618 1020 2702 promoveri
1037 2621 1148 2701 petant
1166 2614 1353 2680 difficillime
1374 2613 1506 2698 dispen-

321 2739 445 2805 satione
461 2740 617 2804 hacteuus
633 2739 811 2814 donantu1·;
828 2759 907 2804 sane
922 2759 1085 2825 perpauca
1100 2744 1215 2805 extant
1230 2739 1379 2823 exempla
1395 2739 1504 2823 prouti

321 2869 452 2929 notatur
474 2867 507 2929 iu
530 2865 613 2950 solio
645 2865 860 2930 Mediolanen.
885 2865 940 2932 die
970 2865 1011 2931 14
1035 2865 1144 2948 Aprit
1169 2863 1281 2948 1891,·
1308 2870 1340 2929 et
1363 2865 1395 2928 in
1421 2864 1504 2926 Ber-

320 3009 446 3076 gomen.
476 2989 532 3055 die
562 2989 614 3055 22
638 2991 726 3073 Sept.
756 2990 846 3055 1866
876 2989 1070 3075 dispensatio
1100 3009 1257 3056 concessa
1290 2957 1350 3055 fuit
1378 2993 1413 3056 31
1443 2987 1505 3052 sub

321 3114 465 3182 clausula
483 3139 500 3178 a
517 3116 554 3181 ia
577 3116 774 3198 coemptum
796 3135 867 3182 noa
890 3117 1094 3183 adducendo
1107 3139 1136 3180 ».

409 3241 559 3306 Defectus
582 3241 615 3304 in
639 3238 772 3325 pedibus
795 3259 859 3304 non
884 3240 961 3306 facit
984 3239 1132 3306 claudum
1156 3240 1213 3306 sed
1237 3239 1425 3306 deformem.
1452 3239 1505 3304 Ita

319 3361 374 3428 ille
398 3367 447 3428 est
468 3364 660 3450 irregularis
684 3365 736 3447 qui
769 3363 882 3448 pedem
914 3364 1012 3430 habet
1041 3385 1165 3431 aarum
1196 3362 1280 3431 idest
1309 3363 1503 3430 deformiter

319 3487 505 3552 inclinatum
534 3507 647 3554 versus
676 3489 788 3573 pedem
812 3490 961 3555 alterum.
986 3490 1140 3556 Attamen
1163 3509 1237 3554 cum
1264 3486 1502 3572 promovendo

317 3611 532 3697 dispensatum
557 3613 618 3679 fuit
640 3615 671 3679 in
697 3614 1032 3681 Soanen.·Pitilianeu.
1056 3615 1108 3681 22
1132 3617 1220 3699 Sept.
1237 3615 1329 3680 1866
1335 3634 1350 3698 ;
1372 3616 1450 3679 item
1468 3615 1500 3678 in

406 3861 445 3932 (1)
464 3861 494 3915 ln
514 3862 686 3920 collectanea
705 3865 751 3919 cit.
767 3865 873 3935 Linges
893 3871 922 3921 et
941 3867 1038 3932 Reuss,
1058 3865 1147 3921 131313
1167 3865 1219 3920 bac
1238 3882 1330 3931 musa,
1350 3865 1502 3935 apponitur

318 3968 496 4038 rescriptum:
516 3971 582 4024 Non
601 3974 742 4042 expedire.
763 4001 776 4012 ·
796 3971 849 4026 Sed
869 3989 965 4028 revera
984 3972 1112 4028 inlibris
1132 3973 1312 4028 Decretorum
1331 3972 1404 4042 apud
1424 3971 1449 4024 S.
1471 3971 1501 4026 G.

316 4073 344 4126 C.
364 4075 405 4128 ita
423 4077 544 4132 refertur
558 4079 736 4149 rescriptum:
749 4093 766 4136 a
781 4081 838 4134 Pro
850 4085 943 4150 pratia
961 4082 1176 4151 dispemationis
1189 4091 1214 4135 et
1227 4081 1429 4134 habilitatioais
1440 4095 1502 4134 ser·

315 4183 385 4235 vatis
398 4191 490 4237 tamen
504 4185 706 4241 conditionibus
719 4189 754 4241 ab
768 4187 905 4258 Episcopo
916 4190 1077 4258 propositis
1090 4192 1165 4259 sacto
1185 4190 1270 4243 111111
1288 4205 1353 4241 curn
1374 4187 1462 4240 SSmo
1476 4203 1502 4244 a.
1633 4205 1634 4208 ’

316 4287 466 4359 Episcopus
490 4309 556 4348 vero
582 4295 754 4364 proponebat
778 4295 1013 4365 dispensationem
1040 4313 1099 4350 esse
1123 4297 1278 4352 valituram
1302 4297 1453 4350 dumtaxat
1472 4299 1504 4348 ia

311 4399 406 4465 patrio
425 4399 543 4470 aliisque
559 4402 808 4472 propinquioribus
829 4403 970 4474 oppidula
989 4405 1037 4457 ubi
1054 4405 1114 4474 ipse
1132 4406 1167 4456 sit
1185 4413 1266 4457 notus
1285 4421 1319 4456 ac
1337 4403 1504 4457 incolarum

316 4514 467 4558 conventus
486 4509 515 4558 ia
534 4508 635 4561 divinis
654 4509 745 4562 minus
763 4517 898 4580 frequens
917 4527 977 4564 esse
994 4511 1091 4564 soleat.
