3312 5108
301 571 323 653 5
347 573 378 636 4.
406 607 424 620 -
448 573 499 638 De
522 574 654 640 cupreis
677 574 886 650 delictorum,
910 593 969 640 seu
993 574 1035 640 de
1053 577 1212 659 pluribus
1235 578 1294 664 qui
1320 579 1359 642 ia
1389 569 1482 644 idern

390 695 549 762 delictum
573 703 791 764 conuertunt.

302 941 520 1001 summarium.
538 975 574 988 -
593 947 636 1001 39.
655 948 796 1009 Quomodo
815 948 909 1017 plures
928 965 1092 1003 concurrere
1111 951 1224 1003 valeant
1242 950 1270 1004 in
1290 948 1431 1004 delictum.
1445 979 1481 990 —

392 1052 435 1105 40.
457 1052 557 1108 Courei
577 1069 625 1107 seu
640 1052 798 1121 complices,
812 1051 861 1106 elii
874 1057 939 1106 sunt
947 1053 1132 1124 principales,
1145 1051 1193 1106 elii
1206 1055 1364 1108 accesserit.
1377 1053 1478 1108 Conrei

391 1161 559 1230 principales
577 1161 716 1216 habentur
734 1162 780 1232 qui
800 1165 969 1216 concurrunt
987 1161 1045 1216 sive
1064 1161 1224 1216 immediate
1239 1167 1268 1216 et
1280 1162 1430 1218 efficaciter
1449 1163 1478 1215 iu

391 1266 563 1337 propositum
583 1267 759 1339 delinquendi
772 1268 830 1322 sive
843 1269 872 1320 iu
885 1268 1078 1324 executionem
1097 1270 1201 1324 delicti.
1215 1271 1306 1326 Ceteri
1327 1272 1420 1325 conrei
1433 1289 1481 1324 ac·

388 1377 504 1430 cursorii
516 1381 588 1429 suut.
601 1405 638 1417 -
649 1377 692 1431 ll.
706 1377 870 1432 Necessaria
888 1381 931 1431 est
944 1376 1012 1431 haec
1026 1377 1169 1448 inquisitio
1183 1385 1214 1433 ut
1226 1378 1381 1448 explicetur
1393 1395 1479 1450 quae-

387 1499 452 1535 nam
472 1485 610 1536 conr-citas
629 1482 780 1538 mulctetur
797 1483 901 1552 poenis.
915 1484 1084 1550 efferuntur,
1098 1485 1218 1554 exempli
1237 1502 1329 1550 causa,
1342 1485 1479 1540 nonnulla

389 1605 539 1658 poenarum
560 1591 678 1645 decreta.
697 1619 734 1631 -
752 1589 848 1642 att-43.
863 1589 1046 1644 Declarantur
1059 1591 1164 1659 species
1177 1590 1287 1662 aliquae
1304 1609 1477 1660 comicorum,

387 1695 435 1764 qui
449 1701 524 1762 sunt,
536 1713 573 1749 sc.
587 1698 759 1759 rutunduntes,
773 1699 908 1764 santoneo,
922 1707 1089 1767 receptores,
1103 1701 1287 1764 consulentes,
1296 1710 1480 1769 praestantes

385 1802 527 1854 ancilium
547 1807 596 1856 aut
614 1807 752 1874 fauorem,
770 1812 865 1856 rutum
882 1805 1018 1858 habentes.

320 2035 323 2042 ’
387 2050 439 2116 39.
468 2052 582 2116 Plures
615 2053 648 2115 iu
679 2051 830 2118 delictum
858 2072 1154 2150 Qflt'l'tl'ss.‚1¹0¹1
1185 2055 1284 2140 semel
1312 2056 1478 2142 contingit

297 2175 413 2259 quippe
437 2182 527 2241 actus
550 2181 675 2262 ponunt
698 2178 750 2260 qui
768 2176 846 2240 illud
861 2177 913 2241 vel
930 2180 1187 2270 coucmnitantur
1202 2179 1255 2243 vel
1279 2178 1474 2264 subsequun-

297 2305 358 2364 tur.
386 2302 599 2368 Nihilominus
634 2302 687 2367 hic
722 2304 861 2388 plurium
889 2306 920 2368 iu
945 2305 1096 2371 delictum
1128 2325 1304 2372 concursus
1334 2309 1473 2394 intelligi

297 2425 342 2489 ita
371 2443 434 2488 non
465 2424 558 2492 debet
589 2431 624 2490 ut
647 2426 756 2510 plures
779 2426 843 2504 sint
865 2429 959 2492 unius
987 2428 1094 2493 delicti
1129 2429 1305 2495 subiectum
1330 2433 1473 2496 activum

301 2551 392 2630 quusi
416 2569 514 2614 unum
538 2550 684 2634 idemque
704 2552 826 2615 crimen
849 2551 959 2635 plures
985 2553 1188 2636 patraverint
1213 2553 1345 2618 viuculo
1373 2557 1472 2619 socie·

294 2673 368 2736 tatis
401 2691 497 2736 uuam
528 2693 699 2758 personam
731 2675 969 2739 constituentes.
1001 2675 1057 2741 Ait
1088 2677 1173 2740 enim
1203 2676 1260 2740 lex
1282 2675 1395 2761 34,ff.
1418 2677 1475 2742 De

293 2794 396 2860 intur.
417 2817 434 2858 e
452 2795 673 2882 &apulorum
692 2797 878 2880 proprium
901 2802 949 2864 est
971 2799 1210 2884 rnulefictum»
1236 2799 1472 2900 pli-mimmenu-

294 2941 367 3024 meu
402 2941 421 2985 a
440 2923 601 3022 ffltllttlss,
626 2928 788 3010 patratum
817 2925 995 3008 imputatur
1017 2925 1176 3014 stupetis,
1208 2947 1272 2990 non
1298 2928 1471 2999 universis,

294 3047 384 3128 quasi
409 3046 534 3111 cuidam
558 3067 716 3132 personae
739 3049 914 3115 turturinae.
942 3051 1021 3113 Nam
1044 3051 1094 3114 ius
1117 3051 1266 3114 naturale
1298 3056 1330 3114 et
1359 3053 1471 3136 positi-

292 3189 366 3235 vum
386 3191 623 3256 recognoscens
638 3174 812 3240 viaculum
827 3175 914 3239 iuris
930 3194 991 3258 quo
1008 3177 1085 3240 socii
1102 3175 1248 3248 inunum
1273 3177 1470 3251 coalescunt,

296 3314 353 3358 seu
377 3295 409 3356 iu
438 3294 615 3359 subiectum
639 3298 786 3361 uotiuum
808 3317 924 3382 nempe
947 3299 981 3361 in
1003 3315 1173 3381 personam
1197 3300 1364 3364 moralem
1387 3300 1469 3365 iuru-

292 3414 417 3494 dicum,
436 3415 609 3480 nullimode
625 3419 744 3502 patitur
760 3417 940 3482 huiusmodi
956 3419 1105 3482 unionem
1121 3436 1215 3502 posse
1238 3420 1403 3485 conciliari
1427 3420 1469 3483 ad

291 3541 557 3624 delinquendum3
581 3543 658 3607 hinc
674 3545 759 3608 euim
775 3545 939 3608 vinculum
957 3544 1042 3610 iuris
1059 3549 1143 3608 esset
1159 3545 1359 3628 operativum
1382 3545 1470 3610 iniu-

290 3667 374 3744 riae,
400 3666 482 3748 quud
507 3673 554 3730 est
577 3666 760 3732 absurdum.

380 3791 532 3853 Attamen
563 3793 638 3854 unio
670 3796 703 3858 et
732 3791 906 3856 cuncordia
936 3791 1089 3876 propositi
1116 3792 1229 3876 vigere
1260 3791 1356 3857 debet
1381 3794 1471 3859 inter

290 3914 400 4000 plures
424 3921 459 3980 ut
482 3915 515 3978 hi
540 3917 572 3980 in
596 3916 678 3980 idem
703 3915 853 3981 delictum
877 3923 1076 3980 concurrant
1098 3921 1131 3980 et
1154 3915 1211 3980 sub
1242 3915 1306 3981 hoc
1334 3923 1469 4001 aspectu

293 4039 387 4103 modo
410 4040 637 4124 perpendimus
660 4042 1085 4126 mensuramimputatiouis
1108 4041 1239 4106 moralis
1263 4043 1379 4127 quoad
1401 4043 1469 4108 sin-

288 4167 396 4250 pulos

381 4288 471 4362 Quae
494 4290 599 4354 unitas
623 4289 777 4374 propositi
794 4288 986 4374 intelligitur
1005 4310 1068 4354 nou
1094 4290 1301 4356 accidentalis
1329 4311 1386 4356 seu
1405 4292 1467 4354 mi-

185 4445 188 4451 ·
289 4409 376 4473 nime
392 4408 588 4491 delituere,
604 4411 707 4493 qualis
719 4409 857 4475 habetur
872 4411 905 4474 iu
922 4411 996 4474 rixa
1011 4412 1043 4473 in
1061 4431 1124 4494 qua
1138 4413 1208 4476 irae
1231 4417 1321 4476 aestu
1339 4411 1466 4496 abrepti
