3312 5108
297 259 341 326 82
820 279 903 328 raas
929 280 951 326 1.

295 405 350 464 tur
372 401 463 483 quasi
486 405 646 487 aeprolus
670 406 703 465 et
725 401 924 484 poenitentia
947 399 1154 466 reficiebatur
1169 401 1269 467 veluti
1292 399 1474 479 rnedicinrt.

296 523 433 589 Formae
456 545 535 589 vero
559 530 716 590 externae
740 524 792 588 vel
817 523 978 589 solemnes
1002 523 1165 591 adhibitae
1188 525 1229 590 ad
1252 527 1376 590 crimen
1400 523 1477 589 diiu-

294 648 465 714 dicandum
481 656 515 714 et
529 649 787 720 discernendum,
813 647 1035 714 inserviebant
1051 651 1323 736 poenitentiarum
1347 651 1477 735 imposi-

292 775 373 840 tioni
396 783 430 841 et
451 775 693 841 sao-amentata·
711 780 935 857 peccatoram
959 774 1101 842 tuitioni.

384 899 436 962 49.
462 898 495 962 Si
519 904 696 982 quaeratur
719 919 761 963 an
784 898 890 962 forum
915 899 1078 964 internum
1102 901 1240 962 externo
1256 897 1475 982 praevaleret,

292 995 547 1089 advertendbm‘
557 1023 606 1088 est
638 1026 671 1088 in
702 1001 847 1109 pluribus
882 1027 1055 1088 externum
1089 1024 1218 1086 interno
1254 1023 1474 1108 praevaluisse

292 1154 426 1234 propter
451 1149 608 1232 publicae
636 1151 864 1232 poenitentias
894 1151 1057 1236 impositas
1079 1150 1212 1215 ratione
1238 1155 1473 1231 peccatoram,

292 1276 438 1356 quamvis
461 1295 578 1340 revera
602 1274 729 1359 publica
753 1276 899 1357 crimina,
925 1277 1053 1340 omnino
1078 1275 1195 1346 civilia,
1220 1273 1356 1339 dicenda
1379 1275 1476 1337 erant

291 1391 471 1458 huiusmodi
494 1393 641 1466 admissa,
660 1400 771 1478 utputa
790 1394 971 1466 homicidia,
989 1394 1086 1458 turta.
1104 1396 1148 1458 At
1158 1393 1291 1477 partim
1307 1393 1412 1478 potius
1427 1393 1474 1454 in-

290 1522 419 1582 ternum
437 1523 574 1582 externo
590 1517 957 1603 praevaluissevidetur,
975 1518 1091 1602 quippe
1112 1519 1144 1581 in
1161 1516 1349 1582 criminibus
1369 1517 1473 1601 magis

290 1641 515 1708 attendebatur
537 1643 627 1709 rotie
643 1642 785 1725 peccati.
804 1642 905 1716 Unde,
929 1645 961 1707 in
988 1662 1026 1708 re
1048 1641 1278 1726 poenitentiali,
1295 1662 1360 1706 non
1384 1643 1474 1706 inva-

289 1767 348 1832 luit
372 1769 559 1850 nisiserius,
584 1768 720 1833 iuridica
742 1767 903 1836 distinctio
925 1767 997 1850 sori
1020 1768 1146 1832 interni
1170 1775 1202 1832 et
1225 1767 1368 1832 amtermi.

381 1891 558 1955 Praeterea
582 1910 624 1954 ex
648 1891 712 1955 hac
734 1892 805 1975 ipsa
821 1891 945 1955 ratione
961 1897 1105 1955 secutum
1122 1895 1179 1964 est,
1198 1890 1364 1955 Ecclesiae
1377 1911 1466 1955 com·

289 2019 464 2101 petentiam
488 2018 665 2101 poenalem,
683 2022 760 2082 tunc
776 2018 939 2101 temporis,
957 2019 1144 2098 seiunctam,
1162 2035 1225 2080 non
1242 2016 1341 2104 fuisse
1357 2036 1377 2080 a
1392 2037 1467 2101 poe·

288 2140 354 2203 nali
371 2143 585 2226 competentia
608 2141 713 2206 civilis
729 2142 895 2226 potestatis
911 2143 1016 2226 prouti
1033 2145 1143 2225 postea
1159 2141 1280 2206 factum
1296 2140 1373 2221 fuit,
1390 2141 1467 2225 quia

288 2265 357 2348 ipsa
380 2265 516 2329 societas
540 2266 642 2330 civilis
665 2265 807 2331 fundItus
833 2267 948 2352 spiritu
976 2265 1153 2332 christiano
1182 2265 1301 2329 imbuta
1328 2285 1465 2350 persua·

288 2388 522 2461 aumhabebat,
540 2391 724 2456 incrimine
748 2395 849 2458 maius
873 2394 991 2457 malum
1016 2413 1087 2458 esse
1110 2397 1287 2478 peecatum,
1305 2391 1465 2476 idemque,

286 2532 402 2597 nempe
426 2533 615 2598 perversam
638 2521 670 2580 et
693 2518 821 2601 impiam
839 2518 871 2580 in
890 2517 989 2582 Deum
1008 2516 1214 2589 voluntatem,
1233 2536 1304 2580 esse
1321 2517 1468 2580 criminis

287 2638 430 2703 radicem
453 2640 504 2702 cui
528 2638 741 2703 eradicandae
762 2643 830 2706 tota
853 2639 1057 2704 incumbebat
1073 2639 1242 2723 disciplina
1256 2639 1468 2724 poenitentia-

286 2761 334 2825 lis.
365 2761 473 2834 Quare
498 2763 601 2826 civilis
628 2766 769 2846 potestas
792 2781 888 2845 quum
913 2782 1026 2848 parum
1058 2759 1236 2827 confideret
1259 2763 1292 2824 in
1317 2761 1465 2826 criminis

286 2885 427 2951 vindicta
457 2887 544 2952 civili
576 2907 632 2951 seu
656 2887 872 2951 immateriali
905 2886 1027 2951 ordinis
1058 2886 1184 2950 socialis
1216 2887 1464 2958 restauratione,

285 3008 424 3074 libenter
462 3007 686 3094 acquiescebat
722 3011 927 3096 poenitentiis
965 3010 1213 3082 ecclesiasticis,
1250 3009 1364 3094 quibus
1398 3029 1464 3074 non

285 3132 410 3192 tantum
433 3128 512 3193 ordo
536 3134 690 3195 externus
715 3128 954 3202 restituebatur,
979 3128 1036 3193 sed
1059 3129 1163 3213 potius
1187 3128 1266 3193 crdo
1289 3129 1465 3194 voluntatis

284 3251 431 3316 internus
455 3249 670 3334 reficiebatur,
696 3252 780 3318 unde
805 3273 929 3318 morum
953 3253 1093 3318 civilium
1132 3255 1272 3318 maxime
1296 3253 1460 3338 speranda

284 3381 334 3441 est
356 3378 556 3442 instauratio.
1021 3461 1023 3464 v

373 3502 426 3567 50.
452 3502 577 3566 Verum
601 3501 640 3566 ab
665 3503 728 3566 hac
751 3499 841 3565 filiali
866 3505 898 3566 et
921 3501 1043 3566 salubri
1059 3501 1277 3576 submissione,
1294 3503 1459 3569 societatis

284 3625 388 3690 civilis
411 3627 444 3689 in
468 3627 647 3699 ecclesiam,
672 3628 822 3692 volvente
846 3627 975 3692 saeculo
997 3626 1121 3693 decimo
1136 3628 1243 3700 tertio,
1260 3631 1459 3712 arroganter

281 3749 315 3811 in
339 3747 520 3813 libertatem
544 3769 578 3814 se
606 3748 782 3816 vindicavit
805 3750 908 3816 civilis
931 3752 1077 3824 societas,
1102 3771 1160 3816 sua
1184 3752 1270 3832 iura,
1292 3751 1381 3834 quasi
1403 3750 1465 3816 sibi

282 3873 322 3938 ab
346 3875 494 3940 Ecclesia
516 3879 678 3960 usurpata,
704 3881 867 3960 repetens
892 3876 1019 3942 Exinde
1042 3881 1183 3961 potestas
1207 3877 1310 3941 civilis
1334 3877 1366 3940 in
1383 3877 1461 3940 civi·

280 3999 326 4063 lia
348 4000 485 4064 crimina
508 4020 628 4085 poenas
650 4001 742 4066 ferre
766 4004 880 4087 coepit,
909 4002 1075 4068 dumtaxat
1098 4004 1186 4068 civili
1210 4023 1307 4088 scopo
1327 4022 1463 4088 respon·

281 4120 403 4204 dentes,
427 4123 620 4189 adamussim
644 4123 801 4190 distinctis
825 4123 1012 4190 criminibus
1044 4126 1190 4191 civilibus
1214 4131 1247 4194 et
1269 4127 1356 4191 civili
1388 4145 1465 4212 poc-

280 4244 346 4308 nali
370 4245 442 4310 toro
466 4246 615 4311 distincto
638 4265 658 4310 a
682 4247 754 4312 iore
778 4248 905 4333 poenali
941 4249 1170 4314 ecclesiastico.
1189 4249 1280 4314 Tunc
1304 4249 1466 4324 Ecclesia,

280 4385 363 4452 quae
387 4367 568 4432 hominibus
591 4367 751 4450 coalescit,
769 4369 873 4434 civilis
896 4370 992 4434 etiam
1015 4370 1177 4436 societatis
1201 4369 1334 4436 foedere
1351 4373 1463 4456 unitis,
