3202 5104
329 255 396 322 208
846 270 931 318 raas
962 269 985 316 1.

329 401 467 480 recepto
497 395 713 481 eleemosyna
736 413 807 462 esse
830 394 969 469 licitum,
993 391 1160 481 respondit
1183 392 1214 459 S.
1240 392 1338 478 Gong,
1363 391 1396 458 S.
1420 393 1458 460 U.
1482 393 1505 460 Ι.
1570 385 1571 400 ³

331 521 387 590 die
410 519 456 586 12
479 519 562 588 tutti
584 520 685 594 1865,
711 522 795 587 citra
818 525 927 586 minen
958 519 1101 586 scandali
1124 522 1159 583 et
1181 520 1332 603 cuiusque
1360 519 1506 604 supersti-

329 645 426 712 tionis
447 641 554 708 labem
586 649 642 709 aut
663 644 844 728 periculum
876 663 919 710 ex
947 647 1041 730 parte
1071 640 1247 709 infidelium
1270 643 1506 728 eleemosynam

331 771 544 840 offerentium.
570 773 698 837 Etenim
728 772 1017 837 excommunicatio
1046 791 1112 836 nou
1136 767 1282 835 infideles
1313 771 1370 836 sed
1401 769 1507 838 fideles

329 898 481 984 percellit
503 901 536 962 et
556 901 656 962 tenet.

420 1022 548 1088 Verum
571 1020 740 1086 Ecclesiae
763 1018 898 1084 intentio
921 1020 953 1083 in
977 1017 1177 1106 prohibendo
1200 1039 1260 1090 usu
1283 1038 1394 1084 rerum
1423 1019 1508 1104 spiri·

329 1145 463 1212 tualium
478 1163 539 1232 per
555 1161 711 1208 censuras
735 1161 774 1208 ea
790 1147 848 1223 est,
869 1147 905 1208 ut
924 1140 1110 1208 earumdem
1126 1141 1323 1208 desiderium
1340 1143 1506 1220 excitetur,

330 1273 429 1354 utque
452 1272 643 1334 consumtus
666 1267 714 1332 sui
739 1265 858 1353 pudeat
881 1265 921 1332 ob
945 1267 1190 1333 detestationem
1215 1285 1279 1352 qua
1300 1267 1386 1353 apud
1401 1265 1508 1332 fideles

332 1398 472 1460 notatur.

421 1517 583 1592 Quocirca
616 1517 903 1582 excommunicatis
932 1519 1068 1584 vetitum
1096 1521 1145 1584 est
1167 1521 1292 1584 tantum
1314 1517 1348 1582 id
1374 1516 1507 1602 quadiu
1577 1493 1579 1508 .

332 1641 474 1708 fidelium
498 1643 723 1707 communione
752 1645 954 1718 continetur;
979 1647 1011 1708 et
1045 1643 1120 1728 quia
1143 1642 1437 1709 excommunicatio
1465 1647 1509 1711 est

333 1784 439 1852 poena
468 1765 677 1836 medicinalis.
703 1766 1002 1840 excommunicatis,
1027 1766 1087 1831 etsi
1114 1765 1270 1840 vitandis,
1294 1785 1360 1831 uon
1385 1765 1508 1832 interdi-

333 1891 419 1956 citur
445 1887 559 1956 audire
587 1889 830 1976 praedicatores
858 1894 890 1955 et
918 1891 1014 1955 etiam
1041 1891 1076 1956 iu
1099 1891 1249 1958 Ecclesia
1278 1911 1379 1957 orare
1401 1897 1506 1956 tamen

332 2016 483 2101 privatim
507 2019 540 2078 et
562 2012 603 2078 ab
626 2014 698 2079 aliis
714 2014 864 2091 seorsim;
888 2034 964 2102 orm.
981 2034 1056 2098 cop.
1079 2013 1139 2082 53.
1156 2015 1207 2081 Dc
1220 2020 1305 2082 sent.
1322 2035 1455 2083 carram.
1471 2016 1507 2081 X.

333 2141 361 2205 E
382 2144 498 2206 contra
521 2141 548 2204 si
572 2139 707 2205 auderet
722 2140 881 2206 otlandus
899 2137 944 2226 (1)
961 2139 1078 2205 divinis
1094 2138 1219 2208 Oltlciis
1237 2139 1361 2216 adesse,
1378 2142 1507 2210 deberet

333 2262 451 2347 expelli
476 2267 530 2328 aut
554 2263 722 2329 intermitti
744 2262 873 2347 publica
891 2264 1092 2349 supplicatio.
1117 2265 1217 2331 Missa
1239 2285 1377 2351 quoque,
1402 2269 1431 2332 si
1454 2268 1507 2332 iam

332 2384 373 2449 ad
397 2381 571 2450 Cononem
594 2387 773 2472 pertigerit,
797 2387 997 2472 producetur
1019 2391 1174 2475 usquead
1194 2393 1506 2463 consummationem,

333 2501 479 2570 fidelibus
511 2505 656 2580 dimissis,
689 2513 723 2574 et
752 2508 898 2594 reliquae
928 2517 1038 2596 partes
1069 2514 1297 2598 persolventur
1328 2513 1508 2580 indecenti

328 2631 413 2706 loco,
438 2633 583 2716 quamvis
599 2651 672 2697 cum
698 2633 847 2699 Ecclesia
871 2637 1051 2712 coniuncto,
1077 2640 1123 2704 uti
1146 2639 1319 2716 Sacristia;
1343 2639 1509 2706 dummodo

332 2756 455 2822 vitandi
480 2753 653 2844 effugietur
668 2763 853 2844 praesentia
869 2768 902 2827 et
917 2766 1106 2831 communio.
1125 2801 1138 2814 ·
1154 2766 1290 2841 Verum,
1308 2769 1355 2832 uti
1375 2767 1509 2832 advertit

332 2879 533 2948 D'Annibale
556 2881 598 2968 (I.
623 2883 707 2958 362,
730 2891 800 2952 not.
820 2886 878 2968 19)
902 2891 935 2953 et
957 2888 1128 2957 coufirmat
1150 2889 1335 2956 Lehmkuhl
1361 2888 1419 2974 (ΙΙ,
1438 2891 1507 2974 891)

332 3003 432 3071 hodie
465 3007 616 3075 toleratis
645 3008 774 3076 videtur
808 3012 951 3097 permitti
982 3019 1018 3079 ut
1048 3013 1164 3082 divirus
1194 3017 1347 3082 intersint
1371 3015 1508 3092 Officia

332 3131 396 3196 imo
420 3132 510 3214 quasi
534 3132 653 3198 hocin
679 3137 761 3201 votis
784 3142 833 3202 est
857 3137 1099 3216 catholicorum,
1123 3145 1159 3207 ut
1181 3143 1355 3208 acatholici
1379 3149 1413 3210 et
1440 3144 1508 3210 mali

333 3252 486 3320 catholici
511 3254 642 3320 videant
665 3258 731 3322 suis
754 3259 856 3325 oculis
878 3279 989 3326 sacras
1017 3261 1199 3330 functiones
1227 3266 1333 3332 cultus
1362 3266 1507 3334 catholici

333 3385 367 3446 et
389 3381 422 3444 in
445 3400 529 3454 eum,
555 3385 674 3449 rituum
698 3389 879 3468 sanctitate,
903 3387 1098 3455 alliciantur.

424 3504 515 3569 Bona
539 3511 684 3573 coeterna
706 3528 789 3592 quae
811 3509 851 3575 ab
875 3511 1024 3591 Ecclesia
1045 3514 1322 3592 administrantur,
1348 3525 1427 3584 sunt
1453 3521 1509 3585 alia

333 3625 448 3691 stricte
480 3629 693 3710 spiritualia,
718 3637 827 3717 utpote
859 3642 1063 3702 sacramenta
1092 3643 1125 3704 et
1154 3643 1419 3718 sacramentalia,
1451 3644 1508 3710 alia
1576 3617 1577 3644 ¹

331 3751 438 3838 potius
463 3753 696 3830 ecclesiastico,
725 3760 842 3845 quippe
865 3761 916 3826 vel
940 3766 1098 3829 externae
1122 3761 1263 3832 fidelium
1285 3767 1507 3854 gubernationi

424 3962 462 4032 (l)
484 3962 588 4018 Verum
614 3967 698 4021 etiam
723 3971 859 4026 toleratas
882 3973 948 4044 quia
972 3975 1016 4028 ius
1035 3992 1088 4030 uon
1108 3975 1194 4034 habat
1215 3977 1401 4036 iuteresseudi
1420 3983 1508 4046 sacris,

334 4065 357 4118 si
370 4071 478 4122 notorie
495 4071 532 4124 sit
545 4075 811 4143 excommunicatus,
828 4079 925 4149 repelli
938 4080 1015 4136 valet
1027 4099 1062 4138 ne
1075 4083 1147 4138 adsit
1159 4083 1262 4140 divinis
1274 4087 1389 4142 Officiis.
1403 4089 1510 4162 iuquam

333 4175 451 4240 notorie,
469 4194 532 4230 nam
549 4180 595 4250 qui
611 4181 720 4250 publice
734 4185 775 4238 uti
789 4187 1045 4242 excommunicatus
1062 4205 1117 4244 uou
1137 4195 1180 4246 est
1198 4193 1328 4262 cognitus
1346 4211 1405 4250 nou
1425 4201 1510 4266 posset

334 4280 437 4349 expelli
457 4283 535 4339 salva
554 4285 616 4358 lege
636 4289 790 4358 charitatis,
809 4309 880 4364 quae
899 4312 954 4350 nou
973 4296 1039 4351 sinit
1058 4298 1086 4352 in
1105 4297 1247 4369 publicum
1265 4301 1309 4357 edi
1329 4304 1446 4358 occulta
1466 4305 1511 4358 cn'·

334 4387 418 4440 mina
440 4388 506 4446 Inde
524 4407 579 4446 uon
599 4393 707 4464 obligat
725 4405 904 4468 praeceptum
923 4402 1051 4459 audiendi
1070 4404 1185 4462 Missam
1204 4413 1469 4468 excommunicatos.
