3302 5100
319 291 385 359 608
741 315 849 362 rnnax
872 315 1076 364 sruornruus

317 433 385 498 199.
406 439 454 496 An
476 435 649 514 impuberes
672 435 919 515 irregularitates
940 457 981 499 ec>
1001 437 1112 500 delicto
1133 439 1303 502 incurrant.
1338 459 1418 520 pap.
1440 439 1505 502 293

316 541 386 605 200.
407 546 455 603 An
478 545 509 602 et
529 561 682 621 quaenam
704 545 879 622 ignorantia
904 549 1031 607 excuset
1059 547 1098 606 ab
1127 547 1359 624 irregularitate

447 669 487 710 eor
507 651 617 712 delicto
640 696 1355 717 ...............
1397 673 1416 716 »
1438 655 1500 716 294

286 765 287 770 ’
315 755 386 819 201.
407 759 455 817 An
477 761 508 816 et
528 759 676 835 quomodo
702 759 825 818 dubium
856 764 922 819 sive
943 762 1023 820 iuris
1044 761 1111 820 sive
1132 765 1212 840 sacti
1233 765 1360 822 excuset

446 865 486 925 ab
508 865 655 924 eiusmodi
675 865 915 943 irregularitate.
930 899 946 912 ·
966 869 1069 934 Quare
1091 886 1131 928 cco
1150 869 1360 948 sactovdubio,

446 975 574 1049 excepto
595 969 755 1032 homicidio
777 972 869 1032 dubio
883 974 983 1051 quoad
998 977 1166 1051 auctorem,
1182 992 1243 1034 non
1256 975 1359 1036 incur·
1434 955 1438 964 ’

446 1081 535 1142 ratur
555 1077 779 1156 irregularitas.
793 1111 807 1124 -
828 1079 872 1138 De
895 1080 1124 1158 dispensatione
1139 1081 1180 1141 ad
1194 1081 1360 1145 cautelam.
1399 1100 1417 1143 »
1438 1080 1502 1142 295

317 1182 388 1245 202.
410 1186 458 1244 An
479 1185 545 1262 quis
566 1185 723 1244 incurrere
745 1186 842 1264 possit
862 1185 968 1266 plures
989 1186 1236 1265 irregularitates
1264 1189 1358 1248 etiam

448 1292 583 1351 eiusdem
603 1292 715 1369 speciei
744 1337 1357 1358 .............
1398 1313 1417 1356 a
1438 1294 1501 1355 298

505 1525 573 1601 ἓ2.
596 1525 643 1584 Dc
663 1525 762 1585 modis
785 1528 894 1605 quitus
916 1527 1039 1586 tollitur
1060 1528 1308 1603 irregularitas.-

663 1634 696 1692 in
713 1633 830 1709 primis
850 1633 889 1692 de
910 1632 1154 1709 dispensatione.

210 1823 217 1838 ⁸
317 1825 387 1891 203.
408 1831 475 1896 Qua
505 1829 635 1904 ratione,
663 1831 789 1906 praeter
820 1829 1118 1906 dispensationema
1147 1831 1186 1892 R.
1207 1829 1355 1890 Pontiflce

450 1952 636 2012 concessam,
658 1934 873 2012 irregularitas
895 1937 1055 1995 contracta
1075 1933 1143 1994 tolli
1164 1935 1271 1996 valeat
1294 1982 1301 1996 .
1341 1953 1417 2014 pap.
1440 1935 1503 1996 300

319 2041 390 2105 204.
411 2046 459 2103 An
481 2045 512 2100 et
532 2041 680 2120 quomodo
703 2043 886 2120 baptismum
907 2041 999 2102 tollat
1019 2041 1265 2120 irregularitates
1300 2090 1308 2104 .
1351 2090 1358 2104 .
1400 2042 1499 2104 »301

319 2149 389 2212 205.
411 2151 471 2208 Per
481 2168 632 2226 quaenam
643 2151 809 2210 dicasteria
820 2151 930 2209 Curiae
942 2154 973 2208 et
984 2167 1117 2226 quanam
1128 2147 1228 2210 forma
1239 2151 1359 2227 dispen-

451 2257 585 2317 sationes
606 2257 763 2334 impertire
777 2255 878 2316 soleat
889 2258 979 2319 Rom.
994 2255 1146 2319 Pontifex.
1161 2259 1247 2325 Quae
1261 2257 1362 2335 expri-

451 2365 561 2424 menda
581 2365 643 2423 sint
662 2365 694 2422 in
715 2363 843 2441 supplici
863 2362 967 2423 libello
997 2409 1357 2427 ........
1399 2383 1418 2425 »
1441 2362 1504 2424 302

321 2470 390 2532 206.
412 2472 455 2531 De
477 2473 629 2548 potestate
651 2489 711 2549 qua
732 2469 849 2549 pollent
870 2471 1013 2548 Episcopi
1028 2471 1058 2530 in
1074 2472 1229 2548 negotium
1244 2471 1362 2550 dispen-

452 2579 579 2638 sationis
597 2623 1357 2640 ................
1400 2595 1418 2637 »
1441 2576 1502 2637 304
1629 2629 1630 2646 .

320 2684 390 2746 207.
412 2685 455 2743 De
476 2682 644 2761 privilegiis
666 2683 867 2761 Regularinm
888 2684 918 2743 in
940 2685 998 2743 hoc
1019 2685 1208 2762 propositum
1250 2731 1258 2745 .
1299 2725 1306 2738 .
1350 2729 1357 2745 .
1399 2681 1501 2744 »307

320 2791 390 2854 208.
412 2791 456 2849 De
478 2791 509 2850 vi
530 2793 561 2848 et
581 2791 758 2850 extensione
780 2807 944 2850 concessae
966 2791 1212 2868 dispensationis.
1254 2838 1261 2852 .
1304 2837 1311 2852 .
1355 2837 1362 2851 .
1403 2808 1423 2851 »
1461 2790 1504 2850 ibi
1628 2861 1629 2868 ἵ

321 2895 390 2960 209.
412 2901 459 2956 An
483 2898 608 2974 vigeant
627 2900 659 2955 et
678 2897 826 2972 quomodo
840 2895 989 2957 tollantur
1009 2895 1256 2973 irregularitates
1278 2915 1361 2956 men-

452 3007 529 3064 tales
551 3021 604 3064 seu
626 3003 840 3080 provenientes
855 3021 892 3062 ex
909 3002 1060 3064 nonnullis
1082 3003 1200 3064 delictis
1221 3005 1357 3064 occultis.
1400 3020 1418 3064 »
1441 3001 1503 3064 308

322 3110 391 3174 210.
412 3112 457 3171 De
478 3111 582 3171 ordine
604 3111 814 3188 subsequentis
835 3111 1057 3173 tractactionis.
1100 3157 1107 3173 .
1149 3156 1157 3172 .
1200 3143 1208 3172 .
1250 3156 1257 3172 .
1300 3157 1308 3172 .
1350 3156 1359 3172 .
1400 3107 1503 3171 »309
1627 3183 1628 3186 ¹

835 3385 943 3445 Qnrur
965 3385 989 3447 1.

354 3573 391 3612 DE
410 3571 538 3612 sinentis
558 3569 857 3610 lRREGULARITATlBUS
876 3569 912 3608 ΙΧ
932 3569 1053 3610 011.le
1072 3569 1191 3626 Taurii!
1211 3567 1467 3609 mansiuncalis.

324 3761 394 3821 211.
414 3761 572 3826 Quaenam
593 3757 840 3836 irregularitates
867 3758 1007 3819 dicantur
1033 3757 1232 3818 communiter
1260 3775 1279 3817 a
1300 3755 1362 3817 DD.

456 3866 618 3943 provenire
640 3883 678 3924 ex
700 3864 809 3926 delicto
846 3909 1205 3928 ........
1224 3891 1255 3923 ·.
1299 3907 1306 3924 .
1344 3858 1503 3938 papale

324 3973 394 4034 212.
416 3975 458 4033 At
479 3991 517 4031 ex
538 3973 585 4032 his
607 3972 770 4032 nonnullae
793 3976 847 4032 aut
866 3990 907 4033 ecc
927 3973 1040 4034 delicto
1054 3987 1114 4030 non
1130 3970 1293 4048 provenire
1309 3971 1363 4028 aut

456 4097 495 4139 eoo
515 4079 626 4138 delicto
651 4081 768 4138 tantum
789 4095 850 4137 non
870 4079 1032 4157 provenire
1054 4077 1200 4136 dicendae
1221 4076 1310 4136 sunt.
1353 4119 1360 4134 .
1402 4070 1502 4131 »311
1624 4109 1625 4145 4
