3312 5108
571 331 614 378 nn
639 331 792 379 nanterre
817 332 859 378 sr
883 331 1003 378 ronsrs
1331 311 1375 377 53

196 463 247 523 tas
275 463 324 524 est
354 460 477 523 crimen
509 457 707 544 potissimum
738 459 770 523 in
795 457 934 532 clerico;
959 457 992 520 in
1017 475 1054 520 re
1078 455 1169 521 civili
1193 455 1297 540 magis
1320 455 1376 519 ha-

189 583 301 648 benda
316 591 374 665 est,
392 583 480 666 quasi
497 583 722 670 transpressio
739 584 772 648 in
787 583 877 668 leges
892 583 1032 668 politiae,
1050 583 1167 668 quippe
1183 582 1374 648 estfactum

193 725 258 788 quo
288 707 360 770 aliis
388 705 484 770 facile
515 707 627 772 noceri
658 711 779 790 potest;
812 707 856 770 ita
887 707 958 771 iure
989 708 1103 772 merito
1138 709 1172 770 in
1197 703 1273 774 Ood.
1300 703 1373 772 Ital.

194 849 286 914 poen.
303 849 335 894 o.
353 849 384 894 a.
401 828 568 904 488-489,
593 829 733 932 ebrietas
750 831 836 894 inter
859 831 1145 916 troaspressioaes
1168 833 1374 894 recensetur.

191 953 257 1018 Sed
287 955 404 1038 passim
436 955 468 1017 in
499 953 570 1017 aliis
600 953 854 1039 legislationibus
885 953 1022 1020 habetur
1052 954 1096 1018 uti
1121 955 1290 1038 proprium
1315 952 1373 1018 de·

192 1077 315 1142 lictum.
334 1075 439 1143 -Sub
461 1079 497 1143 ‘2⁰
512 1083 645 1160 aspectu
661 1077 886 1142 consideratur
899 1077 1039 1142 ebrietas
1063 1081 1230 1160 quatenus,
1255 1075 1295 1140 ob
1320 1095 1373 1140 su-

192 1205 427 1287 perexcitatam
459 1203 648 1294 phantasiae
675 1205 749 1277 vim,
773 1202 882 1268 ebrius
906 1207 1012 1288 patrat
1035 1203 1184 1268 facinora
1207 1221 1289 1286 quae
1313 1221 1372 1286 pa-

191 1331 266 1392 cato
289 1329 396 1391 animo
419 1347 484 1391 non
507 1327 706 1412 perfecisset,
729 1331 838 1392 autea
857 1327 975 1392 omittit
991 1324 1101 1390 facere
1119 1344 1201 1408 quae
1217 1324 1279 1388 nisi
1294 1327 1372 1409 potu

145 1521 153 1532 Ι
190 1449 396 1515 obnubilatus
425 1454 687 1535 praetermittere
718 1470 783 1516 non
811 1452 956 1516 ausisset.
981 1485 992 1498 ·
1017 1449 1231 1534 Distinguitur
1261 1452 1371 1512 autem

190 1572 336 1639 efficacia
366 1575 521 1660 impulsus
544 1583 599 1643 aut
621 1573 762 1640 influxus
785 1576 928 1642 morulis
951 1593 994 1640 ex
1018 1575 1109 1639 vario
1133 1573 1238 1658 gradu
1261 1572 1368 1638 ebrie·

190 1700 280 1774 tatis;
305 1699 387 1764 haec
410 1701 497 1764 enim
520 1699 637 1765 dicitur
655 1698 811 1784 perfecta
834 1699 960 1783 quando
977 1697 1107 1783 impedit
1123 1699 1253 1761 omnino
1278 1716 1369 1760 usum

190 1823 355 1889 facultatis
378 1824 612 1900 intellectivae;
630 1826 733 1890 miuus
751 1821 908 1906 perfecta
931 1821 1059 1907 quando
1084 1826 1239 1887 extenuat
1261 1824 1296 1885 et
1318 1819 1371 1884 de·

190 1945 295 2012 bilitat
324 1948 467 2014 eiusdem
496 1947 660 2013 facultatis
687 1949 762 2013 vim.
787 1947 939 2016 Ebrietas
958 1945 1115 2030 perfecto
1145 1944 1256 2010 aufert
1279 1949 1370 2041 actus

178 2073 422 2160 Qlitatem
439 2073 495 2137 sed
512 2073 538 2136 si
561 2073 756 2138 voluntaria
780 2047 878 2156 fuerit
895 2072 1052 2150 „ebrietas
1078 2045 1186 2151 ebrius
1207 2041 1370 2143 nondmo

188 2196 245 2260 sed
262 2197 365 2280 culpo
379 2165 509 2262 tenetur
525 2202 557 2262 et
573 2197 650 2262 hinc
666 2171 770 2280 puniri
787 2201 893 2282 potest
907 2197 1031 2260 ratione
1048 2194 1164 2278 culpae
1180 2213 1237 2258 seu
1253 2192 1369 2278 quosi-

188 2301 372 2394 delicfass’de'
384 2341 446 2404 quo
461 2321 558 2385 infra.
578 2319 756 2406 -Excepto
773 2339 850 2385 casu
866 2340 931 2404 quo
948 2317 1087 2384 ebrietas
1103 2317 1204 2384 fuerit
1219 2337 1284 2382 non
1301 2321 1370 2383 tan-

189 2449 257 2507 tum
280 2443 485 2515 voluntaria,
510 2443 566 2510 sed
589 2447 754 2528 affectato,
771 2444 817 2508 uti
831 2444 1008 2526 loquuntur
1031 2441 1172 2516 sclrolae,
1190 2459 1305 2526 nempe
1325 2459 1366 2504 ex

190 2566 347 2632 industria
373 2570 518 2653 quaesita
541 2567 581 2632 ad
604 2567 730 2632 facilius
759 2573 817 2632 aut
848 2566 1000 2632 audacius
1034 2564 1299 2650 delinquendum;
1334 2569 1368 2630 et

188 2691 369 2757 huiusmodi
392 2691 532 2758 ebrietas
562 2697 652 2758 certe
669 2713 733 2758 non
756 2699 890 2759 excusat
913 2713 932 2757 a
955 2693 1100 2765 crimine,
1122 2692 1190 2756 sire
1210 2687 1366 2773 peream

187 2819 230 2884 sit
252 2822 322 2884 sive
343 2819 548 2902 imperfecto
564 2817 619 2904 (l).
641 2855 655 2868 ·
680 2819 850 2903 Siquidem,
875 2819 1049 2892 ordinario,
1075 2817 1215 2882 ebrietas
1238 2816 1366 2900 imper·

258 3065 299 3134 (l)
318 3065 447 3120 Ebrietas
465 3081 532 3121 vero
550 3067 608 3120 sive
635 3068 675 3120 uti
701 3041 887 3136 trarispressio
912 3067 969 3119 sive
991 3066 1029 3118 uti
1050 3081 1134 3118 causa
1153 3081 1289 3119 excursare
1307 3079 1356 3118 seu

187 3171 314 3226 minuens
332 3177 382 3226 aut
400 3172 532 3226 dirimens
551 3173 772 3241 imputationem,
787 3177 830 3226 est
849 3174 1017 3238 voluntario,
1039 3189 1094 3226 non
1116 3171 1314 3236 accidentalis5
1335 3176 1363 3225 et

187 3277 277 3346 magis
300 3279 463 3332 voluntario
489 3277 609 3332 habetur
630 3277 653 3330 si
676 3284 718 3332 est
736 3280 894 3332 habitualis.
915 3308 930 3317 -
951 3279 1054 3332 Verum
1078 3278 1184 3331 adverti
1210 3276 1292 3332 debet
1314 3293 1364 3331 nos

188 3380 294 3436 locutos
314 3399 374 3436 esse
392 3383 482 3452 magis
500 3381 533 3436 de
552 3384 614 3436 iure
634 3383 822 3438 constituendo
846 3399 929 3453 quam
948 3381 981 3436 de
1001 3387 1063 3436 iure
1083 3383 1236 3436 constituto.
1258 3411 1273 3421 -
1294 3381 1363 3434 Nam

187 3489 216 3544 in
234 3489 412 3560 legislatione
431 3491 564 3545 canonica
583 3491 615 3546 de
634 3491 772 3546 ebrietate
791 3495 884 3545 certae
903 3490 980 3559 leges
999 3490 1075 3544 latae
1094 3507 1150 3544 non
1169 3493 1242 3552 sunt
1262 3489 1309 3544 sed
1323 3489 1364 3543 uti

185 3597 291 3652 crimen
311 3599 570 3652 extraordinarium
589 3599 779 3654 consideratur
799 3615 848 3668 pro
868 3614 959 3653 rerum
978 3597 1115 3652 adiunctis
1129 3602 1157 3651 et
1173 3597 1287 3666 punitur
1301 3613 1366 3665 poe·

186 3703 230 3756 nis
254 3705 489 3758 entraordinariis
514 3719 562 3757 seu
587 3704 752 3757 arbitrariis.
779 3703 901 3759 Maxime
928 3705 957 3758 in
983 3703 1092 3758 clericis
1118 3703 1230 3772 gravius
1256 3703 1361 3758 crimen

184 3812 229 3858 est
241 3806 371 3870 ebrietas,
388 3809 417 3860 et
430 3805 470 3859 eis
483 3805 570 3859 inurit
583 3821 696 3874 gravem
715 3806 847 3862 infamiae
866 3812 969 3861 notam.
984 3807 1075 3862 Etiam
1097 3806 1168 3874 laici,
1188 3807 1211 3860 si
1231 3806 1361 3862 ebrietati

186 3913 359 3984 indulgeant,
378 3913 538 3967 scandalum
557 3915 677 3968 aderunt
695 3913 823 3968 fidelibus
835 3919 865 3968 et
877 3915 929 3968 sibi
943 3931 1056 3984 gravem
1076 3915 1212 3968 iacturam
1232 3914 1363 3983 spiritua·

185 4021 249 4084 lem,
278 4019 350 4074 unde
373 4035 490 4088 poenam
515 4024 665 4074 merentur.
691 4049 704 4062 ·
731 4019 760 4071 ln
786 4018 895 4089 legibus
923 4018 1232 4088 civilibus-poenalibus
1260 4038 1363 4090 magna

186 4125 261 4180 lucta
280 4129 309 4178 et
327 4124 471 4178 discordia.
485 4125 541 4180 Nos
561 4127 752 4195 proposuimus
771 4129 895 4196 systema
907 4125 980 4196 quod
999 4125 1106 4179 notioni
1129 4125 1223 4180 delicti
1237 4134 1266 4180 et
1285 4126 1364 4196 quasi

183 4229 289 4294 delicti,
315 4235 344 4284 et
369 4235 484 4285 naturae
509 4233 736 4301 transgressionis
761 4233 851 4302 magis
875 4233 985 4287 videtur
1004 4233 1159 4296 conforme,
1178 4231 1225 4286 sed
1250 4233 1285 4286 ab
1311 4231 1363 4285 hoc

182 4337 324 4406 discrepat
354 4337 454 4392 Schola
484 4337 604 4407 Anglica
636 4343 664 4394 et
695 4338 803 4394 Gallica
832 4357 904 4410 quae
934 4341 1065 4409 opinatae
1095 4345 1160 4394 sunt
1190 4342 1357 4396 ebrietatem

185 4459 239 4497 non
258 4459 318 4500 esee
338 4460 449 4498 causam
469 4455 648 4498 excusantem
666 4461 714 4500 seu
734 4447 903 4501 minuentem
922 4447 1145 4516 imputationem.
1160 4477 1174 4488 -
1190 4449 1229 4502 Ex
1243 4450 1359 4504 adverso
