3312 5112
316 289 361 356 36
836 303 920 351 enas
945 303 967 350 11.

316 415 547 490 custodiantur,
561 413 771 478 nihilominus
783 412 809 476 si
822 411 940 476 exinde
952 430 1016 474 non
1030 414 1226 474 extenuetur
1238 409 1352 492 opinio
1366 427 1424 474 seu
1436 407 1494 475 bo-

315 561 401 608 num
412 539 560 626 publicae
572 538 699 604 socialis
710 537 961 622 tranquillitatis,
974 555 1039 600 non
1051 534 1189 600 liabetur
1202 535 1368 600 damnum
1381 533 1494 598 imane-

316 667 446 734 citarum
456 687 470 749 ,·
493 685 595 750 quare
620 663 731 729 delicti
754 683 818 728 non
835 663 928 730 adest
951 663 1042 726 ratio.
1067 661 1115 728 Cf.
1143 659 1493 744 Car-1·araop.cil.§§

314 793 467 876 1l,102‚
493 793 562 858 107
586 809 631 876 sq.
1054 871 1055 881 χ

406 917 485 984 Inde
509 920 616 1004 magni
640 917 792 1003 ponderis
816 916 1053 982 consectarium
1076 915 1253 980 derivatur.
1279 914 1441 998 Siquidem
1459 915 1493 980 in

316 1043 440 1120 iuribus
460 1043 640 1108 constitutis
656 1041 871 1106 diversimode
887 1041 1143 1106 determinantur
1160 1039 1285 1124 singula
1308 1039 1446 1103 crimina
1461 1041 1494 1102 ei

315 1168 427 1252 poenis
450 1167 656 1233 mulctantur.
682 1167 748 1232 Pro
771 1165 901 1232 diversa
916 1167 1001 1230 enim
1018 1164 1198 1229 conditione
1223 1163 1422 1248 populorum,
1444 1181 1494 1227 eo-

315 1311 451 1374 rumque
474 1291 567 1355 varia
590 1290 787 1356 institutione
811 1293 843 1355 et
867 1287 982 1360 indole,
998 1287 1114 1352 alieubi
1139 1289 1285 1372 graviter
1303 1285 1495 1371 prohibetur

315 1413 430 1498 aliquis
465 1419 556 1480 actus
591 1415 707 1499 quippe
742 1417 844 1498 aptus,
881 1414 914 1477 in
949 1431 1059 1476 rerum
1087 1411 1260 1490 adiunctis,
1288 1409 1329 1474 ad
1358 1429 1493 1495 gravem

316 1533 487 1601 inducendi
519 1535 640 1620 publici
664 1534 786 1600 ordinis
818 1532 1110 1619 perturbationem;
1138 1530 1256 1596 alicubi
1287 1530 1371 1596 idern
1402 1533 1494 1595 actus

316 1656 427 1720 forsan
451 1657 537 1720 inter
560 1655 677 1721 delicta
699 1675 741 1720 ne
772 1660 962 1721 recensetur
986 1653 1122 1738 quidem,
1148 1652 1402 1738 quandoquidem
1433 1653 1494 1716 iste

316 1784 408 1844 actus
430 1779 483 1846 rel
506 1781 689 1866 perpetrari
713 1798 776 1843 non
803 1779 894 1859 solet,
918 1779 970 1843 vel
994 1780 1020 1844 si
1044 1778 1129 1842 forte
1154 1783 1409 1862 perpetraretur,
1426 1781 1495 1842 nul·

316 1904 379 1968 lam
402 1906 460 1968 aut
481 1904 644 1968 minimam
668 1900 715 1988 (ct
737 1901 949 1968 dominionis
970 1921 1041 1967 non
1064 1908 1162 1966 currat
1188 1901 1345 1986 praetor)
1372 1921 1495 1965 secum-

316 2025 421 2092 ferret
443 2024 728 2090 deordinationem.

407 2145 478 2212 Hae
510 2145 550 2211 de
579 2166 677 2212 causa
706 2145 789 2231 apud
821 2147 983 2212 Romanos
1012 2145 1168 2209 nonnulla
1199 2145 1345 2218 crimina,
1376 2146 1495 2230 quippe

316 2271 478 2356 graviora,
497 2272 659 2356 expressis
683 2269 807 2355 legibus
830 2276 863 2335 et
885 2270 997 2355 poenis
1019 2267 1335 2343 determinabantur;
1359 2273 1392 2334 et
1411 2267 1495 2334 dice·

316 2396 435 2462 bantur
458 2397 596 2462 crimina
618 2397 800 2463 ordinaria
823 2417 880 2461 seu
902 2365 1074 2483 lepitima5
1097 2396 1160 2490 alia
1183 2398 1288 2461 minus
1311 2399 1425 2482 gravia
1440 2398 1493 2462 vel

316 2521 442 2586 insueta
475 2520 529 2584 vel
564 2519 677 2584 saltem
710 2519 875 2584 ordinario
908 2513 1067 2583 minorem
1099 2519 1349 2584 secumlerentia
1371 2519 1495 2586 ordinis

316 2647 571 2732 perversionem,
605 2649 696 2712 certa
727 2646 800 2731 lege
831 2665 896 2710 non
925 2640 1197 2730 prohibebantur;
1222 2645 1277 2710 sed
1307 2647 1339 2709 in
1371 2665 1495 2732 genere

316 2775 444 2836 cautum
460 2771 578 2844 fuerat,
596 2770 777 2836 huiusmodi
801 2770 896 2843 facta,
922 2771 958 2864 si,
976 2791 1035 2855 pre
1059 2789 1152 2834 casus
1176 2769 1342 2840 adiunctis,
1368 2771 1493 2836 intulis·

316 2900 388 2961 sent
400 2916 534 2980 gravem
558 2896 716 2960 iacturam
732 2894 879 2980 publicae
898 2895 1149 2995 tranquillitatis,
1168 2915 1238 2959 esse
1255 2915 1274 2958 a
1290 2893 1394 2960 iudice
1417 2915 1494 2980 per-

312 3021 474 3108 quirenda
504 3026 537 3087 et
566 3021 752 3106 adaequatis
776 3023 887 3106 poenis
912 3019 1160 3106 compescenda:
1186 3019 1268 3086 haec
1291 3020 1496 3086 vocabantur

316 3149 454 3212 crimina
487 3167 550 3212 non
583 3147 733 3234 lepitima
757 3167 814 3212 seu
839 3145 1133 3214 entraordinariis.
1159 3183 1173 3195 -
1196 3149 1329 3212 Demum
1352 3147 1416 3211 alia
1438 3145 1494 3212 ha-

315 3269 474 3336 bebantur
497 3270 633 3335 crimina
652 3269 794 3352 priuata
817 3289 898 3352 quae
923 3271 1035 3356 poenis
1059 3270 1154 3336 etiam
1171 3269 1418 3346 mulctabantur,
1435 3272 1493 3337 sed

315 3414 375 3482 pro
399 3395 607 3460 indemnitate
629 3414 689 3460 sua
708 3411 859 3476 poenam
883 3394 1160 3478 persequebantur
1184 3396 1282 3477 cives,
1299 3398 1495 3462 auctoritate

314 3517 452 3602 privata,
477 3533 654 3602 congruam
677 3515 881 3580 instituentes
905 3517 1073 3582 actionem.

405 3637 469 3704 Sed
493 3639 576 3723 quod
599 3645 711 3705 nostra
734 3641 837 3725 magis
860 3641 1006 3714 interest,
1027 3661 1094 3729 nnn¹
1115 3640 1276 3706 dissimilis
1307 3595 1495 3708 constitutio

315 3763 454 3829 habetur
476 3765 510 3829 in
534 3763 702 3850 disciplina
725 3762 953 3830 ecclesiastica.
979 3763 1106 3830 Etenim
1132 3769 1265 3850 praeter
1288 3765 1414 3838 delicta,
1440 3785 1494 3830 ex·

388 3975 427 4047 (l)
447 3975 544 4047 Neque
570 3977 663 4030 obstat
688 3975 760 4048 quod
784 3977 918 4032 delictum
943 3978 981 4031 sit
1008 3993 1057 4032 ens
1076 3979 1244 4044 iamdictam
1264 3996 1312 4034 seu
1332 3977 1492 4048 entologice

315 4084 492 4152 absolutura,-
517 4101 581 4138 nam
605 4085 740 4154 absoluta,
766 4084 799 4140 de
819 4103 857 4150 se,
877 4089 921 4142 est
941 4088 1014 4140 iuris
1034 4087 1133 4153 laesio,
1152 4087 1325 4142 aestimanda
1343 4105 1393 4157 pro
1412 4104 1493 4143 meu-

315 4207 380 4245 sura
404 4191 472 4245 iuris
497 4191 612 4256 offensi3
635 4191 682 4247 sed
707 4195 801 4246 utrum
827 4191 897 4247 haec
920 4191 1008 4247 laesio
1034 4193 1136 4248 inferat
1161 4195 1290 4249 damnum
1314 4196 1420 4250 sociale
1444 4211 1492 4250 seu

316 4303 477 4367 mediatum,
503 4299 556 4356 hoc
580 4300 700 4356 maxime
724 4300 827 4371 pendet
852 4317 887 4356 ex
906 4301 992 4358 variis
1011 4317 1103 4357 rerum
1124 4307 1152 4358 et
1171 4313 1327 4374 temporum
1346 4303 1492 4362 adiunctis.

317 4405 357 4459 Cl.
378 4405 496 4462 Curram
514 4410 532 4472 ἓ
551 4407 616 4460 201.
