3266 5102
501 313 544 358 oa
568 311 723 358 nanrcrrs
747 311 790 358 ar
814 308 935 356 roaurs
1245 289 1308 356 129

121 435 314 502 munientia
347 455 429 520 quae
459 434 610 522 prohibet
639 440 762 500 tantum
794 455 815 498 a
845 436 947 499 sacris
977 431 1196 498 functionibus
1226 438 1259 498 et
1290 453 1310 496 a

121 558 361 636 Sacramentis;
386 565 418 625 et
448 561 509 624 ista
532 561 735 625 contrahitur
758 559 797 624 ob
821 560 944 624 crimen
968 556 1098 624 habitae
1129 561 1310 624 communi-

123 686 266 750 cationis
300 705 372 750 cum
407 686 701 759 excommunicato;
728 705 803 772 ary.
828 704 903 751 can.
928 684 988 764 24,
1012 703 1103 750 caus.
1128 683 1188 766 XI,
1217 703 1248 769 q.
1274 683 1308 758 3,

124 828 204 892 cap.
229 808 264 883 2,
289 809 340 875 De
358 815 498 892 except,
522 811 564 884 X,
589 808 644 894 (ll.
669 808 735 893 25),
760 828 834 892 cap.
859 809 912 873 10.
937 807 991 874 De
1020 811 1097 876 cler.
1123 827 1253 875 ccccm.
1278 805 1312 872 Χ

125 934 187 1015 (V.
212 932 281 1012 39).

221 1059 275 1122 84.
299 1059 483 1141 Antiquitas
507 1077 564 1122 seu
587 1063 662 1124 ante
682 1058 789 1124 Const.
813 1058 900 1124 «Aa
919 1058 1109 1124 evitanda»
1129 1057 1263 1122 Martini
1276 1057 1309 1121 V

127 1203 242 1250 omnes
266 1187 438 1258 censurati,
463 1187 516 1270 qui
541 1187 586 1251 uti
610 1205 750 1252 censura
773 1188 875 1251 notati
898 1207 918 1250 a
941 1188 1057 1272 populo
1081 1192 1171 1252 certe
1195 1204 1312 1272 cogno-

126 1308 306 1374 scebantur
322 1311 389 1374 sive
412 1310 454 1375 de
475 1309 567 1393 facto
583 1311 652 1375 sive
668 1331 711 1390 ex
726 1311 891 1376 sententia
907 1310 1038 1380 iudicis,
1057 1315 1151 1375 erant
1166 1309 1309 1375 citandi.

129 1435 279 1500 Censura
302 1437 397 1506 enim,
421 1455 478 1500 seu
502 1436 637 1500 remotio
656 1435 813 1518 paenulas
840 1457 860 1500 a
889 1437 1145 1521 partecipatione
1176 1435 1310 1500 alicuius

128 1558 217 1628 boni.
234 1559 288 1622 vel
312 1560 452 1622 omnium
475 1559 632 1623 bonorum
657 1560 822 1624 cuiusdam
847 1561 1008 1624 societatis
1031 1564 1080 1624 est
1103 1557 1177 1644 quid
1202 1558 1314 1624 relati·

130 1703 237 1767 esem;
260 1685 412 1749 nimirum
434 1690 524 1751 tenet
547 1706 606 1771 per
629 1706 664 1752 se
679 1691 747 1751 tum
763 1686 852 1749 illum
868 1685 921 1769 qui
946 1691 1133 1750 removetur
1148 1691 1215 1749 tum
1232 1685 1314 1750 alios

132 1812 187 1893 qni
204 1829 277 1876 cum
294 1809 348 1874 illo
365 1812 397 1875 in
414 1810 532 1875 utendo
549 1817 639 1878 certo
655 1812 727 1876 iure
743 1817 867 1896 partem
884 1809 1053 1875 haberent.
1071 1808 1162 1876 Unde
1179 1811 1313 1892 quisque

131 1933 237 2000 fidelis
254 1953 326 2000 cum
342 1902 620 2001 excommunicato
636 1936 756 2001 nullam
773 1937 903 2001 omnino
919 1937 1174 2000 communionem
1191 1934 1313 1999 habere

133 2064 274 2144 poterat.
297 2095 315 2107 -
336 2060 366 2124 A
389 2059 509 2124 clerico
532 2079 688 2146 suspenso
711 2065 818 2125 autem
844 2061 943 2145 recipi
967 2057 1141 2123 nullimode
1164 2061 1315 2144 poterant

133 2185 190 2250 val
204 2191 408 2249 sacramenia
422 2184 475 2250 rel
491 2185 625 2250 aliarum
644 2205 754 2250 rerum
767 2185 1020 2270 dispensationes
1035 2204 1055 2248 a
1070 2183 1192 2268 quibus,
1207 2203 1315 2267 respe-

134 2308 230 2376 ctive,
248 2306 304 2370 ille
324 2305 432 2374 fuerat
447 2305 635 2391 prohibitus.
652 2342 667 2354 ·
683 2308 816 2371 Demum
832 2307 965 2390 quisque
988 2304 1092 2370 fidelis
1116 2303 1314 2376 interdictus,

136 2435 206 2497 sive
221 2431 325 2496 laicus
340 2431 409 2497 sire
425 2433 572 2505 clericus,
586 2431 626 2496 ab
642 2432 692 2497 his
708 2433 871 2497 abstinere
888 2431 981 2497 debet
996 2453 1016 2495 a
1032 2429 1145 2514 quibus
1160 2449 1315 2516 expresse

137 2561 271 2621 arcetur
286 2577 346 2642 per
362 2576 532 2622 censuram
549 2555 721 2621 interdicti.
747 2556 925 2642 Suspensus
949 2556 1033 2618 enim
1058 2562 1090 2619 et
1112 2553 1315 2628 interdictus,

137 2687 308 2767 quatenus
322 2692 400 2748 sunt
416 2682 556 2762 citandi,
570 2683 613 2746 ita
625 2687 699 2746 sunt
715 2680 866 2766 prohibiti
881 2680 1063 2764 respective
1079 2679 1119 2744 ab
1133 2692 1191 2746 usu
1207 2680 1316 2746 activo

138 2810 194 2869 aut
203 2803 344 2886 passivo
357 2804 536 2887 aliquorum
553 2805 680 2886 inrium,
697 2811 733 2872 nt
747 2804 837 2869 hisce
854 2805 1034 2868 censuratis
1049 2803 1171 2867 nullam
1184 2821 1317 2887 operam

139 2930 219 2996 dare
243 2931 366 3016 possint
388 2928 498 2995 fideles
522 2929 561 2994 ad
585 2950 676 2995 nsum
704 2929 910 2996 obtinendum
927 2929 1043 2993 iurium
1061 2926 1317 3013 prohibitorum;

139 3053 297 3137 siquidem
320 3060 533 3119 censerentur
555 3055 721 3121 violationi
742 3053 825 3138 legis
848 3054 1027 3138 cooperari.
1045 3051 1206 3126 Quocirca
1226 3049 1318 3115 dum-

139 3182 233 3243 taxat
249 3179 537 3243 excommunicatio
554 3183 601 3243 est
617 3177 763 3264 perlecta
778 3176 930 3242 abscissio
946 3197 965 3239 a
981 3175 1134 3240 societate
1161 3171 1318 3247 fidelium;

139 3375 186 3424 tur
205 3371 285 3440 proni
306 3376 335 3425 et
353 3371 474 3424 vicissim
493 3372 727 3440 genuflectebant,
740 3371 803 3423 dom
818 3370 969 3439 Episcopus
988 3372 1017 3422 et
1035 3367 1131 3422 fideles
1150 3383 1234 3436 snper
1246 3366 1321 3436 ipsos

140 3494 238 3547 preces
262 3477 422 3533 fundebant.
443 3479 510 3532 Dein
537 3481 571 3532 ab
597 3478 723 3534 Ecclesia
747 3479 941 3542 mittebantur,
962 3481 990 3532 et
1017 3477 1178 3530 remanebat
1205 3474 1321 3528 ultimus

140 3587 245 3657 gradus
273 3587 473 3656 poenitentium
501 3603 548 3642 sen
575 3587 780 3641 consistentium
803 3585 851 3657 qni
876 3590 983 3640 stantes
1008 3585 1164 3638 intererant
1192 3583 1321 3636 omnibus

140 3694 229 3748 sacris
248 3693 400 3765 mysteriis,
417 3693 464 3747 sed
484 3695 651 3748 arcebantur
670 3711 686 3746 a
705 3694 896 3748 communione
915 3688 1015 3746 SSffiae
1028 3689 1221 3745 Eucharistiae
1239 3693 1268 3744 et
1286 3692 1321 3743 ab

139 3798 340 3852 oblationibus.
360 3798 539 3868 Antiquiores
558 3798 694 3854 Basilicas
712 3801 846 3869 appositis
864 3800 1030 3852 constabant
1048 3799 1173 3866 partibus
1194 3801 1224 3851 ut
1243 3797 1321 3850 locus

141 3903 224 3958 fieret
249 3903 382 3972 gradibus
401 3906 602 3974 poenitentium
626 3908 655 3958 et
680 3907 948 3960 catechumenorum.
973 3903 1013 3958 Cf.
1034 3903 1171 3957 Sirmondi
1197 3903 1322 3956 Historia

139 4011 246 4080 poenit.
254 4011 320 4080 pub.
338 4009 405 4081 Opp.
425 4011 499 4064 Tam.
514 4009 564 4063 IV.
576 4009 710 4076 venetiis,
732 4010 807 4064 1728.
822 4009 978 4072 Armellini,
994 4010 1033 4063 Le
1048 4011 1138 4064 chiese
1151 4011 1181 4062 di
1199 4010 1294 4063 Romo.
1308 4038 1322 4049 -

144 4113 336 4169 Nihilominus
360 4115 461 4170 eruditi
487 4119 619 4186 probant,
639 4117 680 4170 nti
700 4116 853 4182 Duchesne,
876 4117 1006 4186 Oripiaes
1027 4119 1065 4172 du
1091 4119 1165 4171 culte
1194 4115 1322 4172 Chre'tien

146 4221 211 4292 Cap.
237 4222 267 4274 X
274 4221 304 4286 V,
317 4220 389 4274 hanc
407 4221 581 4290 disciplinam
600 4223 634 4277 de
653 4223 737 4278 cartis
755 4227 876 4294 quatuor
891 4223 1022 4292 gradibus
1038 4224 1240 4292 poenitentium
1261 4227 1322 4276 tan-

144 4334 203 4382 tum
223 4328 253 4381 in
272 4327 379 4382 Eccles.
393 4327 528 4382 Orientali
540 4329 703 4394 obtinuisse,
718 4345 806 4400 neque
820 4331 939 4384 ubicnbi.
954 4331 984 4383 ln
998 4330 1124 4384 Ecclesia
1140 4329 1240 4384 Latina
1254 4346 1321 4399 poe·

145 4435 267 4490 nitentia
286 4433 399 4504 publica
415 4435 592 4505 frequentata
610 4435 656 4488 diu
675 4435 737 4501 fuit,
756 4435 803 4490 sed
822 4435 922 4490 minori
941 4437 1098 4490 severitate.

292 4541 352 4594 Soc.
373 4539 450 4610 Lepa
1162 4541 1180 4594 9
