3302 5100
612 307 816 362 snrinesrou
842 309 889 354 ιν.
1276 295 1337 360 571

166 426 309 483 absimiles
327 427 457 500 deinceps
475 431 598 495 futuros,
617 430 664 500 qui
684 429 717 484 ad
737 430 765 484 id
789 429 945 500 eligentur,
964 431 1090 488 homines
1114 434 1340 492 nimirum'uitae

164 532 298 602 integros,
318 536 451 604 probatae
470 535 621 602 doctrinae,
640 540 750 590 maturo
768 536 880 602 iudicio,
898 537 1059 608 incorrupto
1081 539 1191 604 affectu,
1210 541 1244 593 ab
1264 539 1339 594 omni

164 639 286 709 partium
304 642 405 708 studio,
423 659 658 714 personarumque
677 645 839 714 acceptione
857 644 979 710 alienos3
996 646 1043 716 qui
1062 646 1234 717 aequitatem
1246 636 1339 703 'liber-

163 749 307 818 tatemque
331 747 483 814 iudicandi,
512 767 575 804 cum
600 751 746 820 prudentia
770 756 800 805 et
827 751 956 806 veritatis
979 751 1039 807 zelo
1064 753 1244 823 coniungant
1270 752 1339 811 cum

164 859 258 908 auitam
284 871 380 910 eorum
403 873 534 912 numerus
558 874 632 913 nunc
657 864 750 914 certus
773 863 803 914 et
829 859 998 914 constitutus
1016 876 1072 916 non
1091 862 1137 926 sit,
1162 863 1196 915 ab
1216 862 1339 917 eiusdem

164 959 397 1030 Congregetionis
410 961 603 1016 Cardinalibus
616 962 761 1018 consilium
774 965 991 1034 expectabimus,
1000 969 1084 1036 atque
1109 967 1260 1035 capiemus,
1272 983 1340 1022 num

164 1083 227 1120 eum
246 1083 296 1136 pro
313 1067 416 1122 tuturis
432 1068 605 1138 temporibus
623 1068 738 1123 definire
756 1073 884 1138 oporteat
897 1069 942 1124 vel
954 1069 1098 1140 expediatr
1111 1069 1164 1124 hoc
1178 1075 1270 1125 tamen
1283 1071 1339 1126 iarn

163 1191 238 1228 nnnc
256 1173 444 1243 decernentes,
464 1181 601 1246 quatenus
619 1191 715 1230 eorum
733 1192 865 1230 numerus
883 1176 1046 1242 definiatur,
1065 1181 1097 1232 ut
1116 1181 1173 1232 tam
1193 1177 1337 1243 relatores,

163 1297 246 1352 quam
265 1282 447 1350 consultores,
466 1300 501 1338 ex
521 1287 637 1354 utroque
656 1282 742 1348 clero,
755 1283 891 1338 saeculari
905 1299 1004 1354 nempe
1018 1289 1047 1339 et
1059 1284 1181 1355 regulari
1195 1302 1338 1340 assuman-

165 1391 220 1452 tur,
238 1386 288 1440 alii
307 1387 418 1458 quidem
438 1385 573 1456 theologi,
591 1387 639 1442 alii
654 1388 797 1460 utriusque
814 1389 882 1443 iuris
895 1390 987 1459 periti,
1000 1390 1050 1443 alii
1063 1407 1142 1444 sacra
1155 1395 1184 1446 et
1197 1390 1340 1461 prophana

165 1492 321 1548 eruditione
343 1499 526 1563 praestantes,
551 1500 582 1548 ut
601 1511 636 1548 ex
654 1474 755 1550 eorum
769 1501 859 1560 coetu,
879 1510 928 1565 pro
947 1496 1113 1551 varietatem
1133 1496 1277 1562 librorum,
1291 1499 1338 1568 qui

163 1599 199 1652 ad
223 1599 477 1672 Congregationem
501 1602 679 1667 deseruntur,
703 1602 794 1658 idonei
818 1603 871 1656 viri
895 1618 950 1658 non
973 1603 1065 1664 desint
1089 1603 1122 1658 ad
1141 1604 1283 1660 terendum
1305 1605 1339 1661 de

164 1723 329 1780 unoquoque
350 1708 492 1764 iudicium.

252 1815 269 1878 ἓ
283 1812 323 1868 ll.
334 1813 410 1883 lpsos
422 1820 517 1869 autem
530 1814 666 1870 relatores
678 1814 913 1884 consultoresque‚
923 1818 981 1868 tarn
992 1831 1065 1870 nunc
1081 1816 1243 1882 existentes,
1256 1833 1339 1888 quam

163 1920 191 1974 in
210 1925 352 1990 posterum
371 1921 599 1992 quandocumque
616 1923 739 1986 tuturos,
758 1937 901 1977 monemus
924 1937 957 1976 ac
982 1922 1162 1984 vehementer
1187 1923 1340 1991 hortamur,

163 2029 195 2080 ut
212 2026 242 2080 in
261 2027 389 2082 examine
407 2025 565 2098 iudicioque
577 2027 726 2094 librorum,
738 2033 887 2099 sequentes
899 2028 1012 2099 regulas
1024 2028 1174 2098 diligenter
1187 2028 1339 2098 inspiciant

161 2137 348 2204 accurateque
367 2135 531 2189 custodiant.

253 2245 270 2307 5
293 2243 333 2296 15.
347 2271 361 2286 ·
375 2241 393 2296 l.
412 2241 601 2310 Meminerint,
620 2259 675 2298 non
695 2243 722 2298 id
741 2244 794 2298 sibi
813 2246 937 2300 muueris
955 2245 1103 2316 onerisque
1122 2245 1292 2314 impositum,
1308 2250 1340 2300 ut

163 2346 229 2402 libri
255 2348 289 2401 sd
313 2348 527 2404 examinandum
551 2349 603 2403 sibi
623 2348 967 2419 traditiproacriptionem
986 2349 1075 2408 modis
1094 2351 1222 2406 omnibus
1241 2357 1340 2407 curent

160 2461 246 2526 atque
259 2461 392 2525 urgeant;
404 2455 451 2510 ssd
465 2459 497 2510 ut
514 2455 642 2526 diligenti
660 2456 752 2510 studio
771 2473 804 2510 ac
817 2455 913 2514 sedato
926 2458 1018 2512 animo
1031 2458 1122 2528 ipsum
1141 2457 1339 2528 expendentes,

161 2560 259 2617 fideles
277 2562 485 2618 observationes
510 2579 574 2616 suas
597 2578 732 2633 uerasque
756 2564 879 2619 rationes
903 2563 1121 2634 Congregationi
1147 2565 1339 2635 suppeditent,

161 2686 197 2724 ex
215 2670 316 2740 quibus
334 2675 442 2724 rectum
460 2669 593 2724 iudicium
611 2670 644 2725 de
663 2669 713 2726 illo
731 2671 820 2736 ferre,
840 2671 954 2742 eiusque
979 2672 1224 2742 proscriptionem,
1243 2688 1339 2727 ernen-

161 2776 303 2832 dationem
322 2781 372 2831 aut
391 2778 579 2832 dimissionem
597 2793 647 2846 pro
665 2778 766 2832 merito
784 2777 933 2834 decernere
955 2778 1059 2834 valeat.

250 2888 268 2949 ἓ
291 2883 403 2938 16.-11.
423 2883 546 2940 Tametsi
565 2883 701 2939 hactenus
720 2889 832 2938 cautum
851 2887 896 2951 sit,
909 2879 1117 2956 cavendumque
1134 2885 1265 2955 deinceps
1283 2901 1339 2940 non

161 2991 328 3056 dubitemus,
346 2997 378 3045 ut
396 2992 431 3045 ad
449 2990 624 3047 referendum
643 2996 672 3046 et
690 2991 888 3046 consulendum
908 2992 936 3046 iu
952 2993 1093 3062 praedicta
1106 2992 1338 3063 congregatione,

163 3095 183 3148 ii
202 3095 292 3150 solum
311 3095 503 3162 admittantur,
522 3097 569 3166 qui
581 3096 716 3151 scentiam
729 3113 831 3163 rerum,
844 3113 912 3168 quas
924 3096 990 3151 libri
1003 3097 1089 3152 delati
1102 3098 1259 3166 respective
1271 3113 1337 3152 oon-

162 3202 262 3268 tinent,
282 3203 414 3258 diuturno
433 3202 524 3258 studio
543 3203 707 3274 acquisitam
727 3203 900 3272 possideant3
913 3203 992 3259 decet
1004 3205 1079 3259 enim
1098 3205 1131 3260 de
1145 3206 1252 3260 artibus
1264 3206 1339 3260 solos

163 3309 285 3363 artifices
312 3308 449 3375 iudicare,·
473 3307 656 3362 nibilominus
680 3307 703 3360 si
728 3309 800 3362 forte
824 3307 951 3374 eueniat,
977 3314 1007 3362 ut
1031 3309 1116 3364 alicui
1142 3326 1191 3380 per
1215 3321 1338 3368 errorent

162 3415 281 3470 materia
293 3415 387 3486 aliqua
397 3413 571 3469 discutienda
583 3413 774 3468 committatur
786 3414 821 3468 ab
834 3412 912 3468 illius
923 3414 1112 3483 peculiaribus
1125 3413 1224 3470 studiis
1236 3415 1337 3482 aliena,

161 3521 244 3593 idque
262 3538 280 3574 a
294 3537 409 3577 censore
421 3526 471 3575 aut
482 3520 642 3578 consultore
655 3521 754 3589 electo,
768 3537 802 3576 ex
814 3519 876 3591 ipsa
888 3519 953 3575 libri
965 3521 1086 3577 lectione
1099 3519 1339 3591 deprehendatur,

160 3628 271 3683 noverit
295 3627 327 3694 ia,
352 3645 382 3684 se
401 3645 490 3700 neque
510 3627 583 3698 apud
602 3627 701 3695 Deum,
718 3644 807 3698 neque
829 3627 902 3697 apud
918 3625 1045 3683 homines
1064 3627 1147 3697 culpa
1164 3634 1337 3698 vacaturum,

160 3733 215 3788 nisi
234 3735 438 3804 quamprimum
458 3735 485 3788 id
502 3735 729 3805 congregationi,
742 3739 791 3788 aut
803 3734 955 3789 secretario
968 3734 1085 3804 aperiat,
1097 3749 1184 3804 seque
1197 3733 1232 3788 ad
1245 3735 1338 3790 leren-

159 3841 223 3896 dam
248 3841 282 3898 de
305 3841 462 3898 huiusmodi
488 3843 559 3898 libro
583 3859 728 3898 censuram
747 3842 839 3896 miuus
857 3846 954 3910 aptum
974 3842 1122 3910 protessus,
1139 3840 1227 3895 alium
1246 3843 1336 3911 magis

159 3947 289 4004 idoneum
302 3949 335 4004 ad
347 3949 375 4004 id
387 3951 510 4004 muneris
522 3950 667 4020 subrogari
681 3954 760 4004 curet
767 3967 775 4002 ε-
787 3963 841 4019 quo
855 3953 963 4003 tantum
977 3949 1065 4014 abest,
1078 3953 1110 4004 ut
1121 3948 1338 4004 existimationis

160 4069 227 4108 suae
247 4053 420 4124 dispendium
439 4053 509 4122 apud
530 4053 704 4118 Pontificem,
723 4058 752 4108 et
770 4051 932 4108 cardinales
951 4069 1082 4122 passurus
1099 4053 1145 4119 sit,
1162 4057 1192 4107 ut
1207 4069 1338 4122 magnam

160 4158 253 4227 potius
272 4159 420 4227 probitatis
439 4164 468 4213 et
487 4158 613 4214 candoris
631 4159 789 4228 opinionem
809 4162 838 4214 et
856 4156 967 4212 laudem
985 4157 1038 4210 sibi
1065 4157 1103 4211 sit
1128 4157 1336 4212 conciliaturus.

250 4267 267 4329 ἓ
290 4265 330 4320 17.
344 4294 359 4306 -
373 4265 417 4320 Ill.
438 4266 477 4322 De
491 4267 575 4320 variis
587 4266 764 4336 opinionibus
783 4269 867 4335 atque
880 4265 1027 4320 sententiis
1039 4265 1069 4319 in
1082 4280 1248 4336 unoquoque
1264 4264 1338 4318 libro

159 4373 308 4438 contentis,
327 4373 420 4426 animo
439 4389 455 4426 a
469 4372 645 4441 praeiudiciis
656 4371 785 4426 omuibus
797 4387 894 4438 uacuo,
907 4371 1083 4426 iudicandum
1096 4371 1148 4425 sibi
1163 4387 1223 4426 esse
1237 4371 1337 4425 sciant.
