3202 5104
554 333 598 380 uu
623 332 777 380 uucrcrrs
801 333 844 382 ur
867 334 985 382 rouurs
1290 316 1357 383 265

148 542 153 551 Ι
181 456 379 533 peccatores,
392 454 415 518 ii
432 473 547 541 nempe
563 457 616 542 qui
633 458 780 524 viventes
791 465 904 544 aperte
917 464 1180 545 contempserunt
1190 459 1357 526 Ecclesiae

181 575 370 656 potestatem
395 575 526 662 eiusque
557 586 769 654 sacramenta,
794 583 939 664 quamvis
966 588 1074 648 sectae
1101 582 1299 648 acatholicae
1323 603 1357 648 se

180 711 247 758 nou
263 694 461 776 addixeriut;
475 721 579 786 neque
595 703 661 769 ulla
674 703 831 770 dederunt
844 706 1085 790 resipiscentiae
1101 705 1279 791 siguardum
1294 725 1359 772 1110·

181 828 344 897 rorantur,
369 826 392 889 ii
415 847 526 893 omues
550 830 789 897 ecclesiasticae
804 832 989 916 sepulturae
1007 832 1077 897 dari
1096 852 1160 898 nou
1185 831 1328 898 debent.»

272 946 314 1009 Et
336 947 428 1020 haec,
453 959 586 1036 praeter
614 973 785 1019 censuram
816 957 1167 1031 excommunicationis,
1188 962 1237 1022 est
1258 956 1357 1022 veluti

181 1069 278 1134 unica
301 1091 406 1156 poena
423 1075 569 1158 proprie
592 1077 691 1159 dicta,
718 1097 780 1162 qua
811 1059 959 1144 Ecclesia
982 1079 1077 1146 hodie
1108 1079 1228 1146 afficiat
1257 1081 1358 1154 laicos

181 1191 345 1272 homines;
370 1199 454 1264 aliae
478 1203 562 1265 euim
578 1221 702 1286 poenae
717 1203 911 1288 temporales
927 1205 1165 1270 ecclesiasticae
1180 1225 1200 1270 n
1216 1205 1358 1270 moribus

181 1319 276 1384 nimis
299 1328 373 1387 suut
395 1323 532 1390 alienae.
555 1326 768 1394 Nihilominus
791 1331 866 1413 quia
889 1329 984 1394 hodie
1007 1331 1164 1395 severitas
1187 1333 1219 1396 in
1246 1331 1356 1406 laicae,

180 1447 222 1512 ob
246 1448 474 1534 frigescentem
498 1450 602 1526 fidem,
628 1461 768 1537 pareret,
786 1455 857 1520 fere
880 1475 1018 1540 semper,
1035 1457 1188 1521 maiorem
1213 1445 1358 1522 coutem-⁸

181 1579 270 1657 ptum
300 1577 333 1640 in
364 1577 617 1644 ecclesiasticam
644 1584 851 1664 potestatem,
876 1579 994 1644 exinde
1027 1583 1167 1646 maxime
1198 1582 1357 1648 emollitus

180 1707 232 1767 est
246 1703 337 1786 rigor
349 1700 503 1775 eiusmodi
514 1701 749 1786 prohibitionis,
763 1709 796 1768 et
812 1703 899 1768 iacta
915 1703 977 1768 hac
992 1707 1189 1788 quaestione,
1203 1727 1244 1772 an
1261 1726 1357 1789 quum

180 1828 478 1892 excommunicatus
500 1828 645 1894 nourrius
668 1835 723 1894 aut
753 1828 900 1914 publicus
930 1835 1083 1914 peccator
1114 1833 1251 1896 moritur·
1280 1833 1357 1915 quin

180 1974 217 2018 se
233 1953 399 2018 Ecclesiae
424 1955 694 2027 reconciliaverit,
719 1955 775 2020 sed
799 1955 1006 2020 nihilomiuus
1028 1957 1061 2020 in
1086 1957 1198 2022 mortis
1220 1955 1358 2021 articulo

179 2077 308 2142 dederit
342 2079 435 2162 signa
466 2080 683 2162 poenitentiae
714 2084 769 2144 aut
801 2078 1034 2165 expostulando
1069 2080 1270 2145 sacerdotem
1305 2083 1357 2164 qui

131 2251 135 2258 .
180 2211 289 2267 tamen
312 2221 386 2268 eum
409 2203 473 2266 iarn
497 2211 657 2268 mortuum
682 2208 738 2268 aut
761 2202 907 2268 sensibus
934 2204 1118 2270 destitutum
1147 2203 1278 2278 invenit,
1302 2211 1358 2270 aut

181 2325 379 2392 Crucifixum
410 2327 572 2392 osculatus
601 2327 722 2409 fuerit,
746 2327 874 2412 aliaque
904 2327 935 2392 id
964 2347 1067 2413 genus
1097 2326 1221 2393 dederit
1243 2329 1358 2415 resipi-

178 2455 323 2520 scentiae
347 2455 449 2538 signe,
474 2471 515 2516 au
539 2453 661 2518 scilicet
683 2454 844 2537 parochus
868 2453 969 2517 eidem
991 2453 1153 2539 denegare
1169 2453 1283 2520 debeat
1306 2475 1355 2520 se-

180 2579 343 2663 pulturam
367 2577 629 2649 ecclesiasticam,
650 2577 681 2642 S.
699 2577 797 2642 Sedes
813 2577 997 2662 respondit:
1025 2599 1042 2641 s
1062 2579 1105 2642 In
1122 2578 1210 2644 bisce
1225 2578 1355 2645 casibus

179 2703 346 2788 eaulpatis
361 2702 614 2786 resipiscentiae
632 2701 739 2788 sipnis
762 2702 843 2767 dari
861 2720 963 2784 posse
977 2703 1187 2784 sepulturam
1204 2703 1356 2768 ecclesia-

178 2825 309 2900 stiram,
337 2827 449 2893 citatis
480 2832 594 2893 tamen
625 2826 856 2894 ecclesmsticis
879 2827 1017 2910 pompis
1040 2832 1071 2892 et
1093 2826 1358 2894 solemnitatibus

179 2951 418 3036 exequiarum.
438 2951 533 3023 Quod
556 2951 644 3018 siin
667 2950 783 3036 atiquo
807 2969 889 3016 casu
909 2950 1184 3016 circumstantiae
1206 2955 1358 3018 entraor-

179 3074 341 3142 dinariae
354 3081 568 3147 concurrent.
581 3075 757 3157 parochus
769 3075 923 3142 consulat
938 3071 1160 3139 Ordinariam
1173 3079 1274 3140 etstet
1286 3074 1358 3140 aas

179 3197 353 3262 mandatis
370 3218 399 3262 ›.
416 3198 502 3264 Vide
522 3197 606 3282 apud
621 3198 795 3264 Genueri·
816 3195 1068 3263 Consultazioni
1083 3231 1098 3243 -
1114 3195 1250 3277 Nepoti,
1268 3195 1358 3263 1893

176 3341 260 3408 pap.
286 3322 361 3394 618,
378 3321 432 3387 ubi
455 3322 539 3387 haec
562 3327 595 3386 et
617 3322 701 3385 aliae
726 3322 959 3386 instructiones
975 3325 1102 3386 secreto
1126 3319 1219 3385 datae
1241 3320 1282 3384 ad
1299 3321 1359 3387 Or·

179 3443 332 3519 dinarios,
359 3444 468 3512 debita
491 3451 622 3509 servata
646 3443 875 3516 moderatione,
900 3444 932 3508 iu
955 3443 1060 3508 lucem
1084 3443 1223 3508 eduntur
1245 3444 1305 3528 (l).

267 3709 306 3782 (l)
335 3711 365 3764 lu
393 3710 512 3766 decretis
539 3709 727 3763 Conciliorum
755 3715 784 3763 et
814 3707 906 3762 Consi.
937 3707 1114 3776 Apostolicis,
1142 3711 1174 3762 ut
1194 3724 1254 3777 cap.
1278 3709 1358 3762 Eam.

179 3816 441 3880 §Procurationes
460 3815 502 3870 De
521 3831 593 3868 cens.
613 3817 642 3868 tn
663 3814 683 3866 6
701 3813 757 3883 (lll,
777 3813 823 3884 20)
843 3814 962 3867 insertur
980 3829 1069 3882 poena
1086 3813 1300 3880 rnaledictionts,
1319 3812 1358 3866 ibi

177 3935 197 3976 tt
210 3923 436 3977 maledictionem
447 3925 574 3976 incurrat
588 3941 606 3975 a
620 3939 674 3991 qua
684 3937 828 3991 nunquam
841 3923 897 3974 nisi
908 3920 1028 3990 duplum
1040 3923 1177 3984 restituat,
1189 3922 1323 3974 tiberetur
1332 3935 1357 3976 r.

179 4028 250 4083 ltem
263 4027 345 4083 bodie
358 4029 386 4082 in
398 4027 489 4084 Cenat.
500 4026 669 4098 Apostolicis
680 4027 830 4098 aliquando
843 4028 871 4080 iu
884 4026 1023 4082 violantes
1036 4027 1148 4082 decreta
1157 4025 1306 4082 Pontifieia
1318 4026 1359 4080 ita

179 4137 270 4190 fertur
288 4153 305 4189 a
324 4137 401 4206 Papa
414 4152 502 4206 poena
514 4137 731 4204 indignationum
750 4133 810 4188 scil.
824 4136 912 4189 sciant
924 4136 1076 4190 violatores
1089 4151 1119 4188 se
1131 4139 1295 4189 incursuros
1310 4134 1360 4188 Dei

180 4245 400 4313 indignationem
419 4253 446 4297 et
464 4243 599 4296 Nostram
617 4252 643 4296 et
665 4241 713 4295 SS.
732 4243 826 4311 Apost.
846 4241 924 4296 Petri
942 4251 968 4296 et
988 4241 1079 4295 Pauli.
1099 4240 1240 4307 Doctores,
1258 4241 1300 4294 uti
1318 4241 1361 4296 ri·

180 4349 246 4405 dere
264 4355 307 4404 est
325 4350 397 4420 apud
417 4349 598 4415 Thesaurum,
616 4349 647 4401 P.
666 4349 689 4401 l.
710 4366 731 4402 e.
751 4348 802 4415 42,
821 4353 960 4419 quaeruut
978 4348 1011 4402 de
1031 4348 1176 4402 effectibus
1188 4350 1218 4402 et
1235 4347 1264 4400 ri
1277 4345 1359 4401 buius

182 4472 294 4526 poenae.
309 4455 380 4518 Quia
398 4453 469 4509 nihil
489 4454 518 4508 in
537 4453 661 4509 textibus
674 4454 743 4508 iuris
761 4457 805 4508 est
821 4469 950 4522 expresse
963 4457 1083 4520 cantum,
1097 4453 1178 4508 hodie
1191 4470 1226 4508 ex
1238 4451 1359 4522 receptis
