3202 5104
550 341 590 386 us
616 343 769 388 cameris
796 345 836 388 nr
855 344 972 390 rosurs
1284 327 1349 392 240

265 462 506 528 Absolutionem
530 464 612 546 quod
637 466 759 536 attinet,
778 468 1021 533 communitates
1046 468 1169 533 absolvi
1192 491 1256 534 nou
1282 491 1350 554 pos·

174 591 250 651 sunt
273 589 333 651 nisi
359 589 390 650 in
415 588 485 651 loro
518 595 671 664 exteram
696 592 770 672 quia
802 593 881 654 istae
913 611 1071 656 censurae
1103 591 1250 660 effectum
1281 615 1351 658 sor-

173 716 300 778 tiuntur
324 716 518 798 potissimum
543 715 645 798 quoad
671 717 776 780 forum
802 723 991 792 externum
1018 739 1174 802 personae
1190 740 1270 783 vero
1286 721 1351 784 sin-

176 837 272 922 gulae
295 845 452 922 quatenus
475 842 686 924 suspensione
710 843 797 925 ipsae
824 841 983 926 ligentur,
1009 843 1220 910 absolvuntur
1245 845 1295 908 vel
1321 846 1350 906 iu

179 964 249 1027 loro
275 966 402 1028 interno
426 966 475 1028 vel
502 966 534 1030 in
558 971 706 1030 externo.
732 966 779 1030 Cl.
806 965 1015 1036 D'Annibale.
1042 968 1067 1038 1,
1093 969 1172 1034 388.

270 1090 343 1153 169.
369 1091 429 1164 Qui
455 1092 553 1156 violat
576 1093 816 1175 suspensionem
841 1091 880 1156 ab
897 1091 1003 1156 allicio
1027 1095 1095 1157 sive
1112 1096 1179 1167 aaa,
1197 1098 1265 1160 sive
1284 1094 1350 1178 sor.

177 1222 272 1294 seat,
290 1215 358 1278 sive
381 1214 424 1279 ab
448 1215 546 1286 hona,
560 1216 628 1280 sive
651 1235 674 1280 a
697 1212 781 1286 iure,
800 1217 937 1280 incurrit
961 1218 1236 1302 irregularitatem
1261 1239 1352 1284 exer-

179 1338 282 1402 cendo
317 1339 471 1404 ordinem
507 1342 645 1404 censura
675 1340 879 1423 prohibitum.
907 1375 923 1388 -
952 1343 1084 1424 lnquam
1110 1377 1127 1388 -
1153 1343 1309 1408 ordinem
1336 1381 1352 1393 -

179 1473 252 1524 nam
276 1462 543 1528 iurisdictionem
570 1463 823 1528 administrando
855 1484 1026 1548 suspensus
1057 1465 1097 1528 ab
1128 1462 1236 1528 cilicio
1260 1466 1310 1529 vel
1336 1485 1355 1528 a

180 1587 399 1652 iurisdictione
421 1608 486 1652 uon
512 1587 546 1653 fit
570 1589 769 1673 irregularis.
798 1590 886 1655 Unde
911 1591 1049 1654 incurrit
1080 1589 1354 1674 irregularitatem

179 1699 331 1775 sacerdos
354 1713 406 1794 qui
431 1731 603 1796 suspensus
627 1712 670 1778 ab
693 1713 800 1796 officio
824 1713 877 1776 rel
900 1713 943 1778 ab
967 1713 1088 1780 ordine
1107 1715 1158 1776 vel
1184 1733 1206 1778 a
1230 1714 1354 1778 diuinis

180 1835 358 1900 absolvite
383 1839 538 1921 peceatis;
565 1857 637 1901 nam
654 1838 885 1901 absolutionem
911 1839 1099 1921 impertiens
1123 1843 1257 1903 exer-cet
1273 1837 1357 1902 ordi-

183 1979 255 2024 nem
279 1961 529 2030 sacerdotalem,
555 1963 699 2044 quamvis
722 1960 878 2026 absolutio
908 1979 971 2024 non
996 1960 1102 2024 valeat
1132 1963 1201 2024 sine
1233 1959 1357 2024 iurisdi-

183 2086 298 2149 ctione.
324 2120 343 2131 -
368 2085 420 2148 Ex
447 2085 584 2149 adverso
614 2105 786 2170 suspensus
818 2105 837 2148 a
869 2085 1088 2150 iurisdictione
1119 2088 1144 2150 si
1176 2085 1357 2150 absolvite

183 2209 334 2292 peccatis,
360 2207 439 2271 nibil
463 2209 530 2292 agit
562 2207 617 2272 sed
648 2208 839 2292 irregularis
866 2227 930 2272 non
955 2206 999 2270 fit.
1027 2244 1043 2256 -
1070 2209 1203 2282 Suel-ez,
1229 2209 1356 2282 XXVI,

183 2335 224 2414 2,
249 2335 289 2408 4,
314 2337 464 2420 opinatur
488 2336 611 2400 incurri
643 2335 916 2421 irregularitatem
947 2355 1043 2418 quum
1076 2341 1251 2401 exercetur
1278 2335 1357 2399 ordo

185 2460 363 2542 prohibitus
385 2461 480 2526 etiam
505 2480 525 2523 a
548 2481 686 2524 censura
718 2462 892 2544 impropria
923 2481 977 2524 seu
1004 2481 1023 2524 a
1047 2481 1149 2546 poena
1180 2461 1282 2545 qualis
1311 2467 1358 2525 est

183 2585 348 2668 suspensio
371 2584 437 2647 lata
461 2582 500 2646 ob
524 2585 646 2648 crimen
678 2585 807 2647 omnino
839 2586 1049 2669 praeteritum
1080 2590 1136 2648 aut
1167 2587 1200 2648 iu
1233 2591 1357 2649 certum

183 2715 326 2791 tempus;
352 2726 420 2791 arg.
439 2725 512 2789 cop.
530 2707 556 2776 1,
585 2705 637 2772 De
658 2673 741 2771 lacot.
760 2713 790 2772 el
812 2728 851 2772 re
873 2691 943 2772 lud.
965 2708 1002 2772 in
1019 2709 1041 2770 6
1057 2709 1112 2792 (ll,
1133 2709 1197 2788 14).
1217 2744 1234 2755 -
1254 2707 1358 2772 ll'dn-

183 2831 297 2899 nibale,
319 2833 341 2902 1,
360 2830 426 2895 386
444 2835 476 2894 et
492 2831 566 2896 411.
588 2836 651 2895 not.
670 2832 722 2903 ⁶24,
739 2831 889 2903 advertit,
907 2833 981 2915 quia
998 2852 1166 2896 versamur
1182 2833 1214 2894 in
1231 2832 1358 2913 odiosis

184 2977 353 3022 censuram
378 2957 511 3040 intelligi
536 2957 654 3021 debere
678 2959 791 3022 stricta
814 2965 846 3022 et
869 2959 1001 3042 propria
1024 2955 1273 3042 significatione3
1298 2959 1356 3022 nisi

184 3082 270 3147 aliud
294 3101 448 3166 expresse
479 3087 630 3146 statutum
655 3085 695 3145 sit
718 3083 749 3144 iu
778 3083 866 3154 iure,
892 3082 990 3146 veluti
1020 3083 1051 3144 in
1081 3101 1153 3163 cop.
1180 3081 1249 3149 cit..
1277 3084 1360 3148 unde

185 3206 220 3272 iit
244 3209 436 3290 irregularis
460 3209 510 3292 qui
535 3210 777 3292 suspensionem
800 3209 899 3272 violat
915 3209 1089 3292 irrogatam
1107 3209 1146 3272 ad
1164 3229 1293 3274 anuum.
1312 3210 1359 3275 Of.

187 3333 217 3398 S.
237 3333 402 3416 dlpbons„
421 3332 493 3412 Vll,
511 3330 589 3412 314,
607 3330 682 3395 317.
703 3367 718 3378 -
740 3331 950 3396 Nihilominus
973 3334 1083 3396 verior
1108 3340 1140 3397 et
1163 3354 1244 3417 pene
1269 3338 1361 3398 certa

186 3459 345 3521 sententia
368 3461 417 3520 est
440 3477 522 3539 quae
538 3461 626 3521 tenet
641 3455 761 3539 absque
778 3456 843 3520 ulla
858 3456 1071 3536 distinctione,
1088 3457 1361 3543 irregularitatem

189 3583 312 3646 incurri
335 3581 374 3645 ob
399 3587 539 3666 spretam
564 3584 804 3666 suspensionem
820 3583 888 3646 sive
906 3584 1035 3666 proprie
1056 3582 1138 3646 haec
1162 3601 1307 3647 censura
1323 3584 1364 3646 sit

188 3713 256 3776 sive
277 3730 400 3794 poeno.
428 3711 504 3774 Nam
530 3711 560 3776 S.
587 3709 685 3795 Cong.
712 3711 833 3774 Concil.
858 3712 889 3773 iu
914 3707 1082 3796 Sopooeo.
1111 3709 1153 3772 21
1180 3711 1254 3774 lun.
1272 3709 1362 3774 1625

189 3857 284 3920 quam
309 3837 412 3901 refert
437 3835 628 3900 Benedictus
651 3836 733 3901 XlV
757 3834 811 3900 De
833 3855 905 3919 spa.
923 3835 1000 3898 Xll.
1027 3837 1057 3906 8,
1084 3855 1113 3897 n.
1131 3835 1162 3902 5.
1188 3839 1220 3898 et
1244 3835 1275 3897 in
1300 3835 1364 3897 Lu-

190 3962 317 4028 cioaen.
344 3962 367 4025 8
390 3959 501 4043 April.
519 3960 608 4025 1848
631 3960 904 4043 irregularitatem
936 3958 1035 4022 edixit
1066 3960 1240 4042 provenire
1269 3960 1361 4022 etiam

189 4108 230 4151 ex
248 4088 420 4152 violatione
437 4087 653 4171 suspensionis
674 4087 705 4149 in
727 4103 876 4168 poenum
893 4085 988 4148 latae.
1008 4084 1091 4148 Actu
1107 4082 1140 4146 S.
1160 4083 1257 4148 Sedis
1272 4082 1363 4154 XIX,

185 4232 222 4295 p.
244 4213 327 4278 575.
353 4211 462 4286 Quare
485 4211 676 4277 sententiam
703 4209 901 4275 ll'Anuihale
923 4209 1012 4292 sequi
1037 4228 1101 4271 uon
1124 4229 1301 4292 possumus,
1320 4210 1365 4273 De

132 4367 138 4376 ·
188 4337 239 4402 liis
265 4337 380 4402 redibit
404 4357 509 4400 sermo
536 4338 621 4400 inira
644 4339 676 4400 iu
702 4342 795 4400 lrrret.
822 4336 863 4399 do
888 4333 1208 4418 irrepolarilotdrus.
