3312 5108
274 323 315 389 14
795 341 879 390 ress
904 343 927 388 1.

267 465 373 550 quoad
404 466 512 530 omnia
545 466 699 547 instituta,
723 463 881 552 poenalia'
905 465 1034 532 celeber
1070 465 1213 532 Garrara
1240 469 1293 551 qui
1325 469 1358 533 in
1382 468 1446 534 hac

269 589 405 653 materia
426 589 533 654 adhuc
556 589 735 674 principem
758 587 880 654 obtinet
903 589 1022 654 locum.

358 712 439 776 Nam
462 713 516 778 hic
540 713 756 778 criminalista
771 714 861 798 ponit
884 713 1034 780 iustitiam
1059 714 1118 778 Dei
1141 717 1310 778 aeternam
1333 717 1366 778 ei
1389 713 1447 778 ab·

268 836 405 904 solutam
436 838 554 902 iunium
585 826 726 904 omnium
757 843 790 902 et
812 835 991 904 officiorum
1015 837 1154 913 fontcm;
1188 837 1244 928 sed
1276 843 1448 924 praeterea

269 958 453 1024 considerat
475 960 622 1025 homines
645 961 839 1026 necessitate
865 965 1001 1026 naturae
1031 961 1178 1046 compelli
1203 961 1237 1026 in
1260 961 1446 1028 societatem

269 1083 409 1148 civilem.
434 1084 475 1150 Ut
497 1084 635 1149 societas
657 1103 714 1148 suo
731 1081 787 1148 fini
803 1081 1005 1168 respondeat,
1022 1083 1223 1168 singulorum
1239 1085 1312 1148 iura
1327 1083 1446 1150 debent

270 1226 343 1273 esse
373 1214 462 1274 sarta
484 1213 517 1272 et
540 1213 609 1272 tuta
632 1205 671 1274 ob
696 1208 914 1274 defensionem
946 1210 1023 1294 ipsis
1053 1209 1207 1276 tributam
1238 1209 1278 1274 ab
1309 1213 1447 1277 auctori·

271 1333 336 1394 tate
359 1329 469 1394 sociali
492 1329 648 1394 adversus
671 1331 831 1396 laesiones
847 1329 1005 1397 malorum
1021 1332 1196 1413 hominum,
1213 1333 1294 1398 adeo
1308 1341 1344 1401 ut
1366 1337 1448 1419 quis·

270 1471 334 1536 que
374 1454 408 1516 in
446 1455 599 1520 societate
637 1455 767 1520 fruatur
800 1455 979 1522 securitate
1008 1475 1092 1522 suae
1126 1457 1371 1525 incolumitatis
1407 1459 1447 1524 ad

272 1574 375 1640 libere
398 1595 471 1640 suas
494 1577 582 1641 vires
605 1576 806 1643 exercendas
829 1579 862 1643 in
885 1579 935 1642 sui
951 1585 984 1645 et
998 1579 1135 1643 aliorum
1151 1581 1376 1645 necessitatem
1393 1587 1450 1646 aut

273 1700 452 1766 utilitatem.
477 1704 663 1768 Auctoritas
686 1705 813 1769 socialis
836 1705 899 1769 hoc
922 1704 1069 1770 obtinere
1093 1705 1204 1778 valuit,
1222 1707 1297 1790 quia
1327 1725 1347 1770 a
1379 1707 1446 1771 lleo

272 1825 398 1908 recepit
419 1824 605 1890 facultatem
629 1825 783 1910 puniendi
811 1825 972 1892 laesiones
1003 1827 1121 1893 iurium
1151 1847 1208 1892 seu
1238 1827 1360 1893 delicta
1391 1847 1450 1914 per

268 1966 410 2032 poenas,
435 1969 526 2032 quae,
551 1949 625 2014 dum
649 1951 787 2016 crimina
809 1956 962 2016 coercent
985 1973 1044 2037 per
1067 1954 1132 2017 vim
1159 1953 1384 2037 repressivam
1409 1952 1448 2018 ob

274 2074 421 2138 timorem
452 2073 625 2142 salutarem
654 2075 835 2141 huiusmodi
867 2078 1108 2155 coercitionum,
1134 2083 1260 2144 ceteros
1296 2097 1316 2141 a
1346 2077 1447 2143 delin-

274 2197 400 2281 quendo
424 2198 601 2278 deterrent,
625 2195 713 2264 unde
736 2201 823 2264 cives
839 2219 950 2265 omnes
966 2201 1201 2268 confirmantur
1215 2201 1253 2267 in
1267 2199 1452 2268 securitate

273 2343 358 2390 suae
380 2325 634 2399 incolurrritotis,
659 2335 891 2413 cognoscentes
914 2327 1134 2392 defensionem
1151 2329 1304 2394 socialem
1320 2348 1391 2394 esse
1409 2329 1454 2394 ei·

277 2446 408 2514 ficacem
432 2450 473 2515 ad
496 2450 695 2536 protegenda
725 2453 796 2516 iura
822 2451 1021 2536 singolorum
1045 2453 1163 2516 civium
1178 2459 1211 2516 ot
1233 2453 1331 2535 ipsius
1352 2452 1454 2516 socie·

275 2579 350 2644 tatis
359 2578 417 2664 (l).
427 2579 498 2654 Qua
510 2579 549 2644 de
559 2599 657 2646 causa
670 2575 803 2644 effectus
814 2597 937 2664 poenae
954 2583 1002 2643 est
1015 2579 1204 2642 instauratio
1218 2577 1341 2644 ordinis
1354 2580 1454 2644 socia·

276 2704 332 2778 lis;
349 2705 398 2768 ius
417 2709 524 2770 autem
544 2723 663 2788 poenas
683 2701 810 2768 ferendi
830 2701 957 2766 derivat
969 2721 1013 2767 ex
1028 2702 1222 2766 necessitate
1242 2701 1451 2784 defensionis

275 2828 420 2894 sociatis.
444 2865 459 2874 -
484 2826 610 2892 Exinde
634 2827 776 2893 Garrara
798 2827 869 2891 inre
893 2827 1008 2892 merito
1040 2827 1144 2910 carpit
1178 2830 1321 2911 systema
1345 2826 1453 2890 Pelle-

277 2954 364 3036 grini
377 2954 481 3034 Rossi,
499 2952 573 3034 quia
588 2950 643 3014 hic
658 2949 776 3015 asserit
793 2947 833 3014 ab
853 2949 1046 3014 auctoritate
1061 2947 1171 3012 sociali
1192 2967 1313 3033 poenas
1337 2947 1453 3013 inferri

368 3199 408 3266 (l)
428 3201 458 3252 ln
472 3199 524 3253 hoc
549 3197 720 3267 propositum
738 3195 865 3261 Camars,
890 3196 1077 3266 Proprammc
1097 3195 1177 3266 Pres.
1193 3213 1247 3264 pag
1272 3195 1379 3260 leste
1404 3193 1455 3249 150

282 3304 354 3357 Ediz.
366 3303 436 3369 Vlll,
450 3303 584 3372 profunde
597 3303 725 3368 advertit,
735 3301 867 3356 delictum
887 3317 941 3354 non
961 3317 1020 3356 osse
1033 3302 1157 3371 simplex
1169 3305 1277 3372 sactum
1291 3301 1454 3362 moteriule‚·

279 3410 328 3466 sed
348 3425 396 3464 eus
414 3409 581 3474 iuridicum,·
597 3407 663 3479 quia
676 3408 801 3462 continet
819 3405 999 3460 violationem
1020 3406 1089 3458 iuris
1107 3412 1136 3460 et
1156 3405 1270 3475 proinde
1298 3405 1455 3460 absolutam

281 3518 422 3574 secunfert
452 3515 647 3570 necessitatem
678 3513 864 3578 coercitionis,
891 3530 946 3582 pro
977 3529 1109 3566 ineusura
1137 3513 1236 3565 oiolcti
1266 3513 1344 3566 iuris.
1378 3511 1457 3568 Unde

283 3623 375 3686 infert,
405 3621 449 3674 ius
477 3618 594 3690 poenale
622 3633 682 3673 esse
713 3623 858 3672 aeteruum
886 3623 916 3672 et
942 3617 1137 3682 necessarium,
1159 3631 1213 3668 non
1241 3631 1321 3669 secus
1351 3633 1384 3670 ac
1412 3615 1457 3670 lex

281 3735 405 3786 aeterne.
418 3759 450 3770 -
476 3731 596 3782 Possunt
619 3727 744 3796 ignorari
770 3725 926 3780 huiusmodi
947 3725 1083 3794 principia
1101 3729 1130 3778 et
1144 3723 1324 3794 pessumdari,
1337 3723 1383 3778 sed
1403 3739 1458 3777 non

283 3831 427 3890 mutdntnr
452 3853 539 3906 neque
565 3834 720 3888 abolentur.
747 3833 838 3894 Quare
863 3833 906 3886 ius
931 3831 1047 3902 poenale
1075 3829 1220 3900 indulgere
1243 3831 1326 3886 debet
1349 3835 1458 3884 tentum

285 3946 416 4010 institiae,
435 3961 490 3998 non
508 3961 575 3998 reso
594 3944 749 3997 rationibus
768 3943 950 3997 motabilibus
964 3941 1096 3996 utilitatis
1116 3939 1247 4010 politicae
1269 3969 1283 3978 -
1305 3939 1360 3992 Pro
1388 3939 1459 3991 bono

283 4057 426 4112 societatis
446 4056 581 4125 regimine
594 4055 670 4124 legos
683 4056 839 4110 conduntur
858 4055 951 4109 variae
971 4053 1086 4107 utilitati
1103 4052 1234 4121 politicae
1248 4055 1460 4113 consentaneae,

283 4161 331 4216 sed
350 4162 420 4216 istae
439 4165 488 4214 aut
507 4162 624 4214 crimina
648 4165 815 4230 praecavent
833 4159 957 4229 aliasque
983 4157 1216 4220 deordinationes,
1245 4159 1294 4207 ani
1319 4153 1461 4208 societatis

287 4272 400 4322 tuentur
423 4272 451 4321 et
479 4265 634 4336 provehunt
661 4268 764 4320 bonum
791 4267 998 4320 oeconomicum
1028 4271 1056 4318 et
1085 4263 1200 4317 morale.
1230 4261 1334 4316 Verum
1363 4259 1460 4313 harum

286 4371 380 4440 legum
399 4370 536 4426 laesiones
555 4386 610 4424 non
629 4375 694 4424 suut
706 4371 817 4434 delicto,
837 4369 884 4424 sed
904 4371 1149 4440 trouspressiones,
1164 4383 1235 4438 (puae
1256 4382 1310 4419 non
1330 4369 1395 4420 sunt
1413 4381 1462 4419 ens

286 4479 437 4532 iuridicum
448 4496 502 4548 per
519 4496 557 4544 se,
576 4478 624 4532 sed
643 4478 762 4548 pendent
774 4485 803 4532 ct
816 4477 1024 4530 constituuntur
1036 4493 1053 4530 a
1067 4477 1186 4545 positiva
1199 4475 1292 4545 legum
1307 4473 1462 4528 voluntate.
