3296 5108
545 312 588 356 nn
613 311 765 359 uaniorrs
789 312 831 358 nr
855 313 973 360 renuis
1284 295 1348 360 407

172 450 246 494 vam
270 434 471 498 sententiam.
490 435 571 500 ltem
594 439 692 500 testes
715 435 878 520 deponunt
901 434 940 500 de
963 456 1058 503 mero
1081 437 1184 520 sacto,
1202 436 1258 502 sed
1281 439 1349 522 ipse

173 557 329 642 Gasparri
346 564 378 623 et
394 579 503 624 omnes
525 561 586 624 Dl).
605 560 775 626 admittunt
792 562 868 626 istos
885 581 955 627 esse
971 562 1172 648 irregulares
1189 564 1215 628 si
1231 568 1351 646 spoute

171 683 338 750 accedant.
356 685 464 760 Quare
487 687 581 750 iurati
599 686 710 752 forsan
726 687 1003 771 irregularitatem
1020 684 1177 772 effugiunt
1193 689 1347 772 quianon

172 813 290 888 sponte
305 828 370 874 suo
386 808 554 881 accedunt,
567 809 623 874 sed
639 811 711 895 tepe
726 809 879 875 adstricti.
896 846 912 858 -
928 811 1107 894 Utcumque
1123 811 1349 896 irregularitas

173 939 223 998 est
246 932 359 1000 dubia.

306 1061 342 1138 5)
358 1062 438 1124 Item
455 1080 585 1144 operam
602 1060 760 1146 praebent
774 1062 954 1146 proximam
968 1070 1000 1129 et
1012 1059 1174 1128 efficacem
1192 1062 1348 1135 uetuerat,

173 1181 304 1248 semdae
327 1184 379 1267 qui
403 1189 476 1248 acta
499 1204 678 1270 processus,
697 1185 771 1250 dum
790 1183 983 1249 iudicialiter
998 1187 1203 1268 evolvuntur,
1221 1188 1350 1272 scriptis

175 1305 323 1370 referunt
338 1312 371 1372 et
386 1307 559 1390 publicant.
577 1308 639 1374 Sed
655 1309 847 1375 sententiam
864 1309 926 1372 iam
943 1307 1059 1374 editam
1077 1309 1254 1393 inscriptis
1276 1328 1349 1373 exa·

68 1417 72 1422 ’
174 1449 260 1511 rare,
277 1433 374 1496 etiarn
396 1435 429 1496 in
455 1433 590 1500 sormam
619 1435 848 1516 authenticam,
866 1433 1062 1520 probabilius
1086 1455 1149 1500 non
1174 1434 1351 1500 secumtert

173 1558 456 1642 irregularitatem.
481 1559 529 1625 Ct.
555 1559 678 1646 Sayrus
700 1561 761 1631 vl,
785 1561 806 1624 l.
829 1558 878 1634 16,
903 1565 936 1625 et
958 1560 990 1625 S.
1007 1560 1164 1645 Alphons.
1181 1561 1255 1632 Vll,
1273 1559 1347 1625 461.

308 1679 344 1758 6)
367 1681 520 1746 Proxime
543 1691 576 1746 et
602 1681 777 1748 efficaciter
808 1681 943 1748 iudicem
971 1681 1124 1746 adiuvant
1153 1685 1350 1747 saeculares

174 1823 230 1868 seu
254 1805 430 1889 corutfices
453 1811 486 1870 et
508 1806 640 1874 lictores
671 1826 727 1872 seu
758 1807 804 1870 illi
829 1807 1015 1891 omnesqui
1041 1825 1083 1872 ex
1106 1803 1210 1870 officio
1232 1811 1351 1888 spoute

172 1933 325 2010 suscepto
350 1929 532 1993 executioni
556 1927 709 1994 mandant
731 1949 866 2015 poenam
889 1929 1063 2014 sanguinis.

307 2054 340 2138 7)
356 2053 460 2120 Actor
476 2055 508 2117 tn
525 2053 641 2120 iudicio
657 2055 816 2120 criminali
832 2055 950 2120 dicitur
965 2061 1143 2122 accusator
1158 2075 1215 2120 seu
1231 2055 1285 2120 ille
1301 2060 1350 2119 est

174 2177 227 2260 qui
250 2182 418 2260 promovet
440 2179 601 2242 actionem
625 2177 840 2242 caminatam
862 2175 902 2240 ad
927 2177 1130 2242 obtinendam
1142 2197 1277 2260 poeuoe
1293 2195 1349 2241 seu

175 2297 336 2364 vindictae
358 2299 504 2384 publicae
529 2302 761 2366 executionem.
779 2301 920 2384 Quisque
944 2303 1088 2386 privatus
1107 2303 1187 2367 civis
1211 2303 1264 2385 qui
1287 2300 1350 2364 hoc

174 2427 244 2490 iure
269 2431 388 2508 utatur,
410 2427 555 2510 idemque
580 2434 735 2493 exerceat
757 2427 797 2492 ad
816 2427 990 2511 publicam
1013 2429 1204 2502 ciudictem,
1222 2447 1287 2492 non
1309 2427 1349 2490 ad
1393 2415 1396 2422 ’

173 2550 413 2616 indemnitatem
438 2551 579 2626 civitem,
597 2549 632 2615 fit
655 2552 861 2638 irregularis3
885 2572 954 2638 arg.
976 2571 1049 2636 cup.
1067 2553 1101 2626 2,
1122 2553 1173 2618 De
1192 2552 1348 2620 homicid.

173 2677 210 2740 iu
226 2676 257 2739 6.
272 2711 286 2724 -
301 2676 404 2741 Hodie
420 2677 600 2741 huiusmodi
613 2697 729 2743 inunus
741 2697 900 2743 exercere
915 2679 1019 2743 solent
1034 2683 1275 2761 procuratores
1293 2697 1349 2742 seu

168 2806 384 2883 promotores
405 2801 556 2886 fiscalem
580 2801 777 2885 proindeque
801 2801 834 2866 hi
858 2808 932 2865 sunt
955 2801 1162 2886 irregulares.
1189 2801 1251 2866 Sed
1275 2802 1350 2885 quia

168 2921 371 3009 praestruam
394 2932 426 2992 et
448 2927 616 3010 efficacem
639 2945 770 3011 operam
787 2926 944 3010 praebere
960 2925 1015 2990 ille
1036 2925 1189 2991 dicendus
1213 2945 1277 2991 non
1301 2935 1349 2991 est

173 3053 225 3134 qui
241 3057 365 3116 tantum
383 3052 480 3116 instat
494 3055 529 3114 ut
543 3048 622 3114 flant
646 3049 865 3132 inquisitiones
888 3052 1040 3134 praeviae
1057 3049 1173 3115 iudicio
1190 3051 1348 3115 criminali

172 3172 378 3247 instituendo,
401 3194 458 3239 seu
474 3174 706 3245 denunciatur,
724 3173 842 3238 exinde
865 3175 924 3239 iste
947 3173 1138 3259 irregularis
1158 3195 1222 3238 non
1245 3180 1302 3240 est.
1367 3195 1370 3202 ·

306 3299 339 3384 8)
364 3302 595 3364 Accusatorem
610 3297 763 3378 adiuvant
778 3299 934 3365 aduocati
950 3301 1097 3384 proxime
1114 3306 1147 3364 et
1162 3297 1347 3381 efficaciter,

172 3423 290 3507 quippe
314 3424 382 3487 eius
405 3424 613 3486 intentionem
638 3427 755 3507 urgent
778 3429 811 3486 et
835 3423 986 3488 evincere
1014 3421 1220 3497 contendunt,
1244 3425 1349 3508 proin·

172 3544 274 3628 deque
297 3541 378 3610 fiunt
399 3545 613 3630 irregulares;
633 3565 707 3639 arg.
733 3563 806 3611 cau.
832 3546 860 3620 1,
884 3546 959 3612 dist.
984 3547 1035 3612 51.

307 3671 340 3757 9)
367 3673 445 3736 ltem
470 3677 564 3737 testes
588 3672 703 3756 quippe
726 3670 929 3756 suppeditant
951 3672 1180 3738 attestationes.
1203 3670 1265 3736 Sed
1287 3673 1348 3736 nisi

171 3801 290 3877 spoute
312 3795 470 3862 accedant
493 3815 556 3858 non
580 3793 661 3860 fiunt
685 3795 895 3881 irregulares.

261 3919 336 3985 319.
354 3920 407 3985 Ex
423 3918 516 3984 dictis
534 3924 621 4004 patet
636 3919 792 4002 quomodo
805 3921 889 3984 hanc
905 3919 1177 4005 irregularitatem
1195 3915 1349 4006 effugiant

172 4040 284 4108 clerici
315 4044 367 4126 qui
394 4041 550 4106 incuriis
580 4041 697 4105 eccles.
722 4041 839 4106 iudicia
869 4047 968 4126 agant
998 4041 1196 4117 criminalia;
1221 4043 1281 4108 etsi
1309 4042 1349 4106 ob

171 4151 364 4232 sententiam
388 4166 505 4232 editam
529 4185 605 4230 reus
627 4167 780 4249 puniatur
802 4166 998 4252 depositione
1014 4170 1048 4230 et
1064 4165 1137 4230 dein
1154 4165 1348 4251 degradatus

171 4289 319 4354 tradatur
341 4288 475 4354 brachio
491 4290 650 4354 saeculari
665 4289 722 4354 tali
741 4291 874 4354 crimine
891 4295 1059 4354 accusatus
1075 4296 1110 4355 ut
1125 4290 1217 4354 luere
1233 4289 1349 4356 debeat

172 4433 307 4498 poenam
330 4416 452 4480 mortis.
468 4412 614 4481 Canones
638 4419 783 4479 statuunt
805 4421 840 4479 ut
863 4416 896 4479 in
919 4420 993 4480 actu
1018 4413 1198 4480 traditionis
1221 4412 1349 4479 brachii
