3266 5102
523 319 568 364 na
591 316 746 364 naurcrrs
770 317 813 363 nr
836 313 955 366 comus
1269 295 1328 362 151

143 459 213 504 non
231 441 371 513 estetsi
394 440 523 507 aliunde
546 443 588 507 sit
611 447 675 508 tam
699 443 817 508 iniusta
838 445 875 505 ut
897 439 1081 513 nullimode,
1098 458 1141 503 ex
1164 437 1331 512 adiunctis,

142 563 303 628 sustineri
326 565 434 630 valeat
457 563 513 650 (1).

241 688 316 754 102.
336 690 469 755 Demum
485 691 614 755 minime
631 689 787 755 abhorret
801 711 821 755 a
837 694 994 778 conceptu
1010 708 1176 760 censurae,
1194 689 1332 774 aliquem

345 771 374 798 ,,

135 811 415 936 ’ΚΕ-6166663
439 815 585 879 censuris
608 814 661 879 vel
685 813 826 902 eiusdem
858 814 991 900 speciei,
1017 813 1117 896 veluti
1146 833 1332 877 excommu-

143 921 382 1014 nicationibus,
413 940 465 1003 vel
500 937 647 1004 diversae
678 941 814 1024 speciei,
846 939 946 1002 veluti
981 938 1331 1010 excommunicatione,

148 1021 574 1046 Ἦ--ἡ,

144 1063 374 1176 Quemne,
400 1068 432 1128 et
456 1063 636 1129 interdicto.
671 1065 750 1130 Nam
782 1064 844 1128 hae
877 1064 1077 1128 constituunt
1099 1062 1230 1128 vincula
1254 1081 1332 1146 poe·

145 1186 236 1250 nalia
260 1173 295 1252 et
305 1177 395 1252 'nihil
421 1188 568 1274 prohibet
585 1191 753 1274 quominus
769 1189 884 1273 aliquis
900 1208 964 1252 non
981 1209 1045 1253 uno
1061 1193 1184 1252 tantum
1201 1186 1331 1252 vinculo

145 1311 206 1375 sed
226 1311 371 1397 pluribus
387 1313 524 1378 vinculis
547 1313 600 1378 vel
624 1313 765 1378 eiusdem
790 1315 920 1400 generis
943 1317 998 1378 aut
1020 1313 1137 1399 speciei
1163 1318 1196 1377 et
1220 1311 1332 1376 eodem

146 1441 297 1523 tempore
309 1439 560 1524 constringatur.
573 1440 615 1506 Ut
626 1443 703 1524 puta
714 1440 853 1504 clericus
869 1440 922 1522 qui
935 1439 1060 1502 crimen
1071 1437 1221 1523 patravit,
1236 1435 1332 1500 idern·

146 1582 213 1647 que
236 1563 366 1628 iteravit
381 1563 423 1628 in
446 1563 590 1649 pluribus
613 1563 821 1638 dioecesibus,
838 1584 858 1628 a
875 1563 1009 1650 singulis
1024 1564 1139 1628 harum
1165 1565 1331 1630 civitatum

240 1769 280 1840 (l)
301 1770 340 1825 De
359 1775 498 1841 potestate
517 1773 716 1842 Episcoporum
735 1773 763 1826 in
784 1770 939 1841 Reguleres
957 1771 1046 1842 quoad
1061 1788 1191 1825 censuras
1204 1770 1332 1825 ferendas

146 1877 220 1930 haec
234 1878 316 1932 docet
334 1877 374 1932 cl.
394 1878 546 1934 Bucceroni
560 1908 574 1920 ·
590 1879 788 1934 Commentario·
802 1909 817 1918 -
838 1881 880 1933 De
901 1879 1040 1934 Censuris.
1062 1879 1135 1932 Edit.
1157 1880 1203 1943 5⁵,
1223 1897 1249 1930 n.
1272 1877 1299 1930 ll
1317 1905 1331 1918 -

143 1999 162 2038 a
178 1983 336 2052 Regulares
356 1984 424 2040 licet
441 1986 562 2054 exempti
581 1986 604 2039 si
624 1985 789 2056 delinquant
807 1987 928 2040 circaea
946 1985 975 2038 in
994 1985 1094 2055 quibus
1107 1986 1134 2038 vi
1147 1984 1289 2038 (lenonum
1303 1987 1332 2038 et

144 2089 387 2144 Constitutionum
406 2093 592 2146 subiiciuntur
612 2092 812 2162 Episcoporum
831 2092 1022 2159 iurisdictioni,
1037 2091 1161 2145 cen'suris
1181 2091 1331 2160 Episcopa-

143 2195 222 2250 libus
241 2195 324 2265 ligari
345 2201 466 2266 possunt.
488 2197 634 2266 Praecipiti
653 2214 734 2252 casus
753 2197 784 2252 in
804 2198 905 2268 quibus
924 2197 1045 2266 exempti
1065 2213 1175 2267 quoque
1189 2194 1332 2266 regulares

143 2303 293 2373 Episcopis
312 2305 489 2358 subiciuntur
514 2311 659 2360 enumerat
684 2305 710 2358 S.
735 2304 903 2375 Alphonsus,
922 2305 1012 2360 Homo
1039 2307 1133 2375 Apost.
1164 2305 1256 2358 Tract.
1281 2305 1331 2369 20,

142 2428 173 2464 a.
198 2411 250 2462 75.
275 2412 295 2462 7
299 2411 326 2462 7.
346 2411 385 2464 cf.
407 2411 533 2466 Ferraria
557 2430 583 2464 v.
611 2411 774 2481 Regulares.
795 2429 821 2464 n.
842 2414 866 2464 2.
887 2439 901 2452 ·
921 2412 962 2466 Ex
987 2413 1126 2466 communi
1152 2417 1246 2466 etitem
1270 2427 1332 2466 sen-

143 2517 237 2571 tentia
256 2517 384 2586 Episcopi
405 2517 496 2588 quoad
514 2517 583 2573 haec
604 2534 657 2573 non
676 2519 817 2572 ordinaria
837 2517 883 2573 sed
903 2518 1033 2587 delegata
1053 2536 1070 2572 a
1089 2519 1150 2572 Sed.
1169 2520 1264 2588 Apost.
1284 2533 1333 2586 po·

141 2627 250 2678 testate
273 2624 434 2693 procedunt.
462 2629 594 2680 Attamen
620 2627 693 2680 idem
718 2625 744 2678 S.
773 2625 874 2679 Doctor
893 2624 962 2679 haec
982 2625 1067 2681 habet
1089 2637 1106 2680 e(
1131 2625 1160 2678 ln
1184 2624 1331 2694 religiosos

142 2733 291 2798 exemptos
310 2732 368 2785 sive
388 2730 580 2800 privilegiatos
600 2731 769 2801 (specialiori
790 2749 888 2801 nempe
908 2733 1094 2800 exemptionis
1119 2731 1280 2800 privilegio)
1301 2735 1332 2785 ut

142 2835 341 2890 Mendicentes
359 2841 388 2891 et
407 2835 524 2890 lesuitas
543 2838 641 2907 nequit
660 2837 813 2907 Episcopus
832 2839 905 2892 terre
918 2855 1050 2892 censuras
1063 2837 1173 2892 etiamsi
1199 2836 1331 2906 procedet

145 2953 289 3012 umquam
312 2941 458 3011 delegatus
477 2943 676 3014 apostolicus»
695 2945 821 3014 quemvis
847 2942 911 2998 aliis
935 2945 1031 3014 poenis
1057 2945 1149 3014 puniri
1176 2945 1210 2997 ab
1234 2944 1330 2998 eodem

142 3047 260 3118 possint.
271 3089 278 3101 .
289 3087 296 3100 .
309 3087 316 3102 .
332 3047 402 3103 Huic
415 3065 481 3105 vero
494 3052 669 3120 specialioris
682 3051 866 3120 exemptionis
881 3050 1029 3120 privilegio
1044 3051 1125 3104 unico
1139 3053 1249 3104 tantum
1265 3067 1330 3104 casu

143 3169 277 3223 expresse
298 3153 446 3223 derogavit
463 3155 545 3223 Greg.
565 3155 618 3209 XV
640 3185 654 3198 ·
676 3155 705 3208 0.
729 3155 913 3210 inscrutabili
940 3155 1010 3209 Non.
1031 3155 1097 3209 Feb.
1120 3153 1199 3220 1622,
1221 3159 1239 3220 S
1258 3155 1284 3221 6,
1307 3155 1331 3207 si

144 3277 246 3331 nempe
263 3263 324 3318 «in
344 3262 444 3318 alienis
463 3261 596 3318 Ecclesiis
613 3268 663 3317 aut
682 3280 753 3334 quae
772 3279 884 3318 suorum
905 3263 1038 3317 Ordinem
1059 3279 1114 3317 non
1134 3267 1206 3330 sunt,
1226 3264 1331 3332 absque

143 3365 275 3435 Episcopi
296 3365 414 3421 licentis
432 3372 461 3422 et
479 3369 509 3421 in
524 3367 657 3422 Ecclesiis
670 3369 727 3422 suis
739 3375 789 3422 aut
800 3385 915 3422 suorum
929 3368 1062 3422 Ordinnm
1075 3383 1130 3421 non
1145 3367 1235 3436 petita
1253 3366 1332 3420 illius

143 3471 352 3538 benedictione,
372 3478 422 3527 aut
440 3474 500 3544 ipso
519 3475 737 3540 contradicente,
758 3477 917 3545 praedicare
938 3473 1175 3545 praesumpserint
1187 3487 1212 3531 a.
1226 3473 1331 3528 Verum

144 3579 325 3634 Innocentius
345 3581 371 3634 X
390 3581 470 3636 Brev.
486 3611 500 3621 -
523 3582 593 3636 Cum
611 3585 682 3636 sicut
699 3587 859 3653 accepimus
881 3583 912 3636 14
933 3583 1003 3648 Mai,
1023 3581 1098 3649 1653,
1118 3581 1213 3648 alium,
1233 3583 1331 3636 decla·

143 3689 236 3742 rande
255 3688 303 3742 cit.
324 3688 418 3743 Goust.
438 3689 627 3758 inscrutabili,
650 3689 754 3744 addidit
779 3708 872 3745 casum
899 3683 1103 3744 confessionum
1124 3689 1330 3744 audiendarum.

144 3793 216 3849 Dnb.
236 3793 273 3848 1v
292 3797 338 3848 2³⁸
351 3795 447 3852 seriei:
466 3799 541 3851 «An
561 3797 713 3867 Episcopus
732 3798 820 3866 possit
838 3814 901 3851 cum
921 3796 1045 3852 censuris
1065 3794 1213 3866 procedere
1232 3801 1331 3852 contre

143 3898 291 3968 regulares
310 3905 454 3970 exemptos
471 3901 495 3954 si
515 3900 706 3957 inobedientes
725 3903 829 3957 tuerint
849 3903 877 3955 in
891 3901 1111 3956 confessionibus
1125 3900 1269 3955 audiendis
1282 3905 1331 3956 aut

142 4007 353 4077 praedicatione
372 4009 450 4063 verbi
471 4009 520 4064 Dei
540 4013 569 4064 et
588 4008 641 4064 hoc
660 4026 695 4063 an
716 4011 812 4078 vigore
831 4009 898 4064 Con.
918 4009 991 4064 Trid.
1013 4009 1058 4064 vel
1077 4025 1126 4078 per
1144 4025 1226 4080 quem
1249 4024 1332 4064 ceno-

142 4111 228 4168 neml
247 4115 330 4185 Resp.
351 4129 432 4184 posse
451 4115 600 4185 procedere
619 4131 673 4170 non
693 4115 805 4186 quidem
824 4116 853 4170 in
874 4117 929 4171 vim
949 4116 1031 4170 Cone.
1052 4115 1127 4170 Trid.
1153 4115 1200 4170 sed
1225 4114 1255 4170 in
1273 4115 1329 4169 vim

142 4219 239 4275 Gonet.
259 4221 388 4291 Gregorii
403 4221 464 4278 XV.
479 4223 663 4278 inscrutabili
676 4225 728 4278 Dei
740 4223 922 4279 Providentia
935 4224 1170 4278 -Tertiusetiem
1187 4229 1330 4292 assessus,
1362 4249 1365 4256 ·

141 4326 167 4380 ei
186 4342 289 4397 nempe
308 4327 431 4383 audeant
449 4327 640 4398 imagines'ab
661 4330 797 4400 Episcopo
815 4347 870 4384 non
891 4332 1031 4400 probatas,
1050 4329 1162 4400 publico
1181 4329 1270 4386 cultui
1284 4347 1332 4386 ex·

145 4448 260 4503 ponere,
280 4449 314 4488 ex
336 4432 366 4488 C.
387 4435 567 4490 Sacramenta
585 4435 654 4491 Urb.
668 4436 739 4490 Vlll.
761 4436 793 4492 15
811 4439 911 4492 Martii
928 4437 1006 4491 1642
1019 4455 1043 4490 s.
