3202 5104
509 331 554 379 nn
578 329 732 378 nnnrcrrs
756 331 798 376 nr
821 329 941 376 nonnis
1246 308 1315 375 267

133 454 344 539 Superiorem
368 455 620 522 ecclesiasticum
644 453 866 540 applicandam
890 473 971 519 esse.
1001 451 1090 518 Idem
1110 451 1255 516 decrevit
1277 450 1317 515 de

132 579 235 644 tertia
256 583 350 662 parte
373 578 538 644 fructuum
565 578 756 644 amissorum
779 597 799 642 a
821 578 950 644 clericis
976 575 1224 648 concubinariis,
1255 595 1317 640 noc

131 717 201 764 non
224 699 264 765 de
287 700 433 766 omnibus
458 699 627 774 fructibus,
656 706 825 766 crescente
841 701 1052 774 contumacia,
1070 699 1110 764 ab
1127 697 1238 764 irsdem
1256 699 1317 763 cle

130 823 213 888 ricis
236 825 436 900 amittendis;
459 843 538 890 sess.
563 825 622 898 25,
648 843 722 908 cup.
745 823 854 890 11De
876 823 941 907 res.
967 861 979 872 -
1004 821 1198 888 Benedictus
1221 820 1314 888 XIV.

131 946 187 1014 De
202 946 283 1034 Syn.
301 949 342 1022 X,
369 950 400 1020 9,
419 949 451 1024 8,
477 949 560 1014 haec
581 948 696 1015 tradit:
717 949 850 1014 «Iussit
873 947 1095 1014 Tridentinum
1111 965 1189 1014 sess.
1206 947 1231 1012 5
1247 967 1273 1012 c.
1291 945 1317 1011 2

134 1073 186 1138 De
208 1074 272 1156 ref.
298 1079 332 1140 ut
356 1077 539 1140 animarum
563 1080 710 1140 rectores
735 1075 853 1142 diebus
879 1078 999 1140 saitem
1022 1073 1202 1142 dominicis
1224 1078 1257 1138 et
1269 1072 1317 1155 se·

134 1197 195 1263 stis
217 1199 422 1266 solemnibus
440 1199 556 1284 plebes
578 1199 641 1266 sibi
665 1200 862 1267 commissas
880 1217 948 1282 pro
971 1219 1036 1265 suu
1059 1203 1090 1264 et
1114 1217 1236 1264 earum
1264 1217 1316 1264 ca·

131 1324 282 1405 punitate
299 1329 446 1406 pascant
472 1323 680 1390 salutaribus
701 1324 813 1390 uerbis
842 1325 1014 1408 voluitque
1041 1323 1130 1388 uisi
1157 1322 1200 1388 ab
1230 1323 1315 1405 Epi-

134 1463 238 1528 scopo
261 1447 380 1514 moaiti
411 1448 516 1513 trium
545 1447 714 1514 mensium
744 1449 854 1532 spatio
884 1447 1021 1514 muneri
1050 1467 1112 1514 suo
1143 1445 1315 1529 dofueriat

134 1589 204 1653 per
227 1591 390 1638 caesuras
412 1573 654 1640 ecclesiasticas
676 1591 735 1640 seu
758 1573 854 1646 atius,
880 1573 927 1638 ud
949 1573 1056 1657 ipsius
1078 1573 1239 1656 Episcopi
1262 1591 1316 1638 ur-

137 1693 287 1770 bitrium,
312 1702 488 1782 copulatur.
516 1699 602 1763 Hinc
624 1697 684 1763 sibi
707 1698 836 1762 licuisse
860 1699 984 1784 putavit
1007 1698 1184 1783 Episcopus
1211 1698 1316 1766 ,Nova-

137 1819 254 1884 riensis
277 1821 311 1884 in
334 1823 399 1886 suis
415 1819 694 1886 constitutionibus
721 1821 929 1907 synodalibus
960 1820 1120 1906 parochos
1151 1821 1228 1885 hnic
1258 1819 1315 1885 de·

134 1950 227 2010 creto
250 1947 534 2011 contravenientes
556 1946 694 2030 pecunia
720 1947 887 2012 mulctare.
913 1945 975 2012 Sed
999 1944 1030 2011 S.
1056 1946 1089 2013 O.
1116 1945 1238 2012 Gonoil.
1262 1943 1314 2008 die

135 2067 180 2134 15
203 2069 281 2134 lun.
303 2069 395 2134 1658
417 2071 479 2135 etsi
502 2069 542 2134 de
565 2075 722 2154 potestate
740 2069 889 2154 Episcopi
912 2089 977 2134 non
1002 2069 1206 2142 dubitaverit,
1225 2068 1255 2133 id
1271 2073 1316 2132 ta-

133 2213 211 2258 men
234 2192 306 2258 fieri
329 2213 393 2258 non
417 2194 563 2261 decuisse
586 2194 759 2280 respondit.
784 2196 962 2280 Episcopus
986 2196 1175 2260 Assisiensis
1198 2196 1233 2259 in
1257 2214 1316 2259 sna

133 2317 260 2404 synodo
290 2319 653 2384 excommunicationem
678 2324 711 2384 et
733 2319 946 2405 quadraginta
974 2339 1147 2385 aureorum
1178 2339 1315 2406 poenam

135 2443 330 2509 decreverat
352 2445 385 2508 in
409 2445 570 2530 parochos
593 2465 611 2510 e
635 2465 694 2511 sua
717 2445 872 2531 parochia
895 2445 1030 2511 duorum
1055 2445 1181 2510 dierum
1212 2446 1315 2530 spatio

133 2568 205 2634 sine
229 2569 378 2654 Episcopi
400 2570 532 2634 licentia
554 2569 714 2635 absentes.
738 2571 801 2636 Sed
824 2571 935 2636 eadem
960 2570 991 2636 S.
1017 2570 1233 2656 congregatio
1257 2569 1311 2633 de·

134 2691 264 2758 lendam
288 2695 413 2760 censuit
437 2714 455 2758 e
478 2693 609 2760 decreto
633 2696 998 2760 excommunicationem
1022 2695 1043 2760 t.
1068 2713 1093 2760 s.
1119 2700 1152 2759 et
1178 2713 1314 2779 poenam

133 2819 356 2902 pecuniariam
376 2838 441 2883 non
458 2818 680 2903 imponendam
698 2825 788 2884 certa
804 2820 982 2902 quantitate
997 2818 1053 2884 sed
1070 2817 1314 2902 relinquendam

134 2939 271 3006 arbitrio
295 2943 445 3026 Episcopi
469 2943 522 3025 qui
546 2962 619 3008 cum
643 2961 736 3008 casus
759 2945 962 3027 contingeret
986 2943 1031 3006 ita
1048 2942 1135 3006 illam
1150 2947 1314 3026 tempera-

135 3070 188 3132 ret
210 3073 247 3132 ut
269 3066 481 3151 responderet
503 3069 642 3152 tempori
666 3065 831 3132 absentiae
854 3071 887 3132 et
910 3065 1065 3132 reditibus
1096 3065 1240 3150 parocho
1271 3084 1314 3130 ex

134 3211 195 3256 sua
217 3191 365 3256 Ecclesia
387 3191 645 3267 obvenientibus;
670 3193 715 3256 uti
738 3191 876 3258 habetur
901 3191 954 3257 lib.
977 3189 1044 3257 153
1058 3189 1314 3256 Memoriatium

131 3334 169 3398 p.
196 3313 277 3382 953.
302 3317 340 3381 In
364 3315 487 3402 synodo
512 3315 718 3381 Brundusina
741 3321 892 3382 statutum
923 3316 1032 3381 iuerat
1062 3319 1096 3380 ut
1128 3314 1314 3381 sacerdotes

134 3437 254 3522 aliique
277 3439 451 3505 inferiores
473 3440 586 3505 clerici
609 3441 770 3506 inservire
794 3439 951 3506 deberent
974 3439 1140 3504 Ecclesiae
1157 3439 1209 3504 cui
1223 3439 1314 3504 iuxta

134 3561 303 3628 decretum
327 3564 424 3631 Gonc.
449 3565 535 3630 Trid.
554 3585 629 3648 cup.
642 3565 693 3640 16,
710 3584 788 3632 sess.
814 3564 861 3630 23
876 3565 930 3632 De
948 3564 1012 3648 ref.
1034 3567 1129 3630 erant
1149 3563 1312 3648 adscripti,

134 3690 270 3774 singuiis
293 3690 459 3756 dominicis
482 3691 616 3776 aliisque
639 3690 751 3756 diebus
774 3691 866 3756 iestis
890 3695 923 3756 et
945 3692 978 3756 in
1001 3695 1069 3755 tota
1092 3693 1207 3754 octava
1234 3689 1311 3756 Gor·

134 3815 224 3898 poris
260 3813 397 3896 Christi,
430 3820 525 3899 atque
556 3817 688 3900 insuper
715 3814 911 3880 solemnibus
941 3811 1228 3899 supplicationibus
1254 3831 1314 3897 per

134 3957 256 4002 annum
279 3935 350 4002 fieri
374 3939 535 4003 consuetis
558 3939 716 4003 interesse
740 3937 798 4002 sub
822 3957 925 4021 poena
949 3935 1138 4001 ducatorum
1155 3937 1200 4001 50
1216 3937 1311 4000 semi-

134 4064 228 4127 nario
258 4063 465 4148 applicanda,
497 4062 553 4128 sed
585 4063 615 4128 S.
648 4063 681 4130 G.
714 4063 770 4129 die
799 4064 841 4128 19
871 4063 937 4128 Ital.
962 4061 1047 4126 1618
1077 4059 1312 4126 admonendum

133 4188 259 4254 censuit
289 4187 483 4272 Episcopum
513 4206 554 4251 ne
585 4186 625 4251 ad
657 4183 788 4272 poenae*
812 4188 1014 4252 exactionem
1045 4185 1247 4270 procederet,
1272 4205 1312 4250 eo

133 4311 218 4396 quod
243 4312 331 4379 Trid.
356 4315 417 4380 loc.
442 4313 495 4379 cit.
519 4313 648 4378 clericis
672 4313 852 4380 Ecclesiam
875 4311 1098 4378 deserentibus
1129 4312 1219 4377 cuius
1250 4311 1311 4376 ob-

131 4435 253 4520 sequiis
285 4437 318 4501 in
351 4455 463 4501 eorum
496 4434 699 4501 ordinatione
729 4441 803 4502 sunt
832 4435 1038 4524 mancipati„
1056 4434 1312 4502 interdicendum
