3306 5102
555 327 599 372 nn
622 325 776 372 nscioms
800 325 842 372 nr
866 323 984 372 rossus
1294 306 1358 372 297

183 471 225 514 an
250 449 454 516 homicidium
477 454 697 536 perpetratum
721 450 771 524 sit,
802 447 877 533 (hoc
901 450 984 512 enim
1009 468 1072 512 non
1096 455 1146 514 est
1168 469 1358 533 expressum

183 578 218 640 in
241 577 294 641 cit.
318 572 455 660 legibus)
484 574 540 639 sed
571 595 644 639 oum
671 573 877 638 homicidium
909 578 957 638 est
987 577 1124 648 certum,
1147 578 1181 637 at
1210 575 1359 658 graviter

184 701 314 766 dubium
345 706 396 768 est
424 719 467 764 an
496 699 581 767 istud
608 705 642 764 tu
673 699 863 784 patraveris,
888 704 965 764 tunc
995 701 1098 774 enim,
1123 699 1360 765 nonobstante

184 823 289 897 dubio,
313 823 589 909 irregularitatem
614 824 765 888 incurres
781 823 836 906 (l).

318 949 352 1035 6)
377 949 601 1030 Quamobrem,
619 950 744 1033 praxim
765 947 848 1032 quod
871 949 995 1028 attinet,
1010 948 1199 1014 advertatur
1218 949 1356 1032 aliquem

186 1075 231 1137 uti
247 1072 374 1138 dubiam
389 1073 664 1158 irregularitatem
681 1071 802 1136 habere
818 1091 911 1156 posse
935 1071 969 1157 a)
985 1077 1040 1136 aut
1059 1073 1185 1138 ratione
1200 1071 1287 1138 imis
1303 1077 1359 1137 eut

187 1203 311 1265 ratione
334 1197 426 1280 facti,
452 1197 483 1284 h)
500 1205 533 1264 et
554 1200 615 1263 isto
638 1197 733 1262 dubio
757 1215 851 1280 quem
874 1195 959 1262 affici
982 1217 1074 1281 posse
1094 1199 1162 1262 sive
1184 1201 1356 1281 antequam

186 1327 294 1387 actum
317 1326 431 1406 ponat,
456 1319 541 1386 unde
564 1320 676 1385 forsan
699 1320 925 1406 irregularitas
948 1321 1027 1385 oriri
1051 1326 1171 1405 posset,
1195 1320 1249 1384 vel
1274 1325 1361 1406 post·

186 1464 280 1528 quam
304 1451 411 1509 actum
434 1449 491 1511 aut
512 1445 580 1528 ipse
602 1448 659 1508 aut
681 1443 764 1507 alius
786 1442 945 1527 posuerim
970 1443 1120 1507 nimirum
1148 1443 1218 1526 quis
1249 1441 1362 1508 dubius

187 1570 304 1636 haeret
333 1569 373 1634 de
403 1568 644 1654 irregularitate
678 1568 730 1632 vel
765 1567 850 1634 forte
886 1587 1104 1634 moonnnnnn
1138 1567 1289 1632 videlicet
1319 1587 1361 1631 ex

186 1693 316 1768 delicto,
340 1694 393 1758 vel
420 1693 506 1758 torte
529 1694 670 1760 incurso
693 1695 761 1758 sive
785 1714 827 1758 ex
850 1693 969 1760 delicto
992 1694 1061 1758 sive
1084 1712 1127 1758 ex
1152 1693 1295 1776 defectu.

276 1821 316 1884 ln
335 1821 450 1903 primo
475 1839 550 1885 casu
566 1824 671 1885 stante
689 1819 784 1885 dubio
800 1821 870 1904 quis
885 1819 944 1885 sibi
965 1816 1114 1884 efformet
1133 1819 1362 1884 conscientiam

185 1947 336 2030 practice
360 1951 487 2013 certam
511 1951 544 2011 et
566 1947 643 2012 huic
658 1947 789 2011 innixus
806 1946 1080 2030 irregularitatem
1095 1963 1141 2011 ete
1156 1945 1275 2012 delicto
1295 1964 1363 2008 non

188 2071 334 2137 incurrit.
361 2071 403 2138 Ut
424 2077 502 2156 puta
533 2072 603 2155 quis
630 2071 744 2137 dubius
767 2071 884 2138 haeret
905 2091 948 2134 an
972 2091 1142 2137 censuram
1166 2071 1362 2136 commiserit

188 2195 405 2281 suspensionis
427 2203 461 2262 et
484 2197 574 2261 timet
597 2214 639 2261 ne
661 2216 703 2260 ex
726 2195 944 2260 celebratione
960 2197 1076 2260 missae
1091 2193 1148 2261 fiat
1163 2193 1364 2280 irregularis.

190 2322 348 2394 lamver0‚
372 2323 399 2386 si
423 2320 552 2386 dubium
579 2341 645 2385 non
673 2320 814 2386 diluatur
843 2327 915 2406 post
945 2319 1088 2386 sedulam
1118 2320 1364 2404 inquisitionem,

188 2447 257 2530 ipse
280 2444 450 2510 celebrans
473 2465 536 2508 non
561 2443 597 2513 lit
619 2445 810 2530 irregularis
834 2447 891 2510 etsi
916 2451 1026 2531 postea
1048 2444 1218 2530 detegatur
1238 2463 1367 2528 suspen·

189 2567 272 2632 sioni
296 2587 413 2633 revera
436 2567 631 2634 subiacuisse
654 2567 728 2633 dum
743 2567 939 2634 celebravit.
959 2569 1038 2634 Nam
1063 2587 1180 2633 revera
1203 2585 1268 2630 non
1292 2566 1366 2631 deli-

189 2694 258 2777 quit
280 2713 380 2780 agens
410 2713 453 2758 ex
483 2694 680 2759 conscientia
706 2694 857 2776 practice
888 2699 980 2760 certo
1002 2695 1035 2758 vi
1058 2693 1208 2780 principii
1240 2688 1365 2756 reflexi.

189 2817 319 2892 suarez,
344 2819 398 2885 De
413 2839 500 2886 oens.
517 2819 578 2901 XI,
595 2819 629 2896 3,
646 2819 678 2884 8.
703 2819 741 2883 ln
764 2821 913 2886 seeundo
937 2841 1013 2885 casu
1037 2821 1117 2904 quis,
1135 2823 1207 2904 post
1229 2818 1366 2903 diligens

190 2943 276 3008 dubii
300 2965 448 3026 examen,
473 2947 532 3010 etsi
559 2943 688 3011 dubium
712 2965 813 3030 grave
837 2951 1034 3030 perseveret,
1059 2965 1094 3009 se
1117 2943 1240 3008 hahere
1262 2949 1367 3029 potest

191 3069 236 3133 uti
259 3087 324 3130 nou
353 3068 569 3154 irregularem
594 3075 684 3134 etse
707 3087 825 3153 gerere
857 3068 902 3132 uti
925 3066 965 3131 ab
996 3068 1059 3133 hac
1088 3068 1261 3132 immunem
1290 3066 1366 3149 quin

190 3193 289 3258 ullam
313 3195 495 3280 expostulet
518 3195 788 3278 dispensationem
813 3213 854 3259 ne
877 3194 924 3258 ad
948 3195 1114 3260 cautelam
1137 3194 1274 3278 quidem,
1299 3214 1366 3258 ma-

190 3318 278 3382 xime
302 3315 428 3401 quando
443 3319 552 3404 agitur
566 3317 606 3382 de
622 3318 737 3383 ordine
753 3316 842 3384 hono
864 3319 931 3404 fide
947 3321 1096 3403 recepto;
1121 3319 1195 3402 quia
1214 3319 1248 3381 iu
1272 3316 1367 3383 dubio

186 3443 339 3526 possidet
358 3441 498 3508 liberum
522 3445 714 3509 exercitium
737 3443 861 3509 ordinis
884 3445 946 3508 rite
969 3443 1118 3527 suscepti.
1135 3478 1179 3492 -
1195 3442 1227 3508 Si
1251 3447 1368 3526 agatur

272 3709 312 3777 (Ι)
331 3709 367 3762 ut
385 3713 465 3763 notat
484 3708 628 3776 Sehmalz,
640 3728 664 3779 q.
680 3710 729 3778 84,
749 3709 821 3764 haue
840 3709 1077 3779 irregularitatem
1097 3711 1192 3778 vigere
1211 3709 1366 3764 dumtaxat:

191 3814 284 3882 quoad
303 3816 431 3884 effectum
449 3814 605 3868 abstinendi
622 3833 640 3867 a
659 3815 847 3868 celebratione
866 3825 893 3869 et
908 3815 1025 3884 petendi
1049 3815 1283 3884 dispensationem
1302 3813 1367 3884 guia

192 3959 258 3972 .....
277 3921 313 3973 de
330 3921 373 3974 his
392 3921 479 3976 relati
496 3931 588 3976 tentus
608 3923 770 3992 loquuntur,
788 3923 870 3975 nullo
889 3933 982 3976 eutem
1000 3927 1082 3976 modo
1101 3925 1141 3976 ito
1159 3923 1287 3976 dubitans
1306 3939 1369 3974 cen-

191 4031 295 4082 sendus
314 4037 354 4081 est
373 4029 544 4098 irregularis
563 4033 655 4100 quoad
678 4032 864 4101 privationem
889 4032 1086 4100 beneficiorum
1110 4015 1243 4099 aliasque
1262 4045 1366 4099 poenos

191 4137 401 4204 irregularibus
413 4139 562 4206 impositas.
577 4167 591 4176 -
606 4137 658 4192 Sed
672 4137 724 4192 hoc
737 4156 802 4192 sane
819 4143 862 4192 est
874 4157 981 4203 verum,
995 4142 1132 4210 quatenus
1146 4137 1214 4192 haec
1233 4137 1369 4206 irregula-

192 4241 262 4295 ritas
280 4246 324 4296 est
341 4246 497 4314 intpropria
515 4262 563 4299 seu
584 4262 637 4298 non
651 4262 747 4301 omnes
759 4245 846 4299 habet
856 4263 922 4300 suos
934 4247 1057 4301 effectus.
1072 4276 1084 4286 -
1099 4245 1262 4314 lrregulnris
1275 4249 1368 4299 autem

193 4363 228 4401 ex
246 4347 395 4403 homicidio
412 4353 496 4405 dubio
516 4368 569 4404 nou
589 4367 668 4406 secus
681 4369 713 4406 ac
726 4353 842 4423 quisque
855 4352 926 4407 alins
946 4351 1108 4421 irregularis
1121 4355 1164 4405 est
1176 4352 1307 4419 indignus
1321 4349 1367 4404 sed

193 4471 248 4511 non
266 4458 396 4512 inhabilis
414 4459 448 4512 sd
466 4461 608 4515 beneficia.
