3290 5100
531 331 575 378 na
598 331 753 379 nemoris
777 333 818 380 ar
843 332 963 380 poenis
1261 315 1338 381 ’483

158 475 278 521 cesum.
302 455 437 523 Additus
470 457 635 522 renotuit
661 460 697 521 ut
720 455 974 541 distingueretur
998 456 1159 522 damnatio
1184 458 1217 524 S.
1243 455 1337 542 Apo·

156 577 295 644 stolicae
316 576 442 663 abique
464 579 587 664 vigens,
613 599 633 643 a
656 577 859 644 damnatione
876 581 1071 666 Episcopali,
1095 581 1127 644 vi
1150 585 1215 645 art.
1231 580 1291 646 29.

248 703 323 769 415.
348 705 434 770 Ans.
451 703 504 769 46.
525 726 543 768 ‹
562 703 770 789 Quicumqve
793 703 960 771 librorum
983 705 1183 780 venditores,
1200 705 1337 788 praea-

154 843 225 906 pne
248 825 309 910 qni
338 827 502 895 catholieo
532 829 671 895 nomine
697 828 904 914 gloriantur,
930 827 1033 895 libros
1056 826 1097 894 de
1119 827 1269 895 obscenis
1292 847 1339 894 em

154 949 310 1033 professo
335 958 526 1027 tractantes,
542 973 652 1038 neqve
674 953 833 1027 vendant,
858 972 968 1038 neque
992 954 1204 1020 commodant
1227 973 1337 1039 neqve

156 1079 344 1163 retineant;
359 1085 485 1147 ceteros
496 1079 685 1164 prohibitos
700 1083 836 1148 venales
851 1101 924 1148 non
941 1079 1096 1162 habeant,
1113 1080 1180 1146 nisi
1194 1100 1217 1146 a
1230 1079 1263 1146 S.
1277 1083 1335 1146 In-

157 1204 242 1271 dicis
269 1203 537 1292 Conprepatione
562 1207 700 1272 veniam
724 1225 792 1289 per
822 1205 1048 1272 ordinariam
1080 1206 1336 1290 impetraverint

155 1348 220 1396 nec
242 1331 402 1415 cuiquam
425 1333 576 1398 vendant
596 1333 664 1398 nisi
689 1333 882 1416 prudenter
912 1333 1112 1399 eaistimare
1136 1335 1270 1416 possint
1292 1333 1335 1401 ab

155 1460 308 1538 emptore
331 1456 478 1544 lepitime
499 1457 567 1538 peti
584 1477 614 1519 s.

246 1579 319 1644 416.
345 1579 485 1645 Librarii
513 1582 567 1665 qui
591 1580 751 1646 catholico
775 1583 905 1646 nomine
934 1582 1117 1666 gloriantur
1140 1585 1214 1647 sunt
1236 1583 1334 1667 potis·

155 1703 280 1774 simum,
305 1705 338 1768 ni
362 1704 514 1776 fallimur,
532 1705 576 1768 illi
600 1706 653 1788 qui
682 1705 715 1768 in
738 1704 865 1769 tabellis
881 1723 959 1770 suae
973 1704 1151 1789 apothecae
1171 1705 1333 1790 appositis,

154 1845 192 1890 se
213 1827 393 1892 inscribunt
416 1827 576 1895 librarios
592 1829 772 1896 catholicos
779 1848 793 1912 ,·
817 1834 849 1894 et
871 1829 906 1894 hi
922 1849 1000 1894 sane
1016 1831 1161 1894 severius
1182 1829 1332 1894 monendi

154 1954 231 2014 sunt
256 1971 298 2015 ne
321 1956 411 2016 tanto
440 1953 569 2018 nomine
599 1951 747 2037 indignos
779 1971 814 2016 se
844 1952 1032 2037 praebeant,
1061 1957 1102 2025 et,
1129 1952 1211 2036 quod
1242 1954 1333 2038 peius

153 2079 213 2156 est,
235 2093 277 2138 ne
300 2074 363 2140 hoo
378 2081 490 2140 sancto
505 2077 634 2141 nomine
650 2073 743 2140 fidem
760 2076 920 2161 publicam
938 2075 998 2141 sibi
1015 2077 1234 2158 conciliantes,
1252 2077 1331 2142 faci-

153 2199 216 2264 lius
238 2219 400 2265 venenum
423 2220 544 2284 pravae
569 2201 717 2267 lectionis
748 2202 896 2287 ingenuis
927 2200 1124 2285 emptoribus
1148 2202 1330 2286 propinent.

244 2324 419 2397 Articulus,
443 2325 476 2388 in
500 2325 625 2410 primis,
651 2329 784 2390 revocat
814 2329 1021 2410 praeceptum
1054 2324 1133 2390 iuris
1162 2325 1330 2398 naturalis,

154 2467 269 2532 nempe
292 2468 333 2512 ne
356 2447 508 2513 ultimode
531 2449 596 2514 sint
614 2450 647 2514 in
663 2450 868 2522 commercia,
886 2448 991 2523 idest,
1009 2468 1114 2532 neque
1137 2449 1329 2524 vendantur,

154 2591 259 2655 neque
283 2571 536 2653 commodentur,
561 2591 666 2656 neque
697 2574 900 2639 retineantur
926 2573 1059 2638 venales
1089 2573 1166 2638 libri
1189 2594 1231 2638 ex
1255 2593 1330 2658 pro-

153 2695 240 2760 fesso
262 2695 304 2760 de
327 2695 478 2761 obscenis
501 2699 690 2761 tractantes.
715 2697 836 2760 Tamen
861 2695 966 2780 quoad
988 2694 1145 2760 obscenos
1175 2695 1332 2764 classicos

153 2819 318 2884 recolatur
341 2819 505 2886 articulos
520 2820 564 2884 10
586 2823 640 2904 qui
664 2821 826 2886 nonnullis
848 2823 995 2906 personis
1018 2822 1097 2886 istos
1118 2821 1283 2905 permittit.

243 2943 354 3018 Quoad
385 2946 465 3010 alios
493 2943 594 3011 libros
625 2944 802 3030 prohibitos
831 2945 885 3012 vel
917 2945 1067 3012 absolate
1102 2945 1154 3010 vel
1189 2946 1331 3012 relative

149 3064 208 3164 (cf.
231 3087 330 3152 supra
353 3088 384 3132 n.
410 3067 487 3153 342)
511 3088 590 3152 quos
612 3069 724 3154 legere
747 3069 894 3133 nonnulli
917 3074 1059 3154 possunt,
1084 3069 1196 3136 saltem
1213 3070 1258 3133 illi
1275 3069 1329 3152 qui

150 3197 227 3256 sunt
249 3192 398 3257 instructi
422 3193 566 3278 legitima
588 3194 692 3273 venit,
722 3197 832 3257 monet
857 3192 1014 3257 articulus
1044 3192 1198 3258 eiusmodi
1229 3192 1330 3258 libros

150 3335 217 3380 non
232 3335 326 3401 posse
340 3315 455 3380 haberi
471 3317 604 3381 venales
618 3317 680 3380 nisi
697 3317 869 3401 impetrati
883 3316 1016 3382 licentia
1036 3337 1055 3380 a
1074 3317 1108 3384 S.
1130 3315 1233 3403 (long.
1250 3317 1328 3382 lncl.

149 3460 210 3526 per
227 3440 445 3506 Ordinarium.
465 3439 602 3505 Additur
620 3459 717 3524 -per
739 3439 963 3506 Ordinomnm
986 3441 1242 3524 impetrandam
1258 3459 1329 3506 esse

150 3566 286 3631 veniam
310 3567 427 3650 -quia
457 3566 562 3652 stylus
594 3571 643 3632 est
672 3565 726 3632 SS.
751 3565 1042 3653 congregationum
1074 3566 1328 3651 dispensationes

151 3709 215 3753 non
243 3688 435 3762 concedere,
460 3691 522 3754 nisi
553 3709 668 3775 preces
699 3694 867 3755 oratorum
898 3688 1164 3755 commendentur
1186 3690 1227 3755 ab
1250 3691 1326 3776 Epi·

147 3829 257 3895 scopo.
276 3811 455 3877 Praeterea
478 3813 538 3877 etsi
563 3812 593 3878 S.
611 3813 837 3898 Congregatio,
854 3813 1054 3897 exceptionis
1069 3813 1183 3888 instar,
1200 3813 1326 3879 cuidam

147 3933 283 3998 librario
315 3935 510 4001 consederet
539 3937 625 4002 hanc
655 3937 849 4010 facultatem,
882 3937 984 4002 inscio
1017 3935 1186 4022 Episcopo,
1217 3942 1327 4003 tamen

148 4061 342 4144 rescriptum
366 4060 610 4146 dispensationis
633 4061 757 4127 ostendi
782 4061 877 4126 debet
900 4063 1059 4147 Episcopo
1083 4062 1136 4146 qui
1161 4063 1223 4128 nisi
1250 4082 1324 4148 per·

145 4187 290 4268 spectem
314 4184 432 4250 hebeat
454 4187 582 4251 veniam
606 4185 636 4250 S.
661 4184 761 4258 Sedis,
787 4203 829 4248 ex
852 4204 909 4249 suo
940 4204 1086 4258 munere,
1110 4184 1163 4248 isti
1190 4183 1325 4250 librario

147 4308 364 4375 venditionem
382 4308 534 4375 eiusmodi
550 4307 707 4374 librorum
723 4307 897 4394 prohibere
908 4309 1040 4375 omnino
1052 4307 1194 4382 deberet,
1208 4307 1325 4376 additis

147 4451 275 4515 quoque
298 4433 419 4517 poenis.
