3302 5100
605 325 713 374 innan
735 324 942 379 SYNOP'rtctts
1295 305 1362 372 595

292 465 351 506 non
372 447 467 507 semel
487 466 584 508 anam
603 454 722 528 sactum
744 448 852 508 haberi
873 449 973 525 potest
1002 447 1045 508 uti
1066 448 1223 506 continens

288 560 387 633 ptura
408 556 523 616 delicta
555 600 865 618 .......
899 623 905 632 ,
907 597 1166 616 ......
1206 571 1282 630 pap.
1323 552 1361 612 31

181 661 232 724 22.
253 665 301 723 An
322 665 409 722 actio'
423 669 553 722 calerna
567 665 739 722 criminosa
759 663 856 740 possit
873 663 1004 722 obnoxia
1019 679 1086 722 esse
1097 679 1223 738 poenae,

293 771 351 828 etsi
371 769 448 830 haec
468 787 618 846 expressa
639 786 698 829 non
718 771 758 830 sit
778 771 809 827 in
823 769 892 847 lege
908 787 963 847 per
976 770 1158 829 sententiam
1173 765 1223 827 vel

293 881 392 939 latam
412 877 462 938 vel
483 878 646 958 serendam
663 921 1223 940 ............
1263 893 1282 936 ιι
1323 874 1364 933 33

342 1113 361 1187 5
384 1111 410 1173 1.
435 1115 597 1174 Nonnulla
611 1114 789 1189 specialiter
809 1115 1010 1190 explicantur
1030 1111 1068 1172 de
1088 1112 1202 1171 damno

222 1224 250 1277 et
271 1218 310 1278 alc
331 1219 402 1279 dolo
425 1238 478 1278 sea
494 1219 532 1278 de
545 1222 690 1280 elucente
706 1225 770 1278 tam
789 1221 934 1278 obiectioo
949 1225 1013 1278 tam
1028 1219 1194 1279 subiectae
1208 1218 1323 1278 delicti.

181 1412 617 1498 manutenementum
643 1416 852 1492 collectivam,
874 1415 1017 1474 damnum
1041 1413 1222 1473 clementum

292 1524 473 1582 obiectioam
508 1567 1166 1585 ..............
1203 1540 1282 1599 pap.
1323 1523 1361 1582 34

180 1627 230 1688 24.
252 1627 402 1688 Damnum
434 1647 487 1687 seu
509 1633 628 1689 iactura
653 1631 779 1690 ordinis
809 1632 936 1690 socialis
963 1629 1054 1688 efficit
1082 1632 1115 1688 ut
1142 1630 1222 1688 actio

244 1733 252 1744 '
292 1723 377 1795 mala
391 1727 603 1796 sit'deh‘etum.
631 1737 770 1795 Pertinet
794 1738 834 1796 ad
865 1736 1017 1814 publicam
1039 1737 1222 1813 potestatem

291 1860 472 1902 mensurare
493 1843 550 1902 hoe
568 1844 710 1903 damnum
733 1861 786 1904 seu
808 1841 911 1904 delicti
931 1846 1111 1915 obiectioam
1132 1861 1224 1921 quan·

292 1951 429 2027 titatem3
452 1968 506 2010 seu
528 1951 732 2010 determinare
753 1969 903 2028 quaenam
918 1950 1002 2010 facta
1023 1954 1054 2009 et
1073 1951 1222 2028 quomodo

293 2057 466 2117 habeantur
480 2059 525 2117 uti
539 2057 661 2119 delicta·
675 2059 824 2118 Damnum
841 2058 923 2118 aliud
941 2061 989 2118 cst
1002 2059 1221 2128 immediatam,

293 2164 376 2224 aliud
397 2166 584 2240 intertiatam,⁸
607 2169 638 2224 et
658 2167 738 2225 ratio
771 2164 871 2225 delicti
892 2183 931 2224 ex
952 2167 1062 2226 damno
1089 2167 1221 2256 mediato

293 2272 497 2349 perpenditur.
520 2273 553 2332 ln
576 2272 642 2331 iure
662 2290 730 2334 can.
744 2271 832 2332 huius
851 2273 952 2332 damni
967 2273 1140 2332 aestimatio
1161 2290 1222 2332 non

199 2447 203 2456 ν
292 2381 339 2437 est
360 2395 481 2456 semper
502 2381 664 2452 tanatioa5
686 2381 718 2437 et
738 2378 808 2439 hino
828 2377 955 2456 regulae
976 2377 1109 2437 refertur
1122 2379 1223 2438 distin·

293 2485 352 2543 ctio
373 2502 490 2562 poenae
511 2486 542 2544 in
564 2503 694 2563 poenam
716 2489 772 2544 aut
792 2484 812 2544 l.
833 2503 857 2546 s.
880 2487 934 2545 aut
955 2484 975 2546 f.
994 2503 1018 2544 s.
1061 2531 1068 2546 .
1111 2530 1119 2545 .
1162 2530 1169 2544 .
1211 2531 1218 2547 .
1259 2503 1278 2546 ι
1319 2485 1361 2544 ibi

181 2591 231 2653 25.
252 2592 319 2657 Qua
339 2593 459 2650 ratione
481 2592 622 2651 damnum
644 2593 675 2651 in
690 2593 836 2651 societate
851 2591 996 2668 religiosa
1018 2591 1132 2652 afficiat
1145 2592 1222 2651 ordi·

292 2716 360 2757 nem
382 2698 542 2776 socialem3
565 2702 597 2757 et
616 2693 767 2777 hincque
792 2702 912 2759 rationo
939 2702 1133 2758 mensuretur
1153 2698 1223 2758 deli-

292 2807 383 2865 ctum.
403 2837 443 2847 -
464 2805 633 2865 Praeterea
655 2822 709 2881 pro
731 2821 876 2864 mensura
897 2803 998 2864 delicti
1011 2806 1171 2864 abstracta
1191 2806 1222 2862 et

292 2914 471 2988 entolopica
491 2912 703 2972 consideratur
723 2911 825 2971 delicti
846 2913 984 2990 qualitas
999 2913 1030 2969 et
1043 2913 1220 2990 quantitas,-

292 3035 347 3094 pro
369 3025 512 3077 concreta
539 3020 570 3075 et
590 3018 754 3078 individua
781 3017 982 3095 imputatione
1010 3018 1222 3078 consideratur

289 3123 427 3200 pradus3
451 3123 529 3183 unde
551 3123 657 3183 eadem
679 3122 791 3183 delicta
818 3125 982 3201 abstracte,
1010 3124 1041 3182 in
1066 3125 1218 3200 concreto,

293 3229 413 3288 diverso
434 3231 541 3305 prada
561 3230 769 3307 imputationis
791 3229 959 3289 consistunt
961 3272 1219 3292 ......
1260 3246 1278 3288 ιι
1320 3229 1360 3287 37

119 3411 124 3418 ³
180 3333 231 3394 26.
252 3335 295 3393 De
317 3335 396 3413 dolo,
418 3353 471 3395 seu
494 3335 530 3394 de
551 3337 672 3394 ratione
693 3337 858 3396 subiectioa
880 3335 982 3395 delicti
1011 3381 1218 3397 .....
1259 3353 1278 3396 ι
1320 3335 1359 3395 38

180 3441 230 3503 27.
252 3443 464 3532 Recenseptur
485 3460 599 3504 causae
631 3445 785 3528 quae-aut
805 3442 950 3503 auferunt
979 3444 1034 3502 aut
1053 3444 1221 3500 extenuant

292 3553 378 3610 actus
399 3549 667 3627 imputribilitatem
710 3595 1219 3612 ...........
1259 3567 1278 3610 ιι
1320 3550 1362 3609 39

180 3655 229 3716 28.
252 3657 295 3715 De
311 3635 420 3716 ⁴aetate
460 3703 1217 3721 ................
1259 3675 1277 3716 ιι
1320 3659 1360 3718 40

181 3761 229 3825 29.
250 3763 295 3823 De
318 3766 461 3842 amentia,
483 3783 598 3843 somno,
614 3765 806 3842 hypnotismo
821 3763 948 3841 aliisque
962 3763 992 3823 id
1007 3781 1103 3841 genus
1118 3765 1218 3824 causis
1258 3782 1277 3826 ι
1319 3767 1358 3824 44

180 3869 401 3930 suosmet
424 3874 506 3931 metu
510 3915 1218 3934 ...............
1258 3887 1277 3932 ιι
1319 3872 1359 3934 48

179 3976 229 4038 31.
251 3976 295 4036 Ite
317 3980 404 4037 aestu
426 3979 634 4055 cupiditatum,
658 3979 707 4038 ubi
728 3979 816 4038 etde
838 3977 987 4037 ebrietate
1011 4020 1217 4038 .....
1259 3995 1277 4037 ιι
1318 3977 1362 4036 50

180 4083 228 4142 32.
250 4083 294 4143 De
316 4085 491 4160 ignorantia
512 4089 543 4143 ct
563 4103 668 4145 errore
707 4127 1217 4146 ...........
1258 4102 1275 4140 ι
1318 4083 1359 4143 54
