<?xml version="1.0" encoding="UTF-8"?>
<!DOCTYPE html PUBLIC "-//W3C//DTD XHTML 1.0 Transitional//EN"
    "http://www.w3.org/TR/xhtml1/DTD/xhtml1-transitional.dtd">
<html xmlns="http://www.w3.org/1999/xhtml" xml:lang="en" lang="en">
 <head>
  <title>
</title>
<meta http-equiv="Content-Type" content="text/html;charset=utf-8" />
  <meta name='ocr-system' content='tesseract 3.04.00' />
  <meta name='ocr-capabilities' content='ocr_page ocr_carea ocr_par ocr_line ocrx_word'/>
</head>
<body>
  <div class='ocr_page' id='page_1' title='image "./praelectionesin02legagoog_0518.png"; bbox 0 0 3290 5100; ppageno 0'>
   <div class='ocr_carea' id='block_1_1' title="bbox 539 307 1345 376">
    <p class='ocr_par' dir='ltr' id='par_1_1' title="bbox 539 307 1345 376">
     <span class='ocr_line' id='line_1_1' title="bbox 539 307 1345 376; baseline -0.002 0"><span class='ocrx_word' id='word_1_1' title='bbox 539 327 583 376; x_wconf 85' lang='lat' dir='ltr'>on</span> <span class='ocrx_word' id='word_1_2' title='bbox 606 327 761 376; x_wconf 82' lang='lat' dir='ltr'>nnmerrs</span> <span class='ocrx_word' id='word_1_3' title='bbox 785 328 828 374; x_wconf 83' lang='lat' dir='ltr'>nr</span> <span class='ocrx_word' id='word_1_4' title='bbox 853 327 971 374; x_wconf 75' lang='lat' dir='ltr'>rossus</span> <span class='ocrx_word' id='word_1_5' title='bbox 1277 307 1345 375; x_wconf 86' lang='lat'>513</span> 
     </span>
    </p>
   </div>
   <div class='ocr_carea' id='block_1_2' title="bbox 166 451 1344 2284">
    <p class='ocr_par' dir='ltr' id='par_1_2' title="bbox 166 451 1344 1286">
     <span class='ocr_line' id='line_1_2' title="bbox 176 451 1344 524; baseline 0.003 -10"><span class='ocrx_word' id='word_1_6' title='bbox 176 452 483 524; x_wconf 77' lang='lat' dir='ltr'>Vicecaucettorios</span> <span class='ocrx_word' id='word_1_7' title='bbox 507 471 568 518; x_wconf 84' lang='lat' dir='ltr'>seu</span> <span class='ocrx_word' id='word_1_8' title='bbox 594 451 754 518; x_wconf 72' lang='lat' dir='ltr'>Gerontis</span> <span class='ocrx_word' id='word_1_9' title='bbox 776 451 864 518; x_wconf 85' lang='lat' dir='ltr'>vices</span> <span class='ocrx_word' id='word_1_10' title='bbox 887 469 1008 516; x_wconf 79' lang='lat' dir='ltr'>eorum</span> <span class='ocrx_word' id='word_1_11' title='bbox 1031 455 1091 516; x_wconf 82' lang='lat' dir='ltr'>aut</span> <span class='ocrx_word' id='word_1_12' title='bbox 1113 451 1156 517; x_wconf 81' lang='lat' dir='ltr'>cte</span> <span class='ocrx_word' id='word_1_13' title='bbox 1179 453 1344 518; x_wconf 79' lang='lat' dir='ltr'>mandato</span> 
     </span>
     <span class='ocr_line' id='line_1_3' title="bbox 167 575 1343 662; baseline -0.002 -19"><span class='ocrx_word' id='word_1_14' title='bbox 167 579 318 644; x_wconf 84' lang='lat' dir='ltr'>eiusdem</span> <span class='ocrx_word' id='word_1_15' title='bbox 341 575 490 642; x_wconf 82' lang='lat' dir='ltr'>Romani</span> <span class='ocrx_word' id='word_1_16' title='bbox 506 577 680 661; x_wconf 79' lang='lat' dir='ltr'>Pontificis</span> <span class='ocrx_word' id='word_1_17' title='bbox 696 576 927 662; x_wconf 69' lang='lat' dir='ltr'>siouoturuoc</span> <span class='ocrx_word' id='word_1_18' title='bbox 942 595 1005 642; x_wconf 84' lang='lat' dir='ltr'>nec</span> <span class='ocrx_word' id='word_1_19' title='bbox 1028 595 1098 642; x_wconf 83' lang='lat' dir='ltr'>uon</span> <span class='ocrx_word' id='word_1_20' title='bbox 1120 576 1209 658; x_wconf 80' lang='lat' dir='ltr'>falso</span> <span class='ocrx_word' id='word_1_21' title='bbox 1228 575 1343 659; x_wconf 81' lang='lat' dir='ltr'>publi·</span> 
     </span>
     <span class='ocr_line' id='line_1_4' title="bbox 168 699 1344 785; baseline -0.002 -17"><span class='ocrx_word' id='word_1_22' title='bbox 168 709 282 768; x_wconf 81' lang='lat' dir='ltr'>cantes</span> <span class='ocrx_word' id='word_1_23' title='bbox 304 703 435 768; x_wconf 77' lang='lat' dir='ltr'>litteras</span> <span class='ocrx_word' id='word_1_24' title='bbox 457 699 680 785; x_wconf 76' lang='lat' dir='ltr'>Apostolicos</span> <span class='ocrx_word' id='word_1_25' title='bbox 706 701 808 781; x_wconf 82' lang='lat' dir='ltr'>etiam</span> <span class='ocrx_word' id='word_1_26' title='bbox 836 701 874 776; x_wconf 79' lang='lat' dir='ltr'>iu</span> <span class='ocrx_word' id='word_1_27' title='bbox 894 700 1012 784; x_wconf 79' lang='lat' dir='ltr'>formo</span> <span class='ocrx_word' id='word_1_28' title='bbox 1035 701 1164 784; x_wconf 70' lang='lat' dir='ltr'>Brutis,</span> <span class='ocrx_word' id='word_1_29' title='bbox 1188 706 1220 767; x_wconf 88' lang='lat' dir='ltr'>et</span> <span class='ocrx_word' id='word_1_30' title='bbox 1241 702 1344 767; x_wconf 86' lang='lat' dir='ltr'>etium</span> 
     </span>
     <span class='ocr_line' id='line_1_5' title="bbox 166 824 1344 914; baseline -0.003 -21"><span class='ocrx_word' id='word_1_31' title='bbox 166 827 255 910; x_wconf 74' lang='lat' dir='ltr'>sotso</span> <span class='ocrx_word' id='word_1_32' title='bbox 272 828 445 914; x_wconf 68' lang='lat' dir='ltr'>mouentes</span> <span class='ocrx_word' id='word_1_33' title='bbox 468 828 731 910; x_wconf 66' lang='lat' dir='ltr'><em>supplicationes</em></span> <span class='ocrx_word' id='word_1_34' title='bbox 756 827 948 893; x_wconf 82' lang='lat' dir='ltr'>huiusmodi</span> <span class='ocrx_word' id='word_1_35' title='bbox 966 826 1028 893; x_wconf 82' lang='lat' dir='ltr'>sub</span> <span class='ocrx_word' id='word_1_36' title='bbox 1043 827 1180 894; x_wconf 79' lang='lat' dir='ltr'>nomine</span> <span class='ocrx_word' id='word_1_37' title='bbox 1196 824 1344 892; x_wconf 81' lang='lat' dir='ltr'>Romani</span> 
     </span>
     <span class='ocr_line' id='line_1_6' title="bbox 168 951 1342 1037; baseline -0.001 -20"><span class='ocrx_word' id='word_1_38' title='bbox 168 953 341 1037; x_wconf 74' lang='lat' dir='ltr'>Pontificis</span> <span class='ocrx_word' id='word_1_39' title='bbox 363 973 422 1018; x_wconf 85' lang='lat' dir='ltr'>scu</span> <span class='ocrx_word' id='word_1_40' title='bbox 449 951 745 1018; x_wconf 78' lang='lat' dir='ltr'>Vico-Ooocettorii</span> <span class='ocrx_word' id='word_1_41' title='bbox 776 957 835 1018; x_wconf 83' lang='lat' dir='ltr'>aut</span> <span class='ocrx_word' id='word_1_42' title='bbox 861 951 1015 1018; x_wconf 81' lang='lat' dir='ltr'>Gereotis</span> <span class='ocrx_word' id='word_1_43' title='bbox 1041 952 1129 1016; x_wconf 89' lang='lat' dir='ltr'>uices</span> <span class='ocrx_word' id='word_1_44' title='bbox 1153 951 1342 1034; x_wconf 78' lang='lat' dir='ltr'>proedicto-</span> 
     </span>
     <span class='ocr_line' id='line_1_7' title="bbox 167 1073 1343 1162; baseline -0.003 -20"><span class='ocrx_word' id='word_1_45' title='bbox 167 1097 246 1142; x_wconf 76' lang='lat' dir='ltr'>rnou</span> <span class='ocrx_word' id='word_1_46' title='bbox 263 1097 293 1140; x_wconf 89' lang='lat'>›.</span> <span class='ocrx_word' id='word_1_47' title='bbox 312 1077 478 1142; x_wconf 86' lang='lat' dir='ltr'>Articulus</span> <span class='ocrx_word' id='word_1_48' title='bbox 501 1077 592 1162; x_wconf 90' lang='lat' dir='ltr'>punit</span> <span class='ocrx_word' id='word_1_49' title='bbox 608 1080 771 1161; x_wconf 81' lang='lat' dir='ltr'>patrantes</span> <span class='ocrx_word' id='word_1_50' title='bbox 788 1077 910 1140; x_wconf 85' lang='lat' dir='ltr'><strong>crimen</strong></span> <span class='ocrx_word' id='word_1_51' title='bbox 933 1075 1025 1157; x_wconf 81' lang='lat' dir='ltr'>fotsi,</span> <span class='ocrx_word' id='word_1_52' title='bbox 1047 1073 1086 1139; x_wconf 89' lang='lat' dir='ltr'>de</span> <span class='ocrx_word' id='word_1_53' title='bbox 1110 1093 1172 1158; x_wconf 90' lang='lat' dir='ltr'>quo</span> <span class='ocrx_word' id='word_1_54' title='bbox 1187 1075 1294 1159; x_wconf 77' lang='lat' dir='ltr'>agitur</span> <span class='ocrx_word' id='word_1_55' title='bbox 1310 1076 1343 1138; x_wconf 90' lang='lat' dir='ltr'>in</span> 
     </span>
     <span class='ocr_line' id='line_1_8' title="bbox 174 1185 972 1286; baseline -0.003 -20"><span class='ocrx_word' id='word_1_56' title='bbox 174 1201 234 1266; x_wconf 84' lang='lat' dir='ltr'>ro.</span> <span class='ocrx_word' id='word_1_57' title='bbox 260 1202 319 1272; x_wconf 82' lang='lat'>20.</span> <span class='ocrx_word' id='word_1_58' title='bbox 346 1201 417 1268; x_wconf 80' lang='lat' dir='ltr'>nu.</span> <span class='ocrx_word' id='word_1_59' title='bbox 447 1202 712 1267; x_wconf 73' lang='lat' dir='ltr'>Vueoreuuum</span> <span class='ocrx_word' id='word_1_60' title='bbox 731 1185 889 1286; x_wconf 82' lang='lat' dir='ltr'>&#39;Gregorii</span> <span class='ocrx_word' id='word_1_61' title='bbox 904 1189 972 1265; x_wconf 78' lang='lat' dir='ltr'>in.</span> 
     </span>
    </p>

    <p class='ocr_par' dir='ltr' id='par_1_3' title="bbox 167 1324 1344 1660">
     <span class='ocr_line' id='line_1_9' title="bbox 257 1324 1344 1408; baseline -0.001 -17"><span class='ocrx_word' id='word_1_62' title='bbox 257 1327 329 1392; x_wconf 90' lang='lat' dir='ltr'>Hoc</span> <span class='ocrx_word' id='word_1_63' title='bbox 360 1328 484 1391; x_wconf 84' lang='lat' dir='ltr'>crimen</span> <span class='ocrx_word' id='word_1_64' title='bbox 515 1324 670 1391; x_wconf 82' lang='lat' dir='ltr'>definitur</span> <span class='ocrx_word' id='word_1_65' title='bbox 692 1346 709 1388; x_wconf 73' lang='lat' dir='ltr'>s</span> <span class='ocrx_word' id='word_1_66' title='bbox 734 1325 924 1390; x_wconf 85' lang='lat' dir='ltr'>immutatio</span> <span class='ocrx_word' id='word_1_67' title='bbox 955 1327 1006 1392; x_wconf 85' lang='lat' dir='ltr'>oet</span> <span class='ocrx_word' id='word_1_68' title='bbox 1034 1326 1229 1408; x_wconf 68' lang='lat' dir='ltr'><strong><em>suppressio</em></strong></span> <span class='ocrx_word' id='word_1_69' title='bbox 1260 1324 1344 1390; x_wconf 81' lang='lat' dir='ltr'>oeri-</span> 
     </span>
     <span class='ocr_line' id='line_1_10' title="bbox 168 1451 1343 1536; baseline 0 -18"><span class='ocrx_word' id='word_1_70' title='bbox 168 1453 245 1518; x_wconf 85' lang='lat' dir='ltr'>totis</span> <span class='ocrx_word' id='word_1_71' title='bbox 268 1455 383 1520; x_wconf 78' lang='lat' dir='ltr'>ocimo</span> <span class='ocrx_word' id='word_1_72' title='bbox 408 1451 600 1536; x_wconf 81' lang='lat' dir='ltr'>decipiendi</span> <span class='ocrx_word' id='word_1_73' title='bbox 623 1452 660 1518; x_wconf 85' lang='lat' dir='ltr'>iu</span> <span class='ocrx_word' id='word_1_74' title='bbox 682 1451 844 1534; x_wconf 72' lang='lat' dir='ltr'>fraudem</span> <span class='ocrx_word' id='word_1_75' title='bbox 872 1452 1012 1518; x_wconf 79' lang='lat' dir='ltr'>atterius</span> <span class='ocrx_word' id='word_1_76' title='bbox 1038 1458 1098 1518; x_wconf 84' lang='lat' dir='ltr'>out</span> <span class='ocrx_word' id='word_1_77' title='bbox 1122 1453 1158 1518; x_wconf 83' lang='lat' dir='ltr'>iu</span> <span class='ocrx_word' id='word_1_78' title='bbox 1180 1451 1234 1518; x_wconf 85' lang='lat' dir='ltr'>sui</span> <span class='ocrx_word' id='word_1_79' title='bbox 1258 1472 1343 1518; x_wconf 83' lang='lat' dir='ltr'>com·</span> 
     </span>
     <span class='ocr_line' id='line_1_11' title="bbox 167 1577 1340 1660; baseline -0.002 -18"><span class='ocrx_word' id='word_1_80' title='bbox 167 1579 308 1643; x_wconf 80' lang='lat' dir='ltr'>modum</span> <span class='ocrx_word' id='word_1_81' title='bbox 336 1577 431 1660; x_wconf 74' lang='lat' dir='ltr'>sacto</span> <span class='ocrx_word' id='word_1_82' title='bbox 455 1597 485 1642; x_wconf 70' lang='lat' dir='ltr'>i.</span> <span class='ocrx_word' id='word_1_83' title='bbox 511 1577 725 1642; x_wconf 73' lang='lat' dir='ltr'>committitur</span> <span class='ocrx_word' id='word_1_84' title='bbox 755 1577 861 1650; x_wconf 85' lang='lat' dir='ltr'>dictis,</span> <span class='ocrx_word' id='word_1_85' title='bbox 886 1577 1075 1660; x_wconf 70' lang='lat' dir='ltr'>scipturis,</span> <span class='ocrx_word' id='word_1_86' title='bbox 1098 1577 1190 1660; x_wconf 74' lang='lat' dir='ltr'>sacto</span> <span class='ocrx_word' id='word_1_87' title='bbox 1213 1583 1244 1642; x_wconf 86' lang='lat' dir='ltr'>et</span> <span class='ocrx_word' id='word_1_88' title='bbox 1266 1597 1340 1643; x_wconf 75' lang='lat' dir='ltr'>usin.</span> 
     </span>
    </p>

    <p class='ocr_par' dir='ltr' id='par_1_4' title="bbox 166 1701 1342 2140">
     <span class='ocr_line' id='line_1_12' title="bbox 305 1701 1342 1787; baseline 0.001 -23"><span class='ocrx_word' id='word_1_89' title='bbox 305 1701 335 1785; x_wconf 86' lang='lat' dir='ltr'>l)</span> <span class='ocrx_word' id='word_1_90' title='bbox 358 1701 475 1784; x_wconf 77' lang='lat' dir='ltr'><strong><em>Dictis,</em></strong></span> <span class='ocrx_word' id='word_1_91' title='bbox 500 1708 575 1767; x_wconf 89' lang='lat' dir='ltr'>sunt</span> <span class='ocrx_word' id='word_1_92' title='bbox 597 1701 720 1766; x_wconf 82' lang='lat' dir='ltr'>falsarii</span> <span class='ocrx_word' id='word_1_93' title='bbox 744 1707 841 1767; x_wconf 84' lang='lat' dir='ltr'>testes</span> <span class='ocrx_word' id='word_1_94' title='bbox 861 1704 914 1785; x_wconf 91' lang='lat' dir='ltr'>qui</span> <span class='ocrx_word' id='word_1_95' title='bbox 938 1705 994 1768; x_wconf 85' lang='lat' dir='ltr'>aut</span> <span class='ocrx_word' id='word_1_96' title='bbox 1011 1702 1214 1768; x_wconf 81' lang='lat' dir='ltr'>mendacium</span> <span class='ocrx_word' id='word_1_97' title='bbox 1238 1702 1342 1787; x_wconf 87' lang='lat' dir='ltr'>profe·</span> 
     </span>
     <span class='ocr_line' id='line_1_13' title="bbox 170 1826 1340 1912; baseline 0 -22"><span class='ocrx_word' id='word_1_98' title='bbox 170 1833 244 1893; x_wconf 89' lang='lat' dir='ltr'>runt</span> <span class='ocrx_word' id='word_1_99' title='bbox 267 1833 322 1892; x_wconf 88' lang='lat' dir='ltr'>eut</span> <span class='ocrx_word' id='word_1_100' title='bbox 345 1827 515 1893; x_wconf 76' lang='lat' dir='ltr'>veritatem</span> <span class='ocrx_word' id='word_1_101' title='bbox 539 1828 713 1892; x_wconf 82' lang='lat' dir='ltr'>occultant.</span> <span class='ocrx_word' id='word_1_102' title='bbox 737 1828 818 1892; x_wconf 82' lang='lat' dir='ltr'>Item</span> <span class='ocrx_word' id='word_1_103' title='bbox 841 1826 939 1891; x_wconf 88' lang='lat' dir='ltr'>iudex</span> <span class='ocrx_word' id='word_1_104' title='bbox 956 1831 1060 1912; x_wconf 87' lang='lat' dir='ltr'>potest</span> <span class='ocrx_word' id='word_1_105' title='bbox 1083 1847 1155 1890; x_wconf 87' lang='lat' dir='ltr'>esse</span> <span class='ocrx_word' id='word_1_106' title='bbox 1178 1826 1340 1900; x_wconf 78' lang='lat' dir='ltr'>falsarius,</span> 
     </span>
     <span class='ocr_line' id='line_1_14' title="bbox 167 1949 1342 2036; baseline -0.002 -20"><span class='ocrx_word' id='word_1_107' title='bbox 167 1954 221 2036; x_wconf 88' lang='lat' dir='ltr'>qui</span> <span class='ocrx_word' id='word_1_108' title='bbox 244 1953 382 2036; x_wconf 86' lang='lat' dir='ltr'>pecunia</span> <span class='ocrx_word' id='word_1_109' title='bbox 405 1957 577 2036; x_wconf 85' lang='lat' dir='ltr'>corruptus</span> <span class='ocrx_word' id='word_1_110' title='bbox 601 1953 750 2018; x_wconf 77' lang='lat' dir='ltr'>iniustam</span> <span class='ocrx_word' id='word_1_111' title='bbox 773 1952 900 2036; x_wconf 87' lang='lat' dir='ltr'>profert</span> <span class='ocrx_word' id='word_1_112' title='bbox 922 1952 1133 2016; x_wconf 69' lang='lat' dir='ltr'>sententium}</span> <span class='ocrx_word' id='word_1_113' title='bbox 1157 1969 1221 2033; x_wconf 83' lang='lat' dir='ltr'>cop</span> <span class='ocrx_word' id='word_1_114' title='bbox 1247 1951 1276 2014; x_wconf 91' lang='lat'>1.</span> <span class='ocrx_word' id='word_1_115' title='bbox 1292 1949 1342 2014; x_wconf 86' lang='lat' dir='ltr'>De</span> 
     </span>
     <span class='ocr_line' id='line_1_15' title="bbox 166 2075 524 2140; baseline -0.006 0"><span class='ocrx_word' id='word_1_116' title='bbox 166 2081 249 2140; x_wconf 81' lang='lat' dir='ltr'>sent.</span> <span class='ocrx_word' id='word_1_117' title='bbox 273 2081 305 2140; x_wconf 86' lang='lat' dir='ltr'>et</span> <span class='ocrx_word' id='word_1_118' title='bbox 326 2094 366 2140; x_wconf 86' lang='lat' dir='ltr'>re</span> <span class='ocrx_word' id='word_1_119' title='bbox 388 2075 459 2140; x_wconf 79' lang='lat' dir='ltr'>tut.</span> <span class='ocrx_word' id='word_1_120' title='bbox 484 2075 524 2138; x_wconf 92' lang='lat' dir='ltr'>X.</span> 
     </span>
    </p>

    <p class='ocr_par' dir='ltr' id='par_1_5' title="bbox 300 2199 1343 2284">
     <span class='ocr_line' id='line_1_16' title="bbox 300 2199 1343 2284; baseline -0.003 -18"><span class='ocrx_word' id='word_1_121' title='bbox 300 2199 334 2283; x_wconf 78' lang='lat'>2)</span> <span class='ocrx_word' id='word_1_122' title='bbox 358 2199 471 2265; x_wconf 82' lang='lat' dir='ltr'><strong><em>Factis</em></strong></span> <span class='ocrx_word' id='word_1_123' title='bbox 494 2205 569 2266; x_wconf 88' lang='lat' dir='ltr'>sunt</span> <span class='ocrx_word' id='word_1_124' title='bbox 593 2200 726 2272; x_wconf 82' lang='lat' dir='ltr'>falsarii,</span> <span class='ocrx_word' id='word_1_125' title='bbox 744 2201 797 2284; x_wconf 92' lang='lat' dir='ltr'>qui</span> <span class='ocrx_word' id='word_1_126' title='bbox 813 2219 922 2284; x_wconf 74' lang='lat' dir='ltr'>eir-gr.</span> <span class='ocrx_word' id='word_1_127' title='bbox 939 2200 1037 2266; x_wconf 84' lang='lat' dir='ltr'>salsos</span> <span class='ocrx_word' id='word_1_128' title='bbox 1054 2219 1200 2264; x_wconf 87' lang='lat' dir='ltr'>nummos</span> <span class='ocrx_word' id='word_1_129' title='bbox 1223 2199 1343 2264; x_wconf 85' lang='lat' dir='ltr'>cudunt</span> 
     </span>
    </p>
   </div>
   <div class='ocr_carea' id='block_1_3' title="bbox 167 2326 1340 2534">
    <p class='ocr_par' dir='ltr' id='par_1_6' title="bbox 167 2326 1340 2534">
     <span class='ocr_line' id='line_1_17' title="bbox 167 2326 503 2391; baseline -0.006 -1"><span class='ocrx_word' id='word_1_130' title='bbox 167 2331 223 2390; x_wconf 85' lang='lat' dir='ltr'>aut</span> <span class='ocrx_word' id='word_1_131' title='bbox 245 2326 335 2390; x_wconf 83' lang='lat' dir='ltr'>falsis</span> <span class='ocrx_word' id='word_1_132' title='bbox 360 2331 503 2391; x_wconf 85' lang='lat' dir='ltr'>utuntur.</span> 
     </span>
     <span class='ocr_line' id='line_1_18' title="bbox 215 2439 1340 2534; baseline -0.002 -21"><span class='ocrx_word' id='word_1_133' title='bbox 215 2439 217 2444; x_wconf 59' lang='grc'>’</span> <span class='ocrx_word' id='word_1_134' title='bbox 300 2449 336 2528; x_wconf 87' lang='grc'>3)</span> <span class='ocrx_word' id='word_1_135' title='bbox 366 2448 450 2513; x_wconf 87' lang='lat' dir='ltr'>Usus</span> <span class='ocrx_word' id='word_1_136' title='bbox 474 2449 520 2512; x_wconf 90' lang='lat' dir='ltr'>rei</span> <span class='ocrx_word' id='word_1_137' title='bbox 546 2449 647 2513; x_wconf 86' lang='lat' dir='ltr'>falsae</span> <span class='ocrx_word' id='word_1_138' title='bbox 679 2450 859 2523; x_wconf 86' lang='lat' dir='ltr'>constituit,</span> <span class='ocrx_word' id='word_1_139' title='bbox 886 2469 950 2514; x_wconf 91' lang='lat' dir='ltr'>non</span> <span class='ocrx_word' id='word_1_140' title='bbox 981 2451 1086 2514; x_wconf 84' lang='lat' dir='ltr'>minus</span> <span class='ocrx_word' id='word_1_141' title='bbox 1109 2469 1148 2514; x_wconf 86' lang='lat' dir='ltr'>ec</span> <span class='ocrx_word' id='word_1_142' title='bbox 1170 2450 1240 2534; x_wconf 84' lang='lat' dir='ltr'>ipsa</span> <span class='ocrx_word' id='word_1_143' title='bbox 1263 2467 1340 2512; x_wconf 91' lang='lat' dir='ltr'>con-</span> 
     </span>
    </p>
   </div>
   <div class='ocr_carea' id='block_1_4' title="bbox 165 2574 1343 4410">
    <p class='ocr_par' dir='ltr' id='par_1_7' title="bbox 167 2574 703 2647">
     <span class='ocr_line' id='line_1_19' title="bbox 167 2574 703 2647; baseline 0.006 -11"><span class='ocrx_word' id='word_1_144' title='bbox 167 2575 264 2638; x_wconf 85' lang='lat' dir='ltr'>fectio</span> <span class='ocrx_word' id='word_1_145' title='bbox 288 2574 446 2647; x_wconf 80' lang='lat' dir='ltr'>falsitatis,</span> <span class='ocrx_word' id='word_1_146' title='bbox 472 2576 596 2639; x_wconf 86' lang='lat' dir='ltr'>crimen</span> <span class='ocrx_word' id='word_1_147' title='bbox 620 2574 703 2640; x_wconf 81' lang='lat' dir='ltr'>salsi.</span> 
     </span>
    </p>

    <p class='ocr_par' dir='ltr' id='par_1_8' title="bbox 165 2699 1343 3903">
     <span class='ocr_line' id='line_1_20' title="bbox 301 2699 1343 2792; baseline -0.001 -29"><span class='ocrx_word' id='word_1_148' title='bbox 301 2700 333 2785; x_wconf 76' lang='lat'>4)</span> <span class='ocrx_word' id='word_1_149' title='bbox 359 2701 491 2765; x_wconf 89' lang='lat' dir='ltr'>Demum</span> <span class='ocrx_word' id='word_1_150' title='bbox 514 2701 694 2783; x_wconf 63' lang='lat' dir='ltr'>sumpturis</span> <span class='ocrx_word' id='word_1_151' title='bbox 716 2700 895 2792; x_wconf 65' lang='lat' dir='ltr'>admittitur</span> <span class='ocrx_word' id='word_1_152' title='bbox 922 2700 1037 2765; x_wconf 84' lang='lat' dir='ltr'>falsum</span> <span class='ocrx_word' id='word_1_153' title='bbox 1069 2700 1213 2786; x_wconf 88' lang='lat' dir='ltr'>pluribus</span> <span class='ocrx_word' id='word_1_154' title='bbox 1240 2699 1343 2763; x_wconf 91' lang='lat' dir='ltr'>modis</span> 
     </span>
     <span class='ocr_line' id='line_1_21' title="bbox 167 2826 1341 2912; baseline 0 -23"><span class='ocrx_word' id='word_1_155' title='bbox 167 2826 415 2908; x_wconf 81' lang='lat' dir='ltr'>iuxtecuput5</span> <span class='ocrx_word' id='word_1_156' title='bbox 440 2827 469 2889; x_wconf 83' lang='lat' dir='ltr'>t.</span> <span class='ocrx_word' id='word_1_157' title='bbox 489 2831 509 2890; x_wconf 93' lang='lat' dir='ltr'>t.</span> <span class='ocrx_word' id='word_1_158' title='bbox 534 2827 568 2890; x_wconf 91' lang='lat' dir='ltr'><em>X</em></span> <span class='ocrx_word' id='word_1_159' title='bbox 588 2832 618 2892; x_wconf 93' lang='lat' dir='ltr'>et</span> <span class='ocrx_word' id='word_1_160' title='bbox 647 2846 720 2909; x_wconf 83' lang='lat' dir='ltr'>cap.</span> <span class='ocrx_word' id='word_1_161' title='bbox 749 2826 894 2896; x_wconf 80' lang='lat' dir='ltr'>«Quom</span> <span class='ocrx_word' id='word_1_162' title='bbox 916 2846 1057 2912; x_wconf 69' lang='lat' dir='ltr'>cruce»</span> <span class='ocrx_word' id='word_1_163' title='bbox 1083 2827 1114 2891; x_wconf 88' lang='lat' dir='ltr'>h.</span> <span class='ocrx_word' id='word_1_164' title='bbox 1132 2831 1152 2890; x_wconf 93' lang='lat' dir='ltr'>t.</span> <span class='ocrx_word' id='word_1_165' title='bbox 1176 2826 1212 2890; x_wconf 86' lang='lat' dir='ltr'>io</span> <span class='ocrx_word' id='word_1_166' title='bbox 1231 2827 1263 2898; x_wconf 90' lang='grc'>6,</span> <span class='ocrx_word' id='word_1_167' title='bbox 1288 2826 1341 2910; x_wconf 90' lang='lat' dir='ltr'>qui</span> 
     </span>
     <span class='ocr_line' id='line_1_22' title="bbox 168 2951 1339 3037; baseline 0 -21"><span class='ocrx_word' id='word_1_168' title='bbox 168 2952 251 3016; x_wconf 89' lang='lat' dir='ltr'>modi</span> <span class='ocrx_word' id='word_1_169' title='bbox 269 2951 469 3017; x_wconf 88' lang='lat' dir='ltr'>reducuntur</span> <span class='ocrx_word' id='word_1_170' title='bbox 484 2953 524 3016; x_wconf 84' lang='lat' dir='ltr'>ad</span> <span class='ocrx_word' id='word_1_171' title='bbox 541 2962 722 3036; x_wconf 86' lang='lat' dir='ltr'>sequentes.</span> <span class='ocrx_word' id='word_1_172' title='bbox 740 2953 907 3024; x_wconf 86' lang='lat' dir='ltr'>Nimirum,</span> <span class='ocrx_word' id='word_1_173' title='bbox 927 2953 979 3016; x_wconf 88' lang='lat' dir='ltr'>vel</span> <span class='ocrx_word' id='word_1_174' title='bbox 996 2973 1130 3037; x_wconf 86' lang='lat' dir='ltr'>prorsus</span> <span class='ocrx_word' id='word_1_175' title='bbox 1144 2951 1245 3017; x_wconf 84' lang='lat' dir='ltr'>falsae</span> <span class='ocrx_word' id='word_1_176' title='bbox 1265 2971 1339 3016; x_wconf 89' lang='lat' dir='ltr'>con-</span> 
     </span>
     <span class='ocr_line' id='line_1_23' title="bbox 169 3072 1341 3162; baseline 0.001 -25"><span class='ocrx_word' id='word_1_177' title='bbox 169 3073 335 3160; x_wconf 82' lang='lat' dir='ltr'>tinguntur</span> <span class='ocrx_word' id='word_1_178' title='bbox 351 3075 479 3140; x_wconf 82' lang='lat' dir='ltr'>litterae</span> <span class='ocrx_word' id='word_1_179' title='bbox 495 3076 547 3140; x_wconf 86' lang='lat' dir='ltr'>vel</span> <span class='ocrx_word' id='word_1_180' title='bbox 564 3072 724 3162; x_wconf 83' lang='lat' dir='ltr'>genuinae</span> <span class='ocrx_word' id='word_1_181' title='bbox 741 3081 994 3160; x_wconf 86' lang='lat' dir='ltr'>corrumpuntur</span> <span class='ocrx_word' id='word_1_182' title='bbox 1017 3095 1091 3140; x_wconf 90' lang='lat' dir='ltr'>cum</span> <span class='ocrx_word' id='word_1_183' title='bbox 1110 3075 1228 3159; x_wconf 85' lang='lat' dir='ltr'>aliquid</span> <span class='ocrx_word' id='word_1_184' title='bbox 1253 3073 1341 3139; x_wconf 91' lang='lat' dir='ltr'>indu-</span> 
     </span>
     <span class='ocr_line' id='line_1_24' title="bbox 167 3196 1341 3284; baseline -0.001 -21"><span class='ocrx_word' id='word_1_185' title='bbox 167 3201 251 3263; x_wconf 84' lang='lat' dir='ltr'>citur</span> <span class='ocrx_word' id='word_1_186' title='bbox 275 3203 331 3264; x_wconf 87' lang='lat' dir='ltr'>ent</span> <span class='ocrx_word' id='word_1_187' title='bbox 354 3198 480 3264; x_wconf 86' lang='lat' dir='ltr'>deletur</span> <span class='ocrx_word' id='word_1_188' title='bbox 502 3201 536 3262; x_wconf 88' lang='lat' dir='ltr'>in</span> <span class='ocrx_word' id='word_1_189' title='bbox 559 3203 652 3283; x_wconf 82' lang='lat' dir='ltr'>parte</span> <span class='ocrx_word' id='word_1_190' title='bbox 676 3197 876 3264; x_wconf 78' lang='lat' dir='ltr'>substantiali</span> <span class='ocrx_word' id='word_1_191' title='bbox 908 3199 977 3263; x_wconf 90' lang='lat' dir='ltr'>sive</span> <span class='ocrx_word' id='word_1_192' title='bbox 1004 3199 1144 3284; x_wconf 85' lang='lat' dir='ltr'>sigillum</span> <span class='ocrx_word' id='word_1_193' title='bbox 1172 3196 1341 3262; x_wconf 84' lang='lat' dir='ltr'>adimendo</span> 
     </span>
     <span class='ocr_line' id='line_1_25' title="bbox 167 3321 1341 3409; baseline 0.003 -24"><span class='ocrx_word' id='word_1_194' title='bbox 167 3322 217 3386; x_wconf 89' lang='lat' dir='ltr'>vel</span> <span class='ocrx_word' id='word_1_195' title='bbox 243 3343 361 3388; x_wconf 90' lang='lat' dir='ltr'>novum</span> <span class='ocrx_word' id='word_1_196' title='bbox 385 3322 540 3396; x_wconf 86' lang='lat' dir='ltr'>addendo,</span> <span class='ocrx_word' id='word_1_197' title='bbox 557 3322 610 3387; x_wconf 85' lang='lat' dir='ltr'>vel</span> <span class='ocrx_word' id='word_1_198' title='bbox 626 3323 740 3388; x_wconf 84' lang='lat' dir='ltr'>falsam</span> <span class='ocrx_word' id='word_1_199' title='bbox 758 3321 967 3388; x_wconf 88' lang='lat' dir='ltr'>rescribendo</span> <span class='ocrx_word' id='word_1_200' title='bbox 983 3323 1248 3409; x_wconf 77' lang='lat' dir='ltr'>subscriptionem</span> <span class='ocrx_word' id='word_1_201' title='bbox 1273 3325 1341 3390; x_wconf 87' lang='lat' dir='ltr'>sive</span> 
     </span>
     <span class='ocr_line' id='line_1_26' title="bbox 167 3447 1340 3533; baseline 0.001 -20"><span class='ocrx_word' id='word_1_202' title='bbox 167 3449 303 3533; x_wconf 88' lang='lat' dir='ltr'>obrupto</span> <span class='ocrx_word' id='word_1_203' title='bbox 327 3447 380 3513; x_wconf 84' lang='lat' dir='ltr'>tile</span> <span class='ocrx_word' id='word_1_204' title='bbox 403 3467 489 3513; x_wconf 80' lang='lat' dir='ltr'>novo</span> <span class='ocrx_word' id='word_1_205' title='bbox 504 3447 581 3514; x_wconf 85' lang='lat' dir='ltr'>folia</span> <span class='ocrx_word' id='word_1_206' title='bbox 596 3447 779 3514; x_wconf 88' lang='lat' dir='ltr'>inserendo.</span> <span class='ocrx_word' id='word_1_207' title='bbox 799 3485 815 3497; x_wconf 96' lang='lat'>-</span> <span class='ocrx_word' id='word_1_208' title='bbox 835 3449 949 3514; x_wconf 86' lang='lat' dir='ltr'>Glossa</span> <span class='ocrx_word' id='word_1_209' title='bbox 972 3449 1005 3513; x_wconf 91' lang='lat' dir='ltr'>in</span> <span class='ocrx_word' id='word_1_210' title='bbox 1029 3468 1103 3533; x_wconf 83' lang='lat' dir='ltr'>cup.</span> <span class='ocrx_word' id='word_1_211' title='bbox 1121 3449 1145 3513; x_wconf 87' lang='lat'><strong><em>6</em></strong></span> <span class='ocrx_word' id='word_1_212' title='bbox 1167 3450 1197 3513; x_wconf 81' lang='lat' dir='ltr'>n.</span> <span class='ocrx_word' id='word_1_213' title='bbox 1216 3454 1236 3514; x_wconf 96' lang='lat' dir='ltr'>t.</span> <span class='ocrx_word' id='word_1_214' title='bbox 1253 3449 1287 3512; x_wconf 91' lang='lat' dir='ltr'><em>X</em></span> <span class='ocrx_word' id='word_1_215' title='bbox 1300 3449 1340 3514; x_wconf 83' lang='lat' dir='ltr'>ad</span> 
     </span>
     <span class='ocr_line' id='line_1_27' title="bbox 167 3571 1339 3658; baseline 0.002 -22"><span class='ocrx_word' id='word_1_216' title='bbox 167 3571 303 3636; x_wconf 84' lang='lat' dir='ltr'>verbum</span> <span class='ocrx_word' id='word_1_217' title='bbox 318 3592 335 3634; x_wconf 70' lang='lat' dir='ltr'>c</span> <span class='ocrx_word' id='word_1_218' title='bbox 350 3571 499 3636; x_wconf 81' lang='lat' dir='ltr'>falsitatis</span> <span class='ocrx_word' id='word_1_219' title='bbox 512 3593 529 3634; x_wconf 83' lang='lat'>›</span> <span class='ocrx_word' id='word_1_220' title='bbox 544 3571 609 3637; x_wconf 90' lang='lat' dir='ltr'>hoc</span> <span class='ocrx_word' id='word_1_221' title='bbox 623 3572 785 3637; x_wconf 88' lang='lat' dir='ltr'>versiculo</span> <span class='ocrx_word' id='word_1_222' title='bbox 797 3573 875 3637; x_wconf 84' lang='lat' dir='ltr'>vitia</span> <span class='ocrx_word' id='word_1_223' title='bbox 887 3577 1039 3638; x_wconf 86' lang='lat' dir='ltr'>summat:</span> <span class='ocrx_word' id='word_1_224' title='bbox 1055 3572 1211 3655; x_wconf 71' lang='lat' dir='ltr'>esmona,</span> <span class='ocrx_word' id='word_1_225' title='bbox 1224 3573 1339 3658; x_wconf 81' lang='lat' dir='ltr'>stylus,</span> 
     </span>
     <span class='ocr_line' id='line_1_28' title="bbox 166 3695 1341 3784; baseline 0 -22"><span class='ocrx_word' id='word_1_226' title='bbox 166 3697 279 3780; x_wconf 72' lang='lat' dir='ltr'>stium,</span> <span class='ocrx_word' id='word_1_227' title='bbox 306 3695 525 3779; x_wconf 80' lang='lat' dir='ltr'>membrana,</span> <span class='ocrx_word' id='word_1_228' title='bbox 554 3697 675 3772; x_wconf 84' lang='lat' dir='ltr'>lituro,</span> <span class='ocrx_word' id='word_1_229' title='bbox 704 3697 864 3784; x_wconf 73' lang='lat' dir='ltr'>siyittum.</span> <span class='ocrx_word' id='word_1_230' title='bbox 892 3696 988 3764; x_wconf 87' lang='lat' dir='ltr'>Haec</span> <span class='ocrx_word' id='word_1_231' title='bbox 1014 3717 1077 3764; x_wconf 76' lang='lat' dir='ltr'>seco</span> <span class='ocrx_word' id='word_1_232' title='bbox 1101 3697 1230 3781; x_wconf 79' lang='lat' dir='ltr'>fatsoto</span> <span class='ocrx_word' id='word_1_233' title='bbox 1257 3697 1341 3764; x_wconf 83' lang='lat' dir='ltr'>dunt</span> 
     </span>
     <span class='ocr_line' id='line_1_29' title="bbox 165 3819 663 3903; baseline 0.004 -19"><span class='ocrx_word' id='word_1_234' title='bbox 165 3819 294 3901; x_wconf 73' lang='lat' dir='ltr'>scripta</span> <span class='ocrx_word' id='word_1_235' title='bbox 315 3821 431 3886; x_wconf 83' lang='lat' dir='ltr'>catere</span> <span class='ocrx_word' id='word_1_236' title='bbox 448 3820 615 3903; x_wconf 79' lang='lat' dir='ltr'>positioni</span> <span class='ocrx_word' id='word_1_237' title='bbox 632 3841 663 3886; x_wconf 72' lang='lat' dir='ltr'>i.</span> 
     </span>
    </p>

    <p class='ocr_par' dir='ltr' id='par_1_9' title="bbox 165 3944 1341 4410">
     <span class='ocr_line' id='line_1_30' title="bbox 257 3944 1341 4034; baseline 0.006 -28"><span class='ocrx_word' id='word_1_238' title='bbox 257 3944 420 4010; x_wconf 84' lang='lat' dir='ltr'>Falserius</span> <span class='ocrx_word' id='word_1_239' title='bbox 444 3965 487 4010; x_wconf 84' lang='lat' dir='ltr'>ex</span> <span class='ocrx_word' id='word_1_240' title='bbox 510 3947 580 4010; x_wconf 83' lang='lat' dir='ltr'>iure</span> <span class='ocrx_word' id='word_1_241' title='bbox 596 3947 764 4020; x_wconf 82' lang='lat' dir='ltr'>canonico,</span> <span class='ocrx_word' id='word_1_242' title='bbox 781 3965 850 4032; x_wconf 83' lang='lat' dir='ltr'>arg.</span> <span class='ocrx_word' id='word_1_243' title='bbox 867 3965 942 4013; x_wconf 83' lang='lat' dir='ltr'>cau.</span> <span class='ocrx_word' id='word_1_244' title='bbox 961 3949 992 4021; x_wconf 87' lang='grc'>9,</span> <span class='ocrx_word' id='word_1_245' title='bbox 1018 3967 1108 4014; x_wconf 80' lang='lat' dir='ltr'>coiis.</span> <span class='ocrx_word' id='word_1_246' title='bbox 1126 3947 1159 4030; x_wconf 82' lang='lat'>3,</span> <span class='ocrx_word' id='word_1_247' title='bbox 1184 3967 1216 4034; x_wconf 81' lang='lat' dir='ltr'>q.</span> <span class='ocrx_word' id='word_1_248' title='bbox 1234 3949 1267 4022; x_wconf 89' lang='lat'>5,</span> <span class='ocrx_word' id='word_1_249' title='bbox 1292 3953 1341 4013; x_wconf 86' lang='lat' dir='ltr'>est</span> 
     </span>
     <span class='ocr_line' id='line_1_31' title="bbox 166 4069 1339 4158; baseline 0.005 -26"><span class='ocrx_word' id='word_1_250' title='bbox 166 4069 295 4133; x_wconf 79' lang='lat' dir='ltr'>infamis</span> <span class='ocrx_word' id='word_1_251' title='bbox 319 4069 464 4151; x_wconf 80' lang='lat' dir='ltr'>infamia</span> <span class='ocrx_word' id='word_1_252' title='bbox 483 4071 591 4154; x_wconf 77' lang='lat' dir='ltr'>iuiis3</span> <span class='ocrx_word' id='word_1_253' title='bbox 614 4077 656 4154; x_wconf 87' lang='lat' dir='ltr'>et,</span> <span class='ocrx_word' id='word_1_254' title='bbox 684 4078 866 4158; x_wconf 84' lang='lat' dir='ltr'>praeterea,</span> <span class='ocrx_word' id='word_1_255' title='bbox 891 4072 1030 4138; x_wconf 91' lang='lat' dir='ltr'>clericus</span> <span class='ocrx_word' id='word_1_256' title='bbox 1052 4078 1101 4140; x_wconf 90' lang='lat' dir='ltr'>est</span> <span class='ocrx_word' id='word_1_257' title='bbox 1123 4073 1339 4158; x_wconf 90' lang='lat' dir='ltr'>deponendus,</span> 
     </span>
     <span class='ocr_line' id='line_1_32' title="bbox 165 4195 1340 4284; baseline 0.004 -25"><span class='ocrx_word' id='word_1_258' title='bbox 165 4215 235 4280; x_wconf 59' lang='lat' dir='ltr'>aig.</span> <span class='ocrx_word' id='word_1_259' title='bbox 253 4215 328 4261; x_wconf 85' lang='lat' dir='ltr'>coo.</span> <span class='ocrx_word' id='word_1_260' title='bbox 346 4196 378 4270; x_wconf 85' lang='lat'>7,</span> <span class='ocrx_word' id='word_1_261' title='bbox 396 4196 482 4262; x_wconf 91' lang='lat' dir='ltr'>Dist.</span> <span class='ocrx_word' id='word_1_262' title='bbox 498 4197 558 4264; x_wconf 88' lang='lat'>50.</span> <span class='ocrx_word' id='word_1_263' title='bbox 577 4234 593 4246; x_wconf 95' lang='lat'>-</span> <span class='ocrx_word' id='word_1_264' title='bbox 615 4199 692 4263; x_wconf 85' lang='lat' dir='ltr'>Dein</span> <span class='ocrx_word' id='word_1_265' title='bbox 709 4217 768 4284; x_wconf 90' lang='lat' dir='ltr'>per</span> <span class='ocrx_word' id='word_1_266' title='bbox 785 4199 892 4265; x_wconf 79' lang='lat' dir='ltr'>Consi.</span> <span class='ocrx_word' id='word_1_267' title='bbox 909 4195 975 4283; x_wconf 82' lang='lat' dir='ltr'>Ap.</span> <span class='ocrx_word' id='word_1_268' title='bbox 993 4199 1090 4266; x_wconf 83' lang='lat' dir='ltr'>Sedis</span> <span class='ocrx_word' id='word_1_269' title='bbox 1113 4200 1146 4264; x_wconf 93' lang='lat' dir='ltr'>in</span> <span class='ocrx_word' id='word_1_270' title='bbox 1161 4203 1254 4265; x_wconf 88' lang='lat' dir='ltr'>textu</span> <span class='ocrx_word' id='word_1_271' title='bbox 1277 4201 1340 4264; x_wconf 85' lang='lat' dir='ltr'>iam</span> 
     </span>
     <span class='ocr_line' id='line_1_33' title="bbox 166 4321 1340 4410; baseline 0.005 -26"><span class='ocrx_word' id='word_1_272' title='bbox 166 4321 219 4384; x_wconf 88' lang='lat' dir='ltr'>cit.</span> <span class='ocrx_word' id='word_1_273' title='bbox 245 4323 566 4387; x_wconf 84' lang='lat' dir='ltr'>excommunicantur</span> <span class='ocrx_word' id='word_1_274' title='bbox 589 4325 824 4389; x_wconf 84' lang='lat' dir='ltr'>committentes</span> <span class='ocrx_word' id='word_1_275' title='bbox 851 4322 966 4389; x_wconf 82' lang='lat' dir='ltr'>falsum</span> <span class='ocrx_word' id='word_1_276' title='bbox 998 4325 1031 4390; x_wconf 89' lang='lat' dir='ltr'>in</span> <span class='ocrx_word' id='word_1_277' title='bbox 1061 4325 1179 4390; x_wconf 87' lang='lat' dir='ltr'>litteris</span> <span class='ocrx_word' id='word_1_278' title='bbox 1202 4323 1340 4410; x_wconf 87' lang='lat' dir='ltr'>Aposto-</span> 
     </span>
    </p>
   </div>
   <div class='ocr_carea' id='block_1_5' title="bbox 176 4445 1339 4638">
    <p class='ocr_par' dir='ltr' id='par_1_10' title="bbox 176 4445 1339 4638">
     <span class='ocr_line' id='line_1_34' title="bbox 176 4445 1339 4533; baseline 0.006 -26"><span class='ocrx_word' id='word_1_279' title='bbox 176 4445 243 4508; x_wconf 90' lang='lat' dir='ltr'>icis.</span> <span class='ocrx_word' id='word_1_280' title='bbox 263 4480 280 4491; x_wconf 97' lang='lat'><em>-</em></span> <span class='ocrx_word' id='word_1_281' title='bbox 300 4445 442 4511; x_wconf 87' lang='lat' dir='ltr'>Litterae</span> <span class='ocrx_word' id='word_1_282' title='bbox 466 4447 671 4532; x_wconf 84' lang='lat' dir='ltr'>Apostolicae</span> <span class='ocrx_word' id='word_1_283' title='bbox 698 4454 773 4513; x_wconf 87' lang='lat' dir='ltr'>sunt</span> <span class='ocrx_word' id='word_1_284' title='bbox 805 4467 887 4532; x_wconf 85' lang='lat' dir='ltr'>quae</span> <span class='ocrx_word' id='word_1_285' title='bbox 917 4447 1077 4533; x_wconf 87' lang='lat' dir='ltr'>prodeunt</span> <span class='ocrx_word' id='word_1_286' title='bbox 1100 4450 1152 4515; x_wconf 89' lang='lat' dir='ltr'>vel</span> <span class='ocrx_word' id='word_1_287' title='bbox 1176 4451 1208 4514; x_wconf 89' lang='lat' dir='ltr'>in</span> <span class='ocrx_word' id='word_1_288' title='bbox 1233 4449 1339 4514; x_wconf 82' lang='lat' dir='ltr'>forme</span> 
     </span>
     <span class='ocr_line' id='line_1_35' title="bbox 275 4569 1269 4638; baseline 0.004 -17"><span class='ocrx_word' id='word_1_289' title='bbox 275 4569 335 4622; x_wconf 86' lang='lat' dir='ltr'>Soc.</span> <span class='ocrx_word' id='word_1_290' title='bbox 355 4569 433 4638; x_wconf 64' lang='lat' dir='ltr'>Lena</span> <span class='ocrx_word' id='word_1_291' title='bbox 1234 4573 1269 4625; x_wconf 87' lang='lat'>33</span> 
     </span>
    </p>
   </div>
   <div class='ocr_carea' id='block_1_6' title="bbox 0 0 1650 5100">
    <p class='ocr_par' dir='ltr' id='par_1_11' title="bbox 0 0 1650 5100">
     <span class='ocr_line' id='line_1_36' title="bbox 0 0 1650 5100; baseline 0 0"><span class='ocrx_word' id='word_1_292' title='bbox 0 0 1650 5100; x_wconf 95' lang='lat' dir='ltr'> </span> 
     </span>
    </p>
   </div>
  </div>
 </body>
</html>
