3296 5108
538 344 581 389 os
605 343 758 390 DELIOTIS
782 343 825 390 ur
848 343 967 392 roonis
1278 325 1345 391 403

161 467 339 545 moriatur3
363 466 439 548 quia
457 485 474 526 e
490 463 520 532 si
536 465 617 530 ricco
629 483 813 548 percussus
830 465 928 532 horto
949 466 1102 548 perierit,
1120 466 1205 532 ictus
1227 467 1344 533 unius·

160 589 379 674 cuiusquam
396 589 458 654 hoe
481 589 696 656 collectorum
721 589 944 673 contemplari
968 595 1099 672 oportet
1113 609 1193 678 rex
1212 590 1233 654 l.
1254 591 1293 654 17
1310 587 1342 655 ff.

165 715 222 780 Ad
252 715 314 800 lep.
341 713 416 780 Cor.
442 714 484 778 de
514 712 571 779 sic.
595 717 643 792 (n.
667 713 732 798 39).
759 713 813 778 ille
837 719 960 778 tantum
992 719 1040 779 est
1072 714 1263 800 irregularis
1288 715 1343 798 qui

161 836 283 903 occidit
305 842 361 901 aut
384 837 554 902 mutilavit.

258 965 406 1028 lamvero
430 963 556 1048 quando
581 969 706 1028 constat
729 963 849 1028 factum
873 969 1093 1050 perpetratum
1110 965 1209 1030 fuisse
1224 963 1264 1030 ab
1280 984 1345 1029 uno

162 1094 289 1153 tantum
319 1107 362 1152 ex
392 1087 635 1174 aggressoribus
659 1094 691 1152 at
718 1107 782 1152 non
807 1093 933 1154 constat
956 1091 1084 1172 quinam
1112 1109 1154 1154 ex
1178 1089 1229 1154 his
1252 1089 1344 1175 glan·

162 1212 239 1277 dem
265 1211 458 1278 homicidam
483 1233 524 1276 ex
548 1211 723 1298 ignitabulo
754 1213 941 1298 exploserit,
967 1213 1164 1300 Schmalzgr.
1195 1215 1346 1298 opinatur

166 1335 224 1419 (V.
240 1337 284 1402 lit.
297 1338 350 1409 12,
360 1358 393 1408 rt.
403 1338 480 1420 176)
495 1339 654 1402 neminem
667 1335 738 1403 fieri
753 1338 977 1424 irregularem.
992 1339 1036 1404 At
1048 1340 1072 1403 si
1088 1359 1150 1402 non
1165 1343 1289 1404 constat
1302 1357 1342 1401 an

167 1481 251 1526 unus
267 1465 391 1526 tantum
408 1461 459 1525 vel
477 1479 586 1526 omnes
603 1462 795 1526 occisionem
812 1466 866 1526 aut
882 1461 1114 1526 mutilationem
1131 1463 1343 1548 patraverint.

166 1591 314 1652 autumat
330 1585 467 1668 Smalzg.
493 1585 512 1648 l.
535 1605 562 1649 c.
587 1591 619 1649 et
643 1585 761 1650 Suarez
778 1583 894 1668 (XLV,
912 1585 967 1672 539)
992 1585 1197 1652 omneslleri
1222 1587 1344 1672 irregu-

169 1708 266 1774 lares.
280 1707 401 1775 Contra
413 1710 563 1794 opinatur
576 1706 775 1773 D’Annibale
789 1708 826 1792 (1,
841 1709 915 1778 424.
926 1715 991 1774 not.
1002 1709 1068 1793 30).
1082 1709 1166 1775 Sane
1180 1729 1244 1774 uon
1256 1709 1347 1774 adest

165 1839 277 1899 textus
300 1853 474 1918 expressus
498 1841 529 1898 et
553 1854 607 1899 res
631 1833 725 1899 dubia
753 1843 809 1899 est.

259 1957 668 2042 maestitiamque
696 1963 787 2024 certa
819 1964 868 2023 est
898 1959 1027 2036 occisi0,
1053 1958 1110 2025 sed
1141 1957 1268 2024 dubium
1299 1964 1348 2023 est

168 2081 311 2164 quinam
329 2080 492 2152 occiderit,
507 2079 628 2164 aliquid
645 2079 810 2165 singulare
825 2086 884 2160 est,
902 2083 945 2146 uti
964 2082 1025 2144 iam
1042 2082 1213 2154 innuimus,
1231 2100 1347 2166 nempe

169 2204 254 2287 quod
277 2205 317 2270 ad
341 2225 396 2270 eos
420 2207 472 2288 qui
496 2205 533 2268 in
556 2206 664 2270 saeris
687 2211 762 2269 sunt
785 2207 959 2272 constituti.
978 2204 1028 2278 Ad
1053 2225 1120 2270 rem
1146 2205 1228 2270 llaec
1251 2205 1348 2270 habet

166 2332 337 2416 Gasparri
362 2330 440 2397 409:
461 2352 478 2393 e
495 2333 539 2396 At
562 2333 588 2397 si
603 2331 707 2395 ⁴homo
723 2330 784 2396 fuit
800 2338 890 2397 certe
906 2333 1031 2396 occisus
1048 2337 1080 2396 et
1096 2331 1241 2417 graviter
1256 2330 1348 2396 dubi·

166 2460 258 2520 tatur
283 2459 391 2520 utrum
414 2456 515 2520 Titius
531 2455 620 2520 illum
637 2455 839 2520 interfecerit
858 2475 899 2519 an
917 2455 1008 2529 alius,
1025 2457 1192 2539 sequentia
1208 2427 1350 2519 notanda

166 2584 254 2644 sunt.
277 2579 308 2644 Si
333 2579 435 2644 Titius
462 2587 512 2645 est
534 2579 703 2650 sacerdos,
731 2579 768 2644 ire
792 2579 943 2662 eap.12,
969 2578 1019 2651 18,
1044 2578 1093 2644 24
1117 2579 1166 2644 De
1190 2578 1346 2645 homicid.

166 2704 322 2770 statuitur
353 2703 454 2788 ipsum
486 2701 606 2767 debere
629 2721 651 2766 α
674 2702 782 2767 sacris
813 2701 991 2768 ordinibus
1021 2701 1074 2766 vel
1098 2721 1119 2766 a
1142 2700 1348 2767 sacerdotali

166 2827 278 2911 officio
309 2825 362 2892 rel
385 2845 408 2892 a
431 2825 618 2894 ministerio
651 2827 771 2892 altaris
803 2825 976 2891 abstinere.
1003 2827 1245 2910 consequenter
1275 2845 1348 2890 oum

170 2971 282 3017 omnes
305 2951 361 3016 alii
383 2950 504 3036 gradus
528 2953 560 3016 in
584 2953 748 3034 praesenti
772 2950 941 3035 disciplina
957 2953 1023 3018 sint
1037 2951 1169 3037 gradus
1185 2949 1224 3014 ad
1240 2969 1350 3014 sacer·

168 3075 302 3148 dotium,
320 3075 421 3140 Titius
444 3076 472 3140 si
495 3095 559 3139 non
584 3083 632 3142 est
655 3073 807 3140 sacerdos
832 3077 940 3158 nequit
956 3076 989 3138 in
1004 3073 1061 3138 tali
1081 3073 1176 3139 dubio
1192 3073 1232 3139 ad
1248 3073 1347 3139 ullum

170 3197 308 3283 gradum
331 3199 515 3283 promoveri
532 3205 564 3263 et
579 3219 640 3263 nec
663 3197 705 3262 ad
729 3201 863 3284 primam
889 3205 1064 3279 tonsuram,
1082 3199 1175 3263 sicuti
1198 3196 1350 3263 sacerdos

172 3325 283 3406 nequit
306 3324 338 3386 in
364 3323 556 3408 Episcopum
581 3325 767 3388 consecrari
786 3346 814 3387 ».
833 3323 895 3390 Sed
919 3325 972 3388 liic
998 3325 1113 3389 Doctor
1137 3344 1201 3388 non
1221 3323 1352 3390 videtur

168 3446 231 3511 sibi
255 3449 449 3528 consentire,
466 3446 505 3511 ob
530 3468 569 3512 ea
592 3467 674 3531 quae
688 3447 788 3513 tradit
804 3432 833 3513 n.
852 3447 925 3514 429.
946 3483 963 3498 ·
981 3448 1196 3523 Quamobrem
1214 3448 1352 3514 D'Anni·

173 3571 247 3636 bale
270 3571 308 3655 (l,
326 3572 407 3653 428)
422 3573 475 3654 ait,
493 3571 578 3637 hanc
602 3593 672 3638 esse
693 3574 967 3658 irregularitatem
983 3575 1222 3657 impropriam,
1240 3582 1350 3660 utpote

171 3695 353 3779 partialem,
371 3715 465 3780 quam
490 3697 629 3761 incurrit
652 3701 777 3764 tantum
803 3696 941 3762 clericus
965 3699 1155 3764 constitutus
1178 3699 1215 3763 in
1233 3701 1351 3773 sacris,

174 3819 259 3886 unde
286 3821 491 3888 «abstinere
514 3821 611 3887 debet
632 3821 898 3888 solummodo...
923 3823 1089 3890 diaconus
1112 3842 1134 3887 a
1158 3823 1351 3896 diaconatu,

167 3944 413 4031 presbyterale
436 3945 544 4030 officio
568 3946 772 4012 sacerdotali
795 3967 812 4006 ›
840 3953 872 4011 et
895 3947 972 4011 hinc
1000 3947 1175 4033 presbyter
1200 3968 1219 4011 a
1243 3967 1353 4013 conse·

173 4070 319 4146 oratione
342 4070 524 4156 episcopali.
542 4069 659 4137 Cetera
682 4065 759 4134 sunt'
780 4069 882 4136 dubiis
906 4071 1054 4136 obnoxia.
1082 4073 1160 4137 ltem
1185 4073 1232 4138 ad
1256 4074 1355 4138 muti·

171 4196 335 4263 tationem
359 4197 419 4261 ista
443 4197 576 4282 perduci
600 4218 664 4262 non
689 4204 830 4282 possunt.

263 4320 339 4386 316.
364 4322 508 4406 Denique
531 4321 650 4406 aliquid
673 4321 760 4386 aliud
780 4322 944 4408 singulare
969 4329 1016 4404 est
1040 4322 1143 4406 quoad
1160 4323 1298 4388 clericos
1314 4325 1352 4388 ire

171 4445 283 4511 saeris
306 4447 494 4511 constitutos
519 4451 550 4510 et
573 4445 757 4512 monachos
781 4465 837 4510 seu
861 4447 1048 4531 regulares,
1078 4446 1191 4530 quibus
1222 4446 1351 4511 interdi-
