3080 5110
432 309 476 355 ne
501 307 655 356 nuuucms
679 309 721 357 ur
745 310 865 357 Poenis
1171 293 1236 358 425

69 431 312 498 Commentario
344 432 381 496 in
413 431 501 496 banc
528 433 638 499 Consi.
667 433 744 498 edit.
774 433 811 516 2,
840 453 922 520 pap.
948 432 998 500 33
1028 437 1071 499 ita
1102 434 1237 503 resolvit

64 557 277 642 quaestionem
305 558 468 623 «Recens
491 555 683 624 Constitutio
706 558 842 644 abrogat
864 560 954 646 leges
978 560 1017 624 de
1041 581 1179 628 censura
1203 567 1236 626 et

66 678 284 762 prohibitione,
308 698 399 744 mere
422 681 581 764 promittit
605 701 722 745 novum
752 683 941 767 catalogum.
968 685 1127 767 Antiquos
1156 704 1235 769 ergo

65 821 121 887 per
149 823 184 869 se
208 805 304 890 viget.
330 803 361 870 Si
393 808 503 870 tamen
534 811 659 872 constet
682 806 833 890 quosdam
864 806 965 872 libros
989 808 1172 874 nullatenus
1195 808 1234 874 ob

66 949 193 1015 pravam
216 929 269 995 vel
292 934 473 1014 suspectam
497 928 677 996 doctrinam
706 950 777 996 esse
807 933 840 996 in
866 930 1007 996 Iudicem
1036 930 1156 998 relatas
1179 931 1234 996 sed

66 1075 149 1120 mere
172 1055 212 1120 ob
236 1074 456 1138 suppressam
481 1056 573 1122 laris
596 1056 872 1140 dispositionem;
897 1077 961 1138 eos,
978 1065 1091 1124 nostra
1106 1063 1234 1123 senten-

62 1181 167 1254 tentia,
194 1199 252 1264 pro
284 1177 420 1265 demptis
443 1199 461 1244 e
486 1177 633 1266 catalogo
656 1179 779 1245 habere
796 1181 897 1266 possis
914 1203 944 1245 ›.
969 1179 1031 1246 Sed
1062 1181 1138 1246 huic
1161 1202 1234 1247 sen-

62 1307 178 1372 tentiee
213 1305 394 1370 adhaerere
429 1323 493 1370 non
525 1325 703 1390 possumus,
732 1307 806 1389 quia
828 1307 1092 1392 recopnitionem
1118 1306 1235 1372 Indicis

65 1429 149 1513 Papa
178 1449 242 1494 non
276 1429 436 1495 commisit
464 1429 600 1514 singulis
624 1427 779 1500 fidelibus,
806 1429 861 1494 sed
891 1429 950 1496 sibi
982 1431 1171 1503 reservavit,
1197 1451 1235 1496 eo

59 1556 190 1621 consilio
219 1560 255 1622 ut
280 1560 392 1640 postea
417 1555 491 1640 lpse
515 1554 626 1619 ederet
649 1555 794 1620 Iudicem
822 1555 1063 1642 diligentissime
1091 1560 1235 1642 recogni-

60 1683 142 1758 tum3
167 1699 247 1765 ergo
271 1681 361 1766 viget
383 1679 514 1763 intepar
536 1685 630 1744 aetas
655 1678 761 1744 Index
784 1679 891 1746 donec
913 1699 1023 1746 novas
1044 1679 1167 1747 edatur.
1187 1681 1236 1746 lta

61 1805 151 1870 etiem
177 1805 271 1869 docet
295 1804 341 1870 01.
359 1805 503 1871 Gennari
530 1805 713 1872 Commeat.
737 1805 774 1870 in
799 1804 887 1871 bane
907 1801 1016 1871 Consi.
1032 1825 1116 1892 pap.
1133 1806 1176 1870 16
1198 1806 1235 1870 in

58 1933 147 1993 nota.
171 1931 218 1994 At
246 1927 404 2014 abrogata
436 1937 511 1994 sunt
542 1929 753 2014 particularia
784 1928 924 1994 Decreta
953 1927 1178 2014 prohibitionis
1201 1932 1235 1994 in

62 2052 167 2119 indice
193 2072 257 2118 nou
282 2053 386 2120 relata
402 2051 458 2136 (l).

144 2176 222 2242 338.
248 2176 427 2241 Praeterea
450 2176 628 2259 quaesitum
644 2179 694 2240 est
709 2194 750 2238 an
767 2176 899 2261 vigeant
909 2176 1140 2258 particulares
1156 2195 1233 2242 eon·

56 2302 259 2367 suetudines.
278 2301 384 2366 Porro
407 2301 441 2365 in
457 2299 690 2366 Constitutione
713 2318 808 2364 omne
831 2300 880 2365 ius
902 2299 1068 2383 seriptum
1090 2303 1235 2366 anterius

55 2430 104 2490 est
125 2425 281 2491 abolitum
304 2445 471 2510 expresse,
487 2424 544 2490 sed
563 2423 604 2489 de
627 2424 910 2491 consuetudinibus
934 2426 1023 2491 nulla
1046 2425 1081 2491 fit
1104 2428 1232 2491 mentio.

55 2547 208 2614 ceterum
228 2547 458 2632 particulares
475 2548 723 2613 consuetudines
746 2567 806 2634 per
828 2548 933 2634 legem
958 2547 1145 2634 generalem
1169 2566 1234 2612 nou

56 2671 282 2758 intelliguntur
304 2669 449 2736 sublatae
466 2690 485 2734 a
501 2669 570 2736 nisi
592 2689 754 2754 conpressa
778 2675 940 2737 caveatur
962 2670 999 2734 in
1021 2671 1132 2754 ipsa»
1158 2639 1233 2753 cap.

56 2797 154 2866 hicet.
178 2800 207 2880 1,
232 2797 283 2864 De
304 2799 454 2864 consna.
477 2795 514 2862 in
537 2796 568 2862 6.

143 2925 257 3000 Quare
282 2923 506 2989 Vermeersch
530 2925 550 2989 l.
575 2943 602 2989 c.
624 2941 661 3005 p.
681 2911 746 2996 32,
776 2927 808 2990 et
832 2923 969 2988 Genieot
991 2921 1031 2986 ab
1055 2941 1093 2986 eo
1116 2922 1234 2989 citatus

51 3047 239 3130 opinentur.
263 3043 444 3110 huiusmodi
468 3042 720 3110 consuetudines
743 3063 808 3108 nou
832 3063 903 3108 esse
929 3043 1113 3128 abrogatae.
1129 3079 1147 3092 -
1171 3041 1234 3108 Sed

54 3171 144 3238 nobis
160 3173 246 3238 haec
261 3171 368 3257 opinio
384 3190 449 3236 nou
465 3171 572 3256 placet
587 3172 661 3255 quia
677 3190 695 3234 e
712 3169 869 3234 diametro
885 3175 1007 3256 pugnet
1030 3189 1103 3236 eum
1128 3172 1232 3234 inten-

51 3299 139 3364 tione
164 3298 338 3383 Principis.
364 3296 427 3363 Hic
458 3299 543 3362 enim
574 3295 615 3360 ad
646 3294 845 3362 instantiam
869 3294 1118 3378 Episcopornrn
1146 3293 1233 3359 orbis

140 3474 181 3544 (l)
204 3473 336 3529 Doctores
345 3473 392 3544 qui
403 3472 593 3528 disseruerunt
605 3476 670 3527 ente
680 3469 753 3525 hene
765 3469 868 3524 editem
880 3469 975 3526 Consi.
984 3469 1122 3542 iidemque
1135 3487 1234 3525 consu·

51 3579 135 3646 leudi,
148 3585 217 3636 sunt
237 3581 263 3634 S.
277 3579 437 3651 Alphonsus
455 3585 513 3635 tum
528 3581 557 3635 in
575 3581 728 3652 Theoiopia
742 3580 856 3644 Marcii,
877 3578 1159 3645 v11,n.281-289·
1174 3584 1233 3633 tum

51 3685 79 3737 in
94 3686 297 3740 Dissertatione
316 3684 350 3739 de
367 3686 442 3740 insta
453 3685 639 3754 prohibitione
658 3690 687 3736 et
705 3683 855 3737 abolitione
870 3681 1009 3737 librorum
1022 3679 1180 3751 (appendix
1199 3683 1234 3737 ed

51 3793 178 3866 theolog.
205 3790 326 3865 morel),
346 3791 437 3847 Arndt
455 3792 481 3845 S.
500 3792 520 3845 Ι.
541 3791 582 3845 De
602 3791 683 3844 tibris
699 3791 857 3861 prohibitis.
876 3791 1044 3845 Ratiebonae
1063 3789 1154 3843 1895.
1174 3819 1189 3830 -
1204 3789 1234 3845 ln

50 3903 176 3954 rioetram
197 3899 290 3954 Consi.
311 3899 526 3953 commentarios
551 3900 712 3962 exararunt,
731 3895 805 3950 inter
830 3893 909 3960 elios,
928 3891 967 3948 M.
986 3894 1117 3960 Genneri,
1137 3893 1234 3965 loseph

49 4005 223 4069 Pennacchi‚
236 4006 308 4060 alter
327 4005 355 4059 in
374 4005 514 4059 Meritore
532 4003 640 4068 eccles,
653 4001 727 4057 alter
744 4003 770 4056 in
785 4004 855 4056 Acta
870 4003 896 4055 S.
912 4001 992 4056 Sedis
1011 4001 1058 4056 sed
1071 4001 1152 4058 hodie
1167 4002 1233 4056 editi

45 4111 157 4167 struthi
172 4111 367 4166 commentarii
386 4109 520 4180 excerpti,
533 4109 700 4178 respective,
712 4109 748 4162 eb
762 4106 955 4177 ephemeride;
969 4105 1152 4164 Vermeersch
1164 4107 1190 4160 S.
1204 4107 1233 4172 1.;

47 4219 177 4287 Genicot,
198 4219 228 4273 in
246 4235 330 4288 opere
348 4219 519 4289 Theoiopiae
533 4216 653 4271 moralis
670 4217 856 4270 institutiones
874 4214 928 4269 vol.
948 4231 967 4282 t,
986 4232 1012 4268 n.
1026 4215 1149 4270 tsi-too
1169 4217 1232 4270 edit.

48 4325 148 4392 tertia3
163 4321 269 4388 Pieriis,
285 4323 420 4390 L'indea,
433 4322 522 4387 Paris,
535 4299 631 4392 lioper
642 4329 670 4375 et
685 4319 956 4387 Citeraooit218985
970 4320 1128 4376 Alexander
1141 4319 1233 4386 aioth,

47 4431 220 4490 Commenta
239 4434 327 4489 Breve
347 4459 360 4475 ·
380 4431 496 4486 Firenze
516 4459 529 4471 -
548 4429 673 4484 Frateiti
691 4429 811 4484 Barcini
829 4428 917 4485 1899.
