3290 5100
549 333 592 378 aa
616 331 770 380 oneraris
794 333 837 380 aa
860 333 981 380 eonius
1288 315 1356 382 465

174 451 402 518 contradicunt
414 452 661 528 Vermeerschs‚
677 475 711 538 p.
725 455 789 538 50‚·
805 455 921 520 Perias
937 474 990 538 op.
1005 455 1058 520 cil.
1071 475 1108 540 p.
1121 456 1201 539 164,-
1218 456 1355 550 Ge'picot

174 575 195 639 l.
221 597 249 642 e.
273 577 302 648 Ι,
326 577 404 642 451.

265 705 363 770 Nobis
386 683 489 791 magii
505 705 612 790 placet
634 705 752 770 horum
776 707 936 772 sententia
959 710 991 771 et
1014 706 1099 770 hanc
1118 708 1178 772 tuti
1202 707 1236 771 in
1258 709 1355 792 praxi

174 833 264 914 sequi
288 851 465 916 possumus.
489 831 572 896 Nam
596 831 778 916 Regulares
801 851 860 916 per
882 851 918 896 se
941 836 1016 896 sunt
1039 833 1180 918 exempti
1203 831 1243 896 ab
1263 833 1355 897 iuris·

174 953 313 1020 dictione
343 955 576 1040 Episcoporum
605 961 637 1020 et
666 955 742 1020 huic
776 975 841 1020 nou
876 954 1026 1030 subsunt,
1062 957 1123 1020 nisi
1158 957 1192 1020 in
1227 955 1354 1034 casibus

176 1097 331 1162 expresse
362 1077 591 1144 determinatis.
617 1079 685 1144 Hos
715 1099 808 1144 casus
838 1078 939 1145 solido
970 1087 1003 1144 et
1034 1079 1160 1146 erudite
1191 1081 1356 1146 examinat

175 1199 253 1265 Pial
269 1201 302 1264 iu
318 1201 450 1288 egregio
463 1222 572 1287 opere,
585 1201 833 1270 Praeleetiones
846 1203 889 1268 de
900 1203 976 1270 iure
987 1203 1211 1289 reputarium,
1226 1208 1306 1269 tom.
1318 1202 1353 1278 2,

170 1343 207 1406 p.
225 1321 315 1390 320.
342 1324 494 1390 Ceterum
519 1325 663 1392 clausola
680 1361 697 1374 -
714 1327 817 1392 etiam
841 1333 1016 1411 tamquam
1036 1326 1181 1413 delepati
1197 1325 1231 1392 S.
1248 1327 1316 1409 Ap.
1335 1361 1352 1374 -

175 1450 343 1534 Episcopis
354 1471 419 1515 non
432 1449 561 1517 confert
573 1453 783 1518 ecolosinam
794 1457 985 1538 potestatem
998 1451 1197 1539 delegatam,
1211 1451 1268 1517 sed
1280 1471 1355 1534 con·

173 1576 290 1660 firmat
310 1581 343 1640 et
365 1576 506 1642 adiuuat
529 1582 718 1662 potestatem
742 1579 968 1644 ordinariam.
987 1579 1034 1644 Cl.
1052 1578 1241 1644 Peuuacchi
1262 1584 1355 1663 putat

175 1701 339 1786 negotium
369 1701 595 1786 prohibitionis
622 1703 780 1768 librorum
806 1723 877 1768 esso
899 1723 995 1768 unum
1021 1721 1064 1768 ex
1088 1702 1150 1768 illis
1174 1703 1207 1766 in
1231 1701 1354 1786 quibus,

175 1826 246 1889 iure
274 1828 445 1908 communi,
471 1827 652 1914 Regulares
681 1847 746 1892 non
779 1834 853 1893 sunt
881 1829 1036 1913 exempti,
1063 1827 1120 1893 sed
1146 1828 1218 1900 hoc,
1243 1834 1353 1894 nostro

175 1949 302 2033 iudicia,
325 1972 390 2016 non
414 1955 491 2019 satis
513 1952 637 2039 probat.

264 2075 478 2142 Nihilominus
501 2076 639 2142 admittit
662 2081 694 2141 et
717 2078 785 2162 ipse
809 2075 1007 2152 Pennacchi,
1031 2077 1222 2160 Superiores
1250 2077 1355 2162 Regu·

174 2196 293 2262 larium
315 2219 409 2284 posse
432 2201 498 2264 suis
520 2199 653 2265 subditis
675 2199 832 2265 librorum
855 2199 1027 2264 lectionem
1058 2199 1264 2273 interdicere,
1288 2220 1354 2264 non

175 2322 209 2387 in
232 2325 298 2388 vim
315 2324 421 2390 Const.
442 2323 646 2408 officiorum,
671 2323 727 2389 sed
746 2323 785 2388 ob
804 2328 997 2409 potestatem
1022 2343 1117 2408 quam
1141 2329 1299 2389 exercent
1320 2327 1354 2390 in

175 2467 250 2513 suos
273 2448 432 2524 subditos;
457 2453 489 2514 et
512 2450 546 2514 iu
568 2449 631 2514 hoc
654 2469 765 2513 omnes
788 2450 994 2514 conveniunt.
1017 2448 1065 2514 cf.
1084 2448 1220 2515 Genicot
1242 2451 1263 2514 l.
1280 2469 1307 2515 c.

265 2570 409 2654 Denique
433 2571 612 2655 quaesitum
636 2569 707 2644 fuit,
732 2590 752 2635 a
775 2571 807 2638 S.
828 2571 927 2657 Cong.
952 2570 1089 2646 Iudicis;
1113 2590 1158 2636 an
1177 2570 1354 2636 Ordinarii

176 2693 236 2778 qui
254 2695 398 2778 praeuio
422 2697 583 2764 eonomine
603 2697 747 2763 alieuius
764 2697 851 2771 libri,
870 2698 1037 2781 praeviae
1053 2716 1174 2764 eorum
1190 2716 1354 2763 censurae

175 2817 343 2893 submissi,
370 2819 538 2886 licentiam
565 2821 730 2907 denepenl
752 2821 911 2886 eumdem
939 2820 1151 2903 publicandi,
1176 2825 1355 2886 teneantur

176 2944 310 3009 auctori
335 2945 485 3012 rationes
515 2946 701 3032 denepalae
728 2945 884 3012 licentiae
915 2945 1092 3028 indicare5
1117 2951 1149 3010 et
1172 2946 1227 3011 die
1253 2943 1278 3010 3
1300 2942 1355 3010 Se·

170 3068 339 3150 plombeis
349 3069 440 3136 1898
452 3071 570 3136 editum
582 3071 643 3137 fuit
654 3071 718 3135 hoc
729 3090 935 3157 responsum:
955 3070 1209 3155 «Animantium
1224 3071 1254 3136 si
1270 3069 1354 3136 liber
1389 3037 1395 3050 ο

176 3191 335 3258 videatur
360 3194 576 3260 correctionis
600 3199 659 3260 aut
681 3194 943 3281 enpurpationis
964 3213 1036 3260 esse
1059 3194 1235 3281 dipem».
