3266 5102
505 349 549 395 nu
574 349 729 396 oun1or1s
753 349 795 396 ar
819 347 938 396 renuis
1248 325 1311 391 167

126 473 228 536 sionis
267 471 444 538 Concilium
476 472 623 538 decernit
653 473 693 538 de
717 472 969 539 absolutionibus
1003 477 1036 537 et
1066 471 1143 535 hinc
1171 470 1313 554 loquitur

126 596 169 660 de
193 596 330 663 casibus
363 615 573 663 censurarum
603 597 785 664 reservatis
809 597 865 682 (1),
890 615 986 680 quum
1010 597 1044 661 in
1068 587 1216 660 censuris
1246 611 1311 659 non

126 719 291 786 habeatur
314 723 492 788 reservatio
516 723 576 787 nisi
601 742 757 808 expresse
780 719 845 796 fiat,
863 741 929 786 non
946 741 1039 786 secus
1055 741 1093 786 ac
1110 721 1143 785 in
1160 721 1310 806 peccatis.

126 845 348 912 Absolutionis
371 847 536 914 concessio
560 853 668 914 tamen
692 847 779 912 facta
803 853 852 912 est
863 866 931 931 pro
949 845 1081 912 casibus
1105 845 1242 911 occultis
1254 843 1310 908 ab*

125 971 291 1036 solvendis
314 973 348 1036 in
370 972 447 1056 saro
471 973 695 1040 conscientiae
709 977 844 1038 tanturn,
858 1009 873 1020 -
886 971 1182 1042 Animadvertatur,
1200 969 1310 1036 Conci·

125 1095 201 1160 lium
226 1095 447 1162 determinare
469 1097 587 1181 sorum
610 1098 832 1165 conscientiae
859 1117 917 1162 seu
939 1097 1111 1168 internum,
1140 1113 1205 1160 non
1232 1113 1309 1180 poe·

126 1223 284 1287 nitentiae
309 1243 366 1287 seu
390 1224 647 1297 sacramentale,
672 1223 757 1288 unde
787 1222 910 1287 licitum
941 1225 991 1286 est
1013 1219 1182 1286 absolvere
1213 1221 1309 1284 etiam

128 1350 224 1410 extra
246 1345 357 1412 sorum
371 1348 614 1412 sacramentale.
629 1383 644 1396 -
672 1348 745 1414 nna
761 1346 900 1412 conditio
916 1348 1019 1432 posita
1042 1349 1098 1418 est,
1123 1343 1309 1410 absolvendi

128 1489 242 1556 nempe
256 1470 317 1535 sibi
328 1471 478 1539 sabditos
490 1473 527 1538 in
539 1472 684 1538 dioecesi
693 1491 766 1538 sua.
781 1509 795 1521 ·
808 1471 947 1538 Subiecti
961 1491 1017 1536 seu
1030 1471 1180 1556 Episcopi
1194 1469 1308 1534 subditi

127 1593 357 1680 intelliguntur
383 1597 435 1680 qui
459 1595 654 1661 domicilium
678 1601 710 1662 et
730 1599 819 1680 quasi
846 1595 1039 1662 domicilium
1064 1593 1110 1682 (2)
1134 1594 1254 1660 babent
1278 1600 1309 1660 et

127 1719 221 1784 etiam
238 1721 326 1805 vagi,
344 1740 386 1784 ne
402 1721 531 1786 omnino
546 1725 682 1786 careant
697 1719 853 1786 beneficio
868 1721 949 1808 legis
973 1725 1005 1786 et
1026 1721 1191 1806 regiminis
1207 1725 1309 1805 pasti·

126 1844 201 1908 ralis
225 1845 456 1922 ecclesiastici;
483 1867 547 1912 non
565 1849 639 1911 item
656 1847 830 1933 peregrini,
848 1849 985 1932 excepto
1002 1866 1078 1910 casu
1101 1844 1308 1910 absolutionis

128 1987 294 2033 censurae
307 1967 401 2034 datae
414 1971 446 2033 in
456 1968 534 2051 foro
546 1969 796 2043 sacramentali,
810 1971 842 2034 vi
855 1974 1048 2054 prorogatae
1065 1968 1307 2053 competentiae.

127 2091 267 2158 Additur
284 2114 301 2154 a
318 2092 355 2157 in
370 2093 511 2160 dioecesi
526 2113 620 2159 sua>
639 2095 713 2178 quia
724 2092 881 2159 absolutio
894 2113 914 2157 a
927 2093 1073 2158 censuris
1084 2093 1307 2178 reputantes,

127 2217 169 2280 uti
192 2217 257 2281 iam
287 2218 505 2302 exposuimus,
529 2217 624 2282 debet
640 2218 709 2282 dari
729 2217 912 2302 praesenti,
930 2237 995 2282 non
1018 2235 1078 2302 per
1096 2217 1234 2291 litteras;
1251 2213 1307 2280 sed

126 2446 211 2498 latum
241 2447 375 2516 recipere.
395 2475 410 2486 -
430 2445 511 2501 Unda
536 2453 610 2502 esset
639 2447 832 2502 abstinendum
858 2465 875 2500 a
900 2445 1082 2516 dispensando
1109 2443 1307 2514 impedimento

125 2550 249 2604 criminis
259 2551 328 2622 quia
338 2551 483 2622 ignoratur
492 2553 533 2606 vis
549 2551 631 2606 buius
642 2553 830 2622 impedimenti
842 2559 917 2618 mat,
931 2569 964 2607 ex
975 2551 1090 2606 adverso
1100 2567 1155 2604 non
1166 2551 1308 2605 videretur

123 2657 287 2728 deneganda
297 2660 441 2726 absolutio,
455 2661 582 2730 quamvis
595 2661 698 2714 crimen
710 2660 745 2714 sit
756 2661 919 2730 formaliter
928 2659 1077 2722 oecultum,
1088 2660 1122 2712 ob
1133 2658 1218 2727 vulgo
1229 2659 1308 2726 igno·

125 2771 213 2818 ratam
232 2783 370 2820 censurae
386 2783 515 2837 poenam.
536 2795 550 2808 ·
569 2767 727 2834 Praeterea,
741 2765 813 2837 quod
832 2766 900 2820 olim
918 2767 973 2820 fuit
988 2767 1143 2837 publicum,
1160 2781 1306 2834 progressu

124 2873 266 2941 temporis,
286 2872 346 2926 fieri
371 2877 465 2942 potest
489 2873 639 2940 occultum,
659 2874 681 2926 si
702 2874 768 2927 sacti
789 2873 923 2927 memoria
949 2872 1100 2927 obliterata
1122 2871 1173 2936 eit3
1200 2873 1229 2925 et
1254 2869 1306 2924 hoc

123 2978 244 3049 exquirit
267 2979 382 3050 lorcyum
400 2989 516 3051 tempus.
537 2980 605 3035 Item
625 2983 731 3034 iactum
751 2983 891 3035 occultum
913 2996 972 3034 esse
1001 2982 1112 3049 oportet
1130 2979 1159 3032 in
1179 2978 1240 3032 loco
1258 2979 1305 3032 ubi

122 3081 294 3152 dispensatio
313 3083 357 3139 uel
377 3084 516 3139 absolutio
536 3085 703 3154 impertitur,
717 3086 844 3156 quamvis
863 3083 931 3138 alibi
944 3085 982 3138 sit
990 3085 1147 3156 publicum,
1160 3083 1306 3138 dummodo

121 3189 194 3242 mma
213 3205 272 3243 non
290 3190 328 3244 sit
346 3191 429 3246 facila
448 3196 617 3260 perventura
630 3223 645 3232 -
660 3193 729 3246 ltem
749 3192 771 3245 si
787 3209 831 3246 res
850 3191 968 3246 deducta
987 3191 1024 3246 sit
1043 3191 1077 3246 ad
1089 3193 1179 3244 forum
1193 3194 1307 3244 conten·

122 3295 232 3362 tiosum,
260 3300 289 3351 et
315 3313 379 3351 reus
404 3297 450 3352 uel
469 3298 612 3352 definitive
636 3298 806 3363 absolvatur,
828 3297 872 3352 vel
893 3302 1001 3352 tantum
1026 3297 1187 3352 absolvatur
1211 3299 1246 3352 ab
1264 3299 1306 3349 in·

120 3407 229 3470 stantia,
248 3420 299 3458 seu
325 3403 459 3471 edicatur,
488 3405 643 3459 modonon
664 3407 839 3460 essetecum
864 3407 1020 3472 instantiae,
1046 3406 1150 3459 crimen
1175 3404 1305 3474 deinceps

121 3517 252 3566 censetur
271 3512 429 3579 occultum,
450 3515 576 3584 quamvis
600 3515 677 3586 falsa
696 3515 883 3568 instrumenta
903 3513 946 3569 rel
972 3513 1043 3585 falsi
1067 3523 1148 3568 testes
1173 3512 1306 3566 interces-

120 3618 215 3673 serint.
236 3649 254 3658 -
275 3619 400 3689 Denique
419 3637 454 3673 au
475 3623 580 3675 iactum
599 3621 740 3676 occultum
758 3621 795 3675 sit
813 3620 859 3676 uel
879 3637 944 3687 non,
959 3625 1001 3675 est
1014 3620 1140 3691 quaestio
1153 3621 1230 3691 facti,
1249 3634 1304 3672 non

120 3725 190 3778 iuris
208 3731 238 3779 et
259 3726 350 3794 posita
369 3730 412 3781 est
431 3727 460 3781 in
479 3728 673 3783 aestimatione
692 3727 757 3782 boni
775 3727 843 3792 viri;
865 3727 933 3782 adeo
954 3733 985 3780 ut
1004 3725 1077 3797 quod
1097 3726 1177 3796 pauci
1197 3730 1226 3780 et
1239 3742 1305 3794 pru-

81 3889 85 3896 ,
120 3829 216 3886 dentes
241 3831 350 3897 sciunt,
379 3832 521 3888 aestimari
548 3833 635 3903 possit
658 3833 730 3905 quod
758 3850 840 3888 nemo
864 3835 943 3888 sciat.
969 3834 1009 3887 Gi.
1035 3832 1202 3888 Benedictus
1227 3831 1303 3886 XIV.

122 3933 191 3988 lna.
213 3934 267 3988 87.
287 3952 315 3988 n.
334 3953 361 3990 n.
382 3937 432 3990 eo.
452 3938 504 3990 45.

189 4039 231 4110 (l)
250 4039 392 4094 Nimirum
406 4041 556 4097 facultates
569 4060 716 4099 concessae
729 4061 778 4114 pro
791 4046 901 4099 casibus
914 4045 1029 4100 occultis
1042 4047 1171 4114 spectant
1182 4043 1216 4096 ad
1226 4043 1305 4097 abso·

120 4142 250 4213 lotiones,
268 4151 298 4202 et
316 4147 387 4202 istae
414 4148 563 4203 facultates
582 4150 743 4205 absolvendi
762 4155 890 4220 spectant
908 4150 952 4205 vel
972 4151 1006 4204 ad
1026 4155 1141 4222 peccata
1158 4159 1304 4206 reseruata

119 4250 162 4304 vel
183 4251 218 4305 ad
238 4269 370 4307 censuras
390 4265 557 4309 reservatas.
579 4255 617 4311 De
637 4255 681 4309 his
701 4259 810 4310 tantum
830 4273 881 4310 nos
899 4274 1022 4326 agemus.

191 4357 232 4428 (2)
256 4359 326 4412 Nam
347 4361 426 4430 oripo
445 4361 530 4416 efficit
558 4366 588 4416 ut
613 4363 675 4434 quis
699 4365 736 4417 sit
762 4364 888 4418 subditus
916 4363 1062 4418 dumtaxat
1085 4380 1135 4434 pro
1161 4363 1303 4419 ordinibus

120 4464 310 4534 suscipiendis.
329 4465 369 4520 Cf.
394 4469 555 4523 Thesaurus
574 4469 604 4523 P.
624 4469 646 4522 Ι.
667 4489 689 4524 c.
708 4470 753 4523 21.
