3290 5100
568 325 613 370 ua
636 324 792 371 nnnrcrrs
816 325 860 372 ar
883 323 1003 371 Pousis
1311 305 1377 370 493

196 451 383 514 contractus
413 449 515 524 inira3
542 454 575 514 at
598 448 696 514 ullam
727 446 981 512 iurisdictionem
1012 467 1055 511 ex
1083 447 1211 532 publico
1242 467 1377 514 munera

196 572 344 640 obtinere
367 577 400 638 et
422 591 591 647 exercere,
617 593 660 638 en
682 591 757 655 cap.
781 571 878 638 1812.
904 577 923 635 t.
950 605 968 619 -
995 571 1064 636 lllis
1086 577 1256 657 separatae
1285 572 1377 638 babi-

196 696 335 763 tationes
347 695 529 780 assignatae
545 695 668 760 suntin
686 693 827 775 urbibuS,
844 694 877 758 in
893 693 1025 779 oppidis,
1042 712 1085 758 ne
1101 713 1288 760 communes
1304 715 1377 759 cum

197 819 383 884 christianis
398 818 510 884 domus
533 823 566 884 et
588 819 677 884 vicos
694 817 854 884 haberent
869 822 901 883 et
915 817 980 882 alia
999 817 1180 884 huiusmodi
1206 819 1379 884 constituta

197 947 340 1019 fuerunt,
364 965 434 1032 arg.
459 965 487 1012 a.
503 965 531 1012 c.
547 944 590 1011 13
613 951 647 1012 et
667 946 720 1018 15,
746 965 836 1012 caus.
862 945 921 1020 28,
947 964 978 1030 q.
1004 947 1020 1009 1
1044 946 1101 1038 (l),

288 1246 328 1315 (l)
348 1245 439 1316 Digna
457 1251 501 1302 est
518 1261 591 1317 quae
609 1243 706 1301 sedulo
730 1243 902 1310 attendatur,
922 1244 1066 1313 responsio
1084 1243 1111 1300 S.
1131 1243 1219 1298 Officii
1239 1245 1315 1300 edita
1333 1245 1379 1300 die

198 1355 241 1407 22
253 1353 323 1407 latii
334 1351 415 1406 1898
427 1351 463 1406 ad
475 1351 608 1406 Dubium:
629 1352 672 1405 Aa
685 1352 877 1406 schimaticus
890 1352 919 1404 in
933 1351 1004 1404 bana
1015 1351 1072 1421 fids
1088 1353 1253 1406 constitutus
1271 1351 1381 1406 absolui

197 1463 321 1533 possita
342 1461 521 1533 Confessario
543 1461 693 1516 catholico.

288 1566 392 1624 <Huic
410 1565 563 1637 Supremas
580 1565 817 1636 congregationis
832 1565 860 1620 S.
879 1565 912 1620 R.
931 1569 961 1622 st
981 1565 1015 1621 U.
1035 1564 1228 1636 inquisitionis
1246 1567 1300 1621 tuit
1319 1582 1383 1638 pro·

199 1675 308 1747 positus
326 1673 489 1730 enodandus
507 1691 628 1746 sequens
647 1691 743 1730 casus:

289 1795 306 1836 s(
320 1781 479 1836 Bouiiacius
498 1779 527 1834 in
545 1779 672 1850 partibus
685 1778 935 1835 schismaticorum
948 1779 1134 1835 Orientalium
1147 1777 1262 1834 arduam
1273 1779 1381 1834 missio·

199 1888 272 1944 narii
291 1887 439 1959 apostolici
456 1888 545 1942 vitam
557 1903 654 1956 agens,
665 1886 786 1958 quadam
804 1885 849 1942 die
867 1887 897 1940 in
916 1886 1051 1942 tribunali
1067 1887 1259 1958 poenitentiae
1272 1886 1381 1954 sedens,

199 1996 276 2051 iuter
293 1979 373 2062 alias,
390 1993 534 2064 Agatbam
552 1992 671 2061 invenit,
689 2009 762 2065 quae
781 1993 942 2062 generalem
964 1996 1113 2048 anteactae
1131 1993 1206 2048 uitae
1231 1992 1382 2047 contessio-

199 2117 266 2157 nem
283 2099 358 2172 apud
375 2101 466 2171 ipsum
479 2098 681 2155 instituendam
694 2097 840 2155 humiliter
858 2103 888 2156 st
906 2100 990 2155 enixe
1007 2100 1087 2170 petit
1101 2096 1231 2168 Agatheia
1249 2096 1381 2167 petitioni

201 2207 363 2264 Bouiiacius
380 2224 515 2276 annuens,
534 2222 597 2262 eam
614 2207 741 2261 maxima
759 2207 899 2277 patientia
916 2211 946 2263 et
964 2208 1084 2262 caritate
1106 2207 1186 2261 audit
1203 2209 1234 2262 st
1254 2204 1381 2261 adiuvat.

201 2314 255 2370 Sed
273 2329 348 2381 ecce,
372 2313 439 2368 dum
463 2315 537 2368 bona
562 2311 665 2369 mulier
688 2312 787 2369 ordine
812 2317 843 2369 at
867 2314 1041 2384 praecisione
1065 2312 1304 2381 admirabilibus
1326 2327 1382 2366 non

158 2413 169 2436 ’
200 2422 308 2478 fervida
321 2421 386 2490 tide,
398 2420 560 2476 humilitate
579 2437 613 2476 ac
631 2421 812 2476 lacrimarum
830 2421 912 2492 copia
930 2421 1025 2477 sordes
1038 2421 1197 2488 confitetur,
1210 2419 1266 2476 hoc
1281 2419 1383 2475 deinde

201 2529 361 2600 subiungit:
379 2545 409 2585 se
427 2545 571 2600 nunquam
590 2529 650 2584 suis
671 2530 871 2598 sacerdotibus,
891 2533 989 2600 utpote
1008 2529 1102 2600 prauis
1120 2529 1245 2584 moribus
1265 2527 1382 2582 imbutis

201 2653 236 2692 ac
254 2635 468 2692 sacramentalia
486 2635 577 2707 sigilli
595 2636 711 2692 minime
735 2637 908 2703 curantibus,
928 2635 1129 2691 conscientiam
1153 2651 1232 2690 suam
1253 2633 1295 2689 ita
1316 2634 1383 2689 fida·

202 2743 269 2800 liter
281 2745 433 2815 aperuisse,
446 2760 479 2798 ac
495 2742 616 2815 denique
629 2743 836 2800 contenanum
853 2747 952 2799 exorat
969 2747 1002 2798 ut
1020 2743 1046 2798 ei
1065 2742 1113 2798 det
1131 2741 1241 2798 veniam
1260 2757 1291 2797 ae
1309 2741 1382 2811 apud

201 2850 292 2920 ipsum
314 2865 423 2919 semper
442 2848 471 2902 in
491 2852 634 2919 posterum
659 2851 838 2918 peracturum
856 2851 888 2902 ut
907 2845 1101 2903 Eucharistiae
1120 2846 1335 2901 Sacramentum
1353 2846 1382 2900 in

203 2970 254 3008 sua
272 2953 384 3025 propris
402 2951 531 3008 Ecclesia
549 2951 675 3023 recipere
693 2951 778 3022 digne
798 2951 901 3008 valeat

292 3060 427 3122 «Quibus
440 3059 552 3126 auditis,
566 3058 755 3114 confessarius
766 3058 905 3129 comperit
917 3057 998 3114 illam
1012 3075 1067 3114 nou
1081 3073 1141 3114 essa
1154 3057 1188 3113 de
1200 3056 1320 3128 gremio,
1329 3055 1385 3112 sal·

203 3171 261 3224 tem
279 3167 313 3223 de
331 3181 457 3236 corpora,
475 3164 620 3221 Ecclesiae
639 3165 812 3234 Catholicae,
825 3171 854 3221 et
866 3165 967 3220 anxius
985 3182 1040 3221 uon
1060 3183 1157 3236 parum
1176 3166 1277 3234 tactus,
1289 3181 1383 3221 secum

203 3273 315 3345 quaerit
326 3272 464 3345 quomodo
477 3289 540 3327 cum
552 3271 694 3343 spirituali
708 3273 880 3343 poenitentis
892 3274 966 3327 bono
977 3271 1052 3326 baud
1065 3271 1149 3328 facile
1162 3273 1294 3328 iudicium
1309 3288 1384 3327 com·

203 3383 297 3451 ponat
316 3380 358 3435 Ac
377 3379 467 3449 primo
491 3379 603 3451 quidem
626 3379 661 3433 de
685 3379 843 3450 praecipuis
867 3379 935 3435 fidei
960 3378 1088 3434 articulis
1112 3379 1191 3435 illam
1217 3380 1382 3450 interrogat,

204 3500 288 3554 quam
306 3484 376 3538 satis
399 3483 565 3538 instructam
591 3486 712 3555 reperit3
730 3483 833 3541 dehinc
857 3485 1008 3556 prudenter
1031 3484 1194 3541 sciscitatur
1211 3487 1247 3540 eb
1266 3503 1300 3542 ca
1317 3485 1385 3557 quid

204 3587 238 3642 de
256 3587 408 3645 schismate
420 3589 535 3657 sentiat,
547 3589 680 3661 quidquid
699 3589 733 3646 de
752 3591 910 3646 necessaria
928 3590 983 3646 flda
1000 3607 1034 3645 ac
1052 3592 1228 3647 subiectione
1245 3591 1275 3645 iu
1288 3589 1385 3648 Eccle-

204 3695 273 3748 siam
287 3693 462 3751 Gatholicam
475 3700 560 3768 atque
579 3697 608 3750 ia
622 3696 684 3753 eius
697 3696 809 3754 visibile
822 3697 921 3766 Caput.
935 3697 1041 3759 Quibus
1056 3697 1122 3752 illa:
1144 3697 1300 3754 Christiana
1311 3713 1382 3763 sum,

205 3803 360 3874 rospondit:
382 3805 503 3860 smisma
525 3809 619 3860 nescio
644 3808 711 3876 quid
728 3807 779 3874 sit,
806 3822 857 3877 epo
880 3823 967 3862 unam
990 3809 1093 3876 ubique
1118 3816 1262 3862 terrarum
1285 3822 1383 3862 aarum

210 3908 313 3964 Christi
329 3911 505 3980 Relias‘onem
523 3927 652 3981 aquosae,
671 3913 701 3964 in
719 3913 882 3981 quasivero
902 3920 927 3965 et
945 3914 1020 3964 mori
1037 3915 1135 3983 cispio:
1152 3927 1215 3964 mea
1234 3921 1309 3966 certa
1326 3929 1384 3966 nou

206 4020 297 4086 refert
314 4018 350 4071 da
367 4017 574 4088 quaestionibus
592 4019 729 4082 iudicare,
750 4035 821 4088 quas
839 4019 911 4072 sicut
928 4035 947 4072 o
965 4022 1157 4075 sacerdotibus
1176 4028 1292 4072 emortua
1310 4029 1384 4085 sunt,

207 4123 246 4176 ita
257 4131 284 4177 st
296 4123 330 4176 ab
342 4124 467 4193 ipsismet
480 4125 631 4178 christiana
644 4125 718 4177 intas·
735 4141 766 4177 sc
779 4125 912 4178 charitate
932 4125 1125 4179 concilientur.
1142 4125 1245 4191 Quare,
1257 4122 1384 4194 sequitur

206 4228 306 4284 devota
318 4227 429 4296 mulier,
442 4247 506 4284 cum
518 4223 641 4284 crastino
653 4232 699 4284 dia
712 4231 747 4283 sit
760 4231 836 4300 apud
854 4245 905 4283 aas
924 4233 957 4284 ab
972 4233 1122 4301 peculiare
1135 4231 1249 4286 Festum
1264 4249 1385 4301 maanus

207 4337 237 4388 in
255 4336 448 4389 commuuione
462 4335 569 4389 Altaria
578 4337 682 4406 populi
695 4351 846 4391 concursus
865 4336 979 4390 obsecro
1000 4345 1034 4403 te,
1052 4347 1135 4407 pater
1152 4345 1246 4391 sancte
1264 4347 1296 4390 ut
1313 4339 1385 4391 siout

207 4457 299 4496 meam
313 4443 432 4511 punam
451 4444 655 4512 confessionem
673 4444 729 4497 iam
750 4444 891 4508 audivisti,
910 4445 948 4496 ita
966 4453 1086 4498 nuncet
1104 4445 1235 4498 absolvas
1252 4460 1297 4498 me
1313 4459 1384 4513 pau·
