3296 5108
321 243 387 309 378
631 213 635 220 ι
841 262 924 310 rans
948 261 970 308 1.

319 410 450 455 annum
475 390 708 456 tantummodo
732 390 893 454 concedat
916 388 1066 454 iniuncto
1090 407 1194 454 onere
1216 391 1252 452 ut
1274 386 1343 470 ipsi
1367 385 1498 452 oratori
1630 403 1631 452 t

317 533 456 582 sacrum
479 514 598 580 litanti
621 516 709 580 alter
732 514 892 581 sacerdos
914 515 1155 597 superpelliceo
1180 513 1319 578 indutus
1338 510 1498 578 continuo
1630 583 1631 596 χ

319 641 452 706 assistat
475 646 506 705 et
529 645 640 706 anuto
665 639 783 724 quovis
805 639 1047 705 irreverentiae
1070 644 1129 704 aul
1151 637 1308 704 scandali
1331 635 1497 719 periano,

318 782 438 829 ouum
460 769 604 830 onerata
625 781 730 846 super
752 761 794 827 iis
817 761 1021 828 conscientia
1043 761 1196 827 eiusdem
1219 759 1298 826 limi
1315 757 1499 840 Apostolici
1630 759 1631 768 ’

327 889 452 957 Vicarii
475 891 535 975 qui
559 895 741 974 antequam
767 888 960 956 huiusmodi
983 887 1209 972 experimenti
1231 905 1344 951 annus
1364 883 1500 967 aspiret

318 1015 446 1098 referat
468 1015 578 1081 eidem
602 1013 709 1082 SSmo
735 1014 773 1078 D.
799 1013 841 1078 N.
864 1018 982 1078 utrum
1004 1013 1042 1078 in
1065 1012 1173 1077 Missa
1196 1010 1239 1077 ab
1261 1009 1403 1076 Oratore
1419 1027 1499 1074 cum

318 1141 471 1225 erposito
484 1139 617 1224 defectu
629 1139 797 1207 celebrata
813 1139 954 1224 aliquod
969 1139 1209 1206 inconveniens
1221 1141 1335 1204 ortum
1344 1133 1453 1218 suerit
1467 1156 1496 1196 s.

317 1265 379 1332 Sed
402 1265 548 1331 deiectus
570 1265 695 1331 brachii
719 1265 834 1330 deutri
857 1270 907 1330 est
928 1263 1022 1330 valde
1045 1265 1179 1349 gravior
1210 1267 1243 1328 et
1272 1260 1423 1345 exempla
1448 1257 1497 1323 di-

316 1394 554 1477 spensationum
578 1391 690 1456 forsan
712 1411 776 1456 non
802 1391 1018 1476 reperiuntur.

405 1516 480 1582 291.
512 1517 569 1582 Ea
599 1515 723 1600 cap.2
755 1516 803 1582 De
834 1516 942 1582 cleric.
974 1523 1101 1603 aeprot.
1134 1521 1183 1581 est
1213 1514 1407 1600 irregularis
1443 1513 1498 1595 qui

317 1641 438 1708 duobus
462 1641 568 1728 digitis
591 1647 682 1706 caret
704 1648 737 1706 et
761 1641 930 1706 medietate
954 1641 1089 1726 palmae.
1113 1641 1196 1706 Item
1228 1646 1277 1706 est
1304 1638 1498 1724 irregularis

317 1769 370 1852 qui
394 1773 484 1834 caret
507 1767 612 1853 digitis
636 1773 691 1834 aut
714 1769 830 1854 pollice
854 1774 909 1834 aut
933 1769 1038 1833 indice
1061 1773 1116 1832 aut
1139 1767 1243 1834 medio
1267 1771 1322 1833 aut
1344 1767 1498 1830 annulari

317 1894 349 1958 in
374 1912 469 1958 manu
497 1892 650 1968 dextera3
681 1893 714 1956 in
746 1911 842 1957 manu
872 1892 1003 1958 sinistra
1032 1893 1058 1956 si
1086 1890 1208 1956 duobus
1239 1889 1359 1955 ultimis
1388 1888 1500 1974 digitis

316 2021 428 2082 careat
451 2016 561 2082 forsan
585 2036 648 2081 non
665 2021 714 2083 est
730 2017 930 2102 irregularis.
949 2017 999 2082 Nil
1018 2015 1120 2082 refert
1135 2035 1176 2080 an
1193 2015 1283 2101 digiti
1304 2033 1347 2080 ex
1367 2014 1498 2098 integro

316 2147 450 2207 careant
479 2146 534 2206 aut
563 2145 686 2207 tantum
718 2141 750 2204 in
782 2142 885 2226 prima
916 2140 967 2206 vel
998 2142 1030 2206 in
1062 2141 1166 2206 altera
1197 2138 1327 2224 solonge
1357 2133 1498 2202 motibus

315 2285 398 2351 pene
422 2248 563 2350 impares
586 2265 649 2330 sint
671 2266 723 2330 vel
748 2263 788 2329 ob
812 2265 1025 2350 gracilitatem
1056 2265 1108 2330 vel
1133 2264 1172 2329 ob
1197 2263 1383 2350 paralysim.
1409 2260 1498 2326 Sane

315 2386 404 2472 digiti
428 2388 619 2471 praesertim
644 2387 676 2450 in
701 2406 795 2450 manu
820 2386 957 2452 dextera
981 2386 1099 2453 debent
1122 2387 1285 2452 inservire
1311 2383 1351 2449 ad
1375 2382 1439 2448 rite
1466 2388 1500 2446 et

313 2525 430 2577 secure
453 2511 638 2576 sumendam
663 2511 890 2577 eucharistiam
908 2513 938 2575 in
955 2510 1116 2577 sacrificio
1131 2513 1259 2576 Missae.
1277 2509 1497 2585 Quamobrem
1630 2525 1631 2600 g

315 2637 369 2720 qui
391 2636 472 2702 alios
494 2636 608 2723 digitos
632 2657 744 2702 manus
768 2637 923 2703 dexterae
947 2637 1044 2703 habet
1073 2643 1138 2706 tam
1170 2635 1291 2703 debiles
1322 2641 1358 2700 ut
1379 2637 1412 2699 in
1441 2657 1497 2700 su-

314 2764 429 2830 mendo
452 2764 555 2830 calice
578 2764 764 2850 disiungere
787 2764 902 2830 debeat
926 2764 1074 2849 pollicem
1099 2764 1139 2829 ab
1163 2763 1269 2829 indice
1291 2769 1341 2828 est
1365 2763 1497 2848 irregn·

314 2891 405 2966 laris;
430 2894 463 2956 et
486 2890 607 2955 clerico
625 2891 860 2972 promouendo
884 2890 1043 2975 denegata
1067 2891 1127 2955 fuit
1150 2890 1346 2975 dispensatio
1370 2891 1403 2954 in
1429 2891 1497 2955 Pa·
1630 2869 1631 2912 Τ

314 3013 424 3078 tavina
446 3010 496 3076 27
518 3011 649 3096 Aprilis
672 3011 776 3096 1867;
800 3013 855 3078 sed
880 3015 942 3078 iam
963 3020 1120 3096 promoto
1145 3034 1201 3079 seu
1229 3013 1391 3080 sacerdoti
1416 3033 1496 3079 con-

313 3156 405 3201 cessa
426 3136 488 3201 fuit
510 3138 542 3201 in
574 3138 770 3204 Melevitana
797 3139 852 3206 die
875 3139 917 3204 17
940 3139 1094 3206 Decemb.
1123 3139 1216 3207 1853
1246 3139 1355 3206 addita
1385 3146 1496 3206 minen

312 3263 512 3344 conditione,
548 3263 711 3330 videlicet:
745 3265 907 3330 ‹indic-tn
939 3271 1052 3332 tomen
1086 3266 1217 3333 oratori
1250 3267 1323 3352 lepe
1349 3271 1387 3332 ut
1415 3273 1497 3333 oum

311 3385 540 3468 sumptionem
555 3387 677 3473 digitos
692 3407 796 3470 super
813 3390 954 3454 calicem
977 3389 1157 3477 diligenter
1172 3390 1344 3478 abstergat
1360 3412 1390 3454 a.
1411 3395 1495 3458 ltem

313 3512 345 3574 in
370 3511 511 3597 Burgen.
536 3511 591 3578 die
613 3512 664 3579 23
692 3515 766 3580 Ian.
791 3514 881 3580 1864
903 3515 1029 3582 cutiam
1054 3519 1218 3602 expetenti
1241 3538 1302 3603 per
1326 3518 1496 3605 dispensa·

311 3636 430 3702 tionem
453 3635 494 3701 ad
509 3656 619 3702 sacros
642 3638 772 3704 ordines
796 3641 979 3725 promoveri
996 3660 1091 3724 quum
1108 3647 1238 3708 careret
1252 3643 1384 3709 dimidia
1400 3653 1496 3730 parte
1630 3667 1631 3678 ¹

312 3762 487 3846 superioris
511 3762 648 3850 ialangis
672 3764 795 3849 pollicis
819 3773 850 3829 ot
867 3765 980 3830 indicis
996 3786 1109 3832 inacus
1126 3767 1282 3834 dexterae
1298 3769 1495 3855 dispensatio

312 3882 372 3948 fuit
384 3883 557 3970 denegata;
574 3887 705 3952 athaes
722 3907 876 3953 eoiicessa
888 3888 948 3954 fuit
961 3890 992 3953 in
1006 3889 1171 3956 Sabarien.
1190 3891 1245 3958 die
1261 3893 1373 3959 (ilun.
1391 3893 1496 3970 1863,
1630 3909 1631 3952 t

311 4009 476 4076 Sacerdoti
501 4011 553 4094 qui
577 4012 725 4096 pollicem
750 4017 782 4076 et
805 4011 943 4078 indicem
970 4033 1084 4080 manus
1108 4017 1258 4081 sinistrae
1282 4019 1438 4085 amiserat
1463 4027 1496 4084 et

311 4133 369 4199 sibi
393 4143 640 4221 comparaverat
662 4136 779 4222 digitos
810 4135 960 4215 ficticios;
993 4141 1039 4204 ita
1070 4141 1155 4206 enim
1188 4143 1381 4229 rescriptum
1414 4144 1493 4210 ruit:

314 4263 490 4328 «Atlantis
508 4264 740 4346 pacatioribus
764 4266 1025 4331 circumstantiis
1043 4286 1111 4350 pro
1134 4269 1250 4354 pratia
1273 4269 1496 4352 dispensatio

310 4385 364 4450 nis
387 4391 418 4450 et
442 4385 683 4454 debilitationis
707 4387 857 4454 iniuncta
881 4393 994 4454 tamen
1017 4407 1120 4456 onere
1142 4395 1182 4456 ut
1210 4392 1346 4458 amasis
1376 4393 1495 4481 digitis
