3312 5108
515 300 558 346 nn
583 301 736 348 numeris
760 302 802 348 nr
826 303 944 350 rosum
1275 287 1318 352 63

135 419 244 483 dolum
270 421 485 504 persequitur,
502 423 693 522 Qdo
717 423 821 510 legem
845 425 1013 510 poenalem
1038 423 1202 512 infprimis
1218 431 1319 492 atten-

135 541 182 604 dit
213 561 256 606 an
289 542 344 606 ille
373 549 475 624 actus,
499 544 535 607 ia
559 550 724 618 concreto,
749 547 893 610 criminis
917 547 1071 612 malitiam
1099 546 1230 632 prodat;
1256 567 1318 632 quo

136 686 236 730 seusu
267 667 363 730 homo
387 667 481 733 liuius
505 668 723 754 negligentiae
748 688 822 735 reus
847 669 966 736 dicitur
988 671 1132 753 supinus
1155 672 1207 737 vel
1231 671 1319 737 cleri·

135 788 256 853 (bosuc
273 792 305 852 et
321 790 365 852 ila
380 809 489 874 porro.
506 826 519 836 -
535 789 678 873 Denique
695 811 759 855 una
775 796 807 855 et
823 793 927 856 altera
943 795 1102 858 sententia
1118 793 1214 858 facile
1234 795 1319 858 inter

136 935 174 979 se
203 915 429 988 conciliantur,
454 936 550 1000 quum
582 917 714 983 desidia
743 920 784 984 sit
815 921 916 1004 magis
947 919 1114 1006 culpabilis
1144 921 1177 984 in
1200 941 1239 986 re
1262 941 1319 990 seu

136 1039 266 1106 obiecto
289 1039 391 1125 praui
414 1061 507 1124 quam
532 1043 564 1105 in
590 1043 663 1124 leui,
688 1050 719 1107 et
743 1043 819 1108 lrinc
843 1047 1027 1129 ignorantia
1058 1065 1139 1128 quae
1162 1045 1243 1109 leuis
1272 1050 1320 1110 est

138 1165 237 1249 culpa
264 1167 297 1229 in
330 1186 367 1230 re
393 1166 466 1235 levi,
492 1169 602 1252 grauis
633 1175 681 1232 est
711 1171 744 1234 in
773 1189 809 1234 re
841 1173 951 1255 grari;
976 1176 1009 1236 et
1031 1171 1161 1256 planum
1186 1177 1243 1236 est.
1270 1171 1318 1239 Cf.

139 1285 353 1360 D'Annibale,
380 1289 406 1352 l.
430 1290 514 1362 297,
537 1297 605 1356 aot.
630 1291 682 1358 13.

233 1411 266 1494 5)
290 1411 512 1522 QG?
534 1434 604 1498 raon
628 1415 789 1499 culpabili
812 1435 871 1482 seu
894 1416 1080 1510 invincibili
1111 1419 1318 1502 aequipara

142 1543 201 1598 tur
216 1537 473 1604 inadvertenlia.
488 1573 508 1586 -
522 1539 576 1604 Ait
589 1539 774 1606 Thesaurus
790 1561 843 1624 op.
862 1543 913 1610 cit.
932 1544 952 1606 l.
971 1542 1022 1608 cit.
1041 1563 1115 1624 cop.
1133 1544 1191 1609 15:
1209 1564 1227 1605 ‹
1243 1546 1322 1608 Aur·
1339 1631 1342 1639 Ι

143 1660 210 1743 plia
234 1669 267 1724 ut
291 1662 386 1725 etiam
411 1661 539 1726 dicatur
571 1665 755 1748 ignorantia
779 1666 951 1750 inculpata.
981 1667 1164 1750 ignorantia
1187 1665 1322 1730 actualis

143 1804 202 1848 seu
226 1786 433 1870 incogitantia
457 1787 613 1851 naturalis
636 1788 687 1851 rel
712 1789 847 1853 actualis
874 1789 993 1853 oblivio
1021 1791 1081 1853 etsi
1112 1807 1184 1852 cum
1216 1791 1322 1853 scien-

144 1910 189 1972 tia
211 1909 414 1974 habituali».
433 1911 482 1974 lta
502 1909 631 1982 Suarez,
657 1911 706 1976 De
722 1932 808 1978 cens.
826 1913 919 1996 Disp.
938 1914 959 1977 I
966 1913 995 1976 V
1008 1910 1091 1978 Sect.
1116 1913 1148 1978 8.
1172 1933 1206 1976 a.
1232 1913 1265 1978 5.
1290 1919 1323 1979 et

146 2036 246 2119 Lugo‚
264 2035 313 2100 De
336 2035 411 2099 inst.
437 2039 468 2100 et
490 2035 556 2105 iar,
584 2035 649 2100 VII
671 2035 728 2101 43.
745 2037 856 2101 Veluti
881 2039 907 2100 si
931 2038 1001 2121 quis
1025 2035 1075 2100 die
1099 2036 1191 2106 festo,
1216 2039 1323 2102 imme·

145 2179 227 2238 mor,
243 2160 373 2224 missam
397 2177 462 2223 non
485 2159 583 2223 audit.
601 2162 645 2224 At
664 2161 696 2223 in
713 2161 785 2224 loro
802 2169 949 2242 externo,
967 2160 1235 2228 inadvertentiam
1259 2182 1321 2226 non

145 2281 262 2346 sufficit
285 2301 435 2346 asserere
458 2282 515 2346 sed
538 2301 608 2346 eam
632 2283 684 2347 rel
709 2285 889 2350 iuramento
912 2285 964 2349 rel
990 2284 1060 2348 aliis
1083 2287 1236 2370 congruis
1252 2305 1324 2370 pro·

146 2405 327 2470 batiouibus
349 2407 502 2470 evincere
525 2412 661 2491 oportet,

501 2655 578 2738 §2
604 2691 622 2702 -
647 2656 697 2721 De
720 2655 973 2740 quasi-delictis.

147 2849 365 2906 summarium.
382 2877 420 2890 -
437 2848 480 2902 33.
504 2849 542 2904 De
562 2851 676 2904 notione
694 2851 774 2920 quasi
794 2849 897 2904 delicti.
916 2879 952 2892 -·
970 2849 1013 2903 34.
1034 2849 1072 2904 De
1092 2851 1174 2919 culpa
1198 2855 1227 2904 et
1252 2867 1325 2904 caso.

232 2988 270 3001 -
282 2959 327 3013 35.
342 2959 380 3013 De
399 2975 466 3014 casu
480 2959 629 3013 coniuncto
648 2976 710 3013 cum
731 2961 813 3029 culpa
827 2977 875 3014 seu
889 2959 961 3016 dolo.
970 2989 1007 3001 —
1019 2959 1063 3013 36.
1076 2959 1219 3029 Imperitia
1231 2959 1325 3030 aequi·

235 3069 352 3134 paratur
370 3064 478 3134 culpae.

237 3279 291 3344 33.
318 3280 358 3343 In
382 3298 505 3364 genere
525 3278 732 3352 advertimus,
750 3285 883 3365 agentes
899 3279 939 3344 de
954 3299 1075 3361 somno,
1096 3277 1135 3342 de
1159 3277 1325 3348 ebrietate,

148 3401 323 3486 aliquando
344 3423 364 3466 a
384 3401 625 3488 negligentibus
648 3403 701 3467 vel
724 3403 889 3468 desidiosis
908 3402 1088 3468 hominibus
1111 3400 1182 3466 fieri
1206 3401 1328 3468 ordinis

147 3529 277 3593 socialis
292 3527 479 3600 laesionem,
494 3546 578 3610 quae
590 3532 738 3611 patratur
749 3545 814 3590 non
826 3545 870 3591 ex
881 3527 1043 3611 proposito
1055 3524 1260 3608 delinquendi
1273 3523 1328 3589 sed

148 3671 191 3716 ex
214 3651 345 3716 defectu
368 3652 545 3716 necessarii
569 3651 694 3715 consilii
710 3652 742 3714 in
759 3650 898 3734 agend03
916 3649 1124 3733 quamobrem
1147 3648 1328 3714 huiusmodi

148 3777 281 3852 lactum,
306 3777 422 3842 morali
446 3777 664 3861 imputatione,
688 3775 840 3840 tribuitur
863 3794 940 3840 suae
964 3793 1081 3840 causae
1105 3775 1191 3870 quia
1212 3775 1329 3838 noxius

149 3899 282 3968 effectus
315 3901 390 3967 inde
422 3905 575 3984 sequutus
605 3899 789 3986 praevideri
813 3904 940 3984 poterat
964 3903 996 3963 et
1019 3898 1170 3973 debebat;
1195 3904 1230 3964 ut
1253 3917 1330 3962 ecce

149 4032 262 4099 mater,
279 4027 367 4091 iuter
390 4023 623 4095 dormiendum,
640 4022 772 4089 filiolum
788 4027 972 4109 opprimens
988 4025 1020 4088 in
1037 4044 1094 4088 suo
1110 4024 1194 4090 lecto
1207 4042 1330 4088 recum·

149 4151 287 4222 bentem,
307 4151 437 4216 fatalem
461 4170 570 4216 casum
593 4149 785 4234 praevidere
809 4149 953 4214 debebat.
972 4151 1124 4214 Attamen
1140 4151 1265 4214 minore
1280 4168 1330 4213 re·

149 4259 340 4360 probatione
353 4275 576 4360 percelluntur
591 4277 653 4339 ista
668 4273 818 4340 facinora
829 4275 902 4358 quia
918 4273 1008 4338 deest
1023 4276 1219 4359 propositum
1233 4273 1330 4338 delin-

150 4397 283 4480 quendi;
308 4396 395 4462 unde
417 4397 578 4483 appellata
594 4403 667 4463 sunt
683 4397 782 4482 quasi
806 4396 938 4476 delicta,
956 4417 1012 4462 seu
1037 4397 1135 4482 quasi
1150 4397 1328 4482 rituleficiu.
