3266 5102
324 288 389 354 182
841 309 925 356 raas
951 309 972 354 1.

320 428 637 496 condemnatoriam
659 431 693 496 vi
716 451 874 497 censurae
888 451 910 496 a
925 432 996 496 iure
1011 431 1098 495 latae
1111 428 1176 512 ser.
1194 434 1276 495 sent.
1293 429 1423 497 Etenim
1437 429 1505 494 hoc

319 551 353 615 in
377 557 455 616 casu
477 553 627 620 invalide
649 555 767 620 nedum
790 555 904 621 inicia
936 554 1082 630 absolvit,
1110 555 1137 618 si
1169 553 1342 618 nullimode
1373 552 1506 618 deierat

318 676 416 742 iudici
432 681 750 746 excommunicatori.

408 801 461 866 Uti
491 803 555 866 iam
587 803 818 888 explicavimus
848 823 909 889 per
929 803 1132 890 ‚seutentiam
1162 803 1358 888 peneratem
1381 799 1505 864 dicitur

316 923 360 990 ab
383 926 561 993 ordinario
581 927 663 992 ferri
679 947 827 1002 censura,
844 927 971 1014 quaudo
996 927 1103 993 fertur
1118 947 1179 1012 pro
1196 947 1259 992 uno
1276 925 1404 1010 singulo
1422 944 1503 988 casu

316 1017 374 1115 sed
396 1051 500 1134 quoad
516 1072 628 1118 omnes
643 1052 910 1128 subditossveluti
927 1049 955 1116 si
971 1053 1150 1138 Episcopus
1167 1070 1339 1116 censuram
1354 1049 1503 1134 promul-

315 1179 371 1260 get
397 1182 512 1241 contra
537 1198 648 1244 omnes
670 1199 736 1243 nou
758 1178 991 1244 denunciantes
1015 1198 1088 1242 eum
1112 1177 1268 1243 clericum
1291 1176 1346 1260 qui
1371 1180 1502 1240 certum

315 1302 439 1365 crimen
463 1304 612 1387 patravit.
630 1303 806 1378 Quaeritur
828 1323 870 1367 an
893 1303 976 1368 haec
1000 1321 1140 1368 censura
1154 1302 1195 1366 sit
1210 1304 1382 1366 reservata
1402 1295 1502 1362 iudici

314 1419 443 1487 ferenti.
470 1425 621 1498 Quaestio
644 1425 709 1492 huc
732 1425 898 1492 reducitur
921 1431 956 1490 ut
979 1421 1151 1492 definiatur
1174 1444 1216 1487 an
1243 1423 1307 1488 hae
1337 1439 1502 1486 censurae

314 1545 482 1612 habendae
505 1549 569 1614 sint
591 1551 682 1634 quasi
704 1550 788 1614 latae
812 1569 835 1614 a
853 1549 939 1624 iare,
958 1549 1011 1614 vel
1034 1548 1077 1616 ab
1094 1548 1238 1614 bomine.
1257 1547 1291 1612 Si
1314 1545 1501 1610 habeantur

313 1671 415 1736 veluti
438 1672 526 1738 latae
548 1672 591 1740 ab
608 1674 751 1750 homine,
768 1679 847 1739 tunc
863 1673 1005 1740 evadunt
1021 1679 1209 1738 reservatae
1225 1671 1333 1737 indici
1347 1669 1476 1754 serenti
1484 1690 1500 1752 ;

312 1797 340 1860 si
362 1799 462 1863 veluti
485 1800 575 1866 tatae
598 1819 621 1864 a
644 1801 719 1866 inre
742 1819 807 1864 nou
830 1805 905 1865 sunt
937 1801 1125 1864 reservatae
1155 1799 1216 1862 nisi
1248 1814 1396 1882 espresse
1428 1793 1499 1858 edi-

312 1927 415 1988 catur.
447 1922 528 1989 Rem
559 1925 604 1988 ita
633 1923 865 1989 aestimandam
890 1942 970 2003 esse,
995 1929 1030 1988 ut
1053 1920 1235 1987 huiusmodi
1265 1939 1406 1985 censura
1435 1917 1499 1982 ha-

311 2046 427 2113 beatur
450 2048 493 2115 ab
517 2049 653 2116 homine
676 2054 767 2134 putat
790 2049 919 2131 suarez,
946 2048 1014 2114 VII
1029 2049 1064 2124 2,
1089 2047 1148 2124 22,
1172 2066 1256 2132 seq.;
1278 2045 1336 2111 sed
1359 2045 1424 2118 alii,
1448 2044 1498 2109 uti

313 2173 647 2258 Nava1·rus‚Leyman
663 2180 779 2239 contra
794 2177 967 2260 opinantur
983 2167 1099 2260 quippe
1114 2174 1174 2238 has
1191 2191 1345 2237 censuras
1361 2171 1497 2244 habent.

311 2298 402 2380 quasi
432 2297 521 2394 latas·
537 2317 560 2362 a
582 2297 658 2363 iare
689 2318 747 2363 seu
777 2318 836 2383 per
868 2303 1037 2373 statutum3
1070 2303 1102 2362 et
1132 2299 1203 2362 iure
1234 2297 1369 2372 merit0;
1398 2315 1497 2380 quam

310 2423 502 2487 sententiam
527 2421 646 2487 Suarez
671 2423 747 2488 dicit
770 2421 968 2508 probabilem
994 2426 1027 2488 et
1051 2421 1192 2487 moribus
1218 2427 1383 2506 receptam
1408 2441 1493 2486 esse.

311 2547 405 2612 Hanc
428 2567 508 2634 ergo
530 2549 590 2612 tuti
614 2549 703 2632 sequi
726 2567 908 2633 possumus;
932 2567 971 2612 ea
995 2567 1121 2632 quoque
1145 2547 1184 2612 de
1205 2565 1304 2611 causa
1319 2546 1393 2630 quia
1416 2565 1497 2611 ver-

309 2693 418 2738 samur
441 2674 478 2738 in
501 2673 604 2740 dnbio
628 2674 724 2740 iaris.

402 2799 474 2864 124.
499 2800 543 2864 oe
568 2800 714 2864 censuris
736 2819 815 2864 vero
839 2803 929 2866 tatae
951 2799 1170 2871 samanae(
1162 2819 1229 2884 ipso
1243 2799 1314 2864 iure
1338 2801 1491 2871 incursis.

308 2922 377 2986 sive
400 2942 421 2985 a
442 2923 513 2987 iure
537 2924 710 2989 carantani
733 2925 801 2988 sive
824 2943 844 2987 a
867 2925 937 2989 iure
961 2923 1159 2990 dioecesano
1181 2923 1234 2987 lat'
1212 2928 1262 3028 tm,
1280 2923 1364 2987 haec
1386 2923 1493 2987 anim-

308 3014 480 3108 advertant
466 3049 530 3108 tur.
556 3043 1000 3160 Quaerenda
1029 3044 1153 3110 absolvi
1184 3048 1318 3130 possunt
1349 3044 1380 3106 iu
1372 3041 1493 3132 foro

308 3173 448 3233 caterno
472 3187 492 3230 a
515 3166 657 3252 quolibet
643 3167 818 3232 tthabene
847 3137 999 3232 iurisdict
979 3175 1098 3232 tionem
1122 3187 1182 3256 pro
1206 3167 1318 3231 eodem
1339 3166 1429 3233 foro:
1455 3169 1492 3232 in

307 3265 440 3360 interno
464 3294 536 3357 foro
560 3314 580 3358 a
602 3294 745 3378 quolibet
731 3295 986 3368 tconsessarim
1012 3313 1055 3358 ex
1078 3295 1130 3360 cit.
1157 3313 1233 3376 cap.
1257 3294 1308 3358 29
1331 3294 1382 3360 De
1404 3299 1490 3360 sent

306 3437 352 3493 ecc
373 3415 414 3480 X.
439 3417 606 3482 Absolutio
629 3423 736 3482 autem
760 3437 913 3482 concessa
938 3420 970 3482 in
992 3415 1070 3500 soro
1087 3417 1146 3482 int.
1164 3417 1297 3503 prodest
1312 3418 1409 3484 etiam
1423 3437 1486 3502 pro

304 3540 383 3624 soro
406 3547 558 3616 caterno,
583 3541 709 3626 quando
734 3547 860 3609 constet
890 3542 982 3607 istam
1013 3541 1156 3628 legitime
1187 3541 1288 3608 fuisse
1311 3541 1487 3609 obtentam.

308 3664 502 3730 «Attamen
525 3663 583 3748 (ait
606 3664 736 3745 Suarez,
762 3663 837 3746 VII,
854 3665 887 3738 5,
904 3664 966 3750 29)
983 3670 1020 3730 at
1040 3664 1148 3748 possit
1171 3664 1249 3750 pais
1268 3663 1406 3748 publice
1429 3664 1490 3730 ab·

303 3787 469 3855 solatione
491 3789 542 3853 ati
563 3807 697 3855 necesse
719 3793 767 3854 est
790 3793 827 3853 nt
841 3789 884 3854 de
898 3789 960 3853 itta
971 3787 1108 3871 publice
1125 3793 1296 3855 constet...
1320 3788 1360 3854 m
1375 3793 1490 3854 antem

299 3912 435 3995 publice
452 3917 629 3979 censeatur
644 3917 800 3979 constare
816 3913 899 3978 satas
914 3918 963 3978 est
978 3911 1070 3996 qma
1084 3911 1222 3995 publice
1238 3917 1374 3986 constet.
1390 3912 1489 3978 ittam

302 4035 410 4120 faisse
433 4034 668 4118 confessam...
686 4036 821 4102 habenti
833 4041 1081 4119 potestatem...
1099 4036 1285 4102 dammodo
1301 4036 1491 4118 satisfactio

302 4180 392 4246 qnae
415 4160 607 4227 necessaria
629 4159 737 4243 faerit
755 4161 894 4244 publice
925 4161 966 4226 sit
990 4161 1093 4226 etiam
1117 4159 1269 4226 cahibita
1293 4181 1324 4225 ›.
1350 4157 1383 4226 Si
1406 4179 1491 4226 vero

304 4287 368 4351 sint
390 4291 593 4357 reservatae,
614 4291 692 4351 tunc
715 4286 868 4371 distingui
884 4284 980 4350 debet
996 4306 1122 4372 nempe,
1148 4306 1190 4351 an
1206 4286 1397 4371 particulari
1417 4287 1491 4352 iure

305 4411 542 4482 contineantur,
559 4415 637 4475 tunc
660 4411 748 4476 enim
775 4416 850 4476 suut
873 4416 1061 4476 reservatae
1085 4409 1259 4476 Ordinario
1276 4410 1350 4484 loci,
1368 4416 1401 4476 et
1416 4409 1489 4476 aliis
