3302 5100
596 323 703 372 INDEX
727 321 930 371 steteramus

254 614 258 622 .
328 571 397 648 51.
421 572 469 631 De
489 572 727 649 irregularitate
746 589 787 630 cn
805 571 970 630 iteratione
991 570 1190 645 baptismatis

407 681 531 758 eiusque
552 679 725 753 receptione
745 696 766 736 a
785 678 931 737 ministro
952 677 1117 738 haeretico.

172 875 243 937 213.
263 876 357 935 Ratio
379 873 526 934 historica
545 880 578 933 et
598 878 683 950 origo
705 873 793 932 huius
815 871 1054 950 irregularitatis
1098 919 1105 934 .
1147 919 1155 934 .
1193 889 1271 949 pap.
1292 871 1353 930 312

170 982 242 1044 214.
263 981 351 1042 Hanc
371 981 530 1040 incurrunt
544 979 749 1056 rebaptizans,
763 979 973 1056 rebaptizatus
988 981 1020 1038 et
1034 978 1212 1038 ministrans

283 1087 507 1168 ¹rebaptizanti
549 1131 1210 1148 ..............
1252 1103 1270 1145 »
1311 1084 1353 1144 111

170 1194 242 1259 215.
264 1195 455 1273 Baptismum
476 1195 565 1254 debet
586 1212 653 1254 esse
672 1196 827 1270 publicum
850 1238 1210 1254 ........
1251 1209 1270 1252 »
1291 1191 1353 1250 313

172 1300 243 1364 216.
265 1301 309 1360 De
329 1302 482 1380 baptismo
503 1303 651 1362 reiterato
681 1299 731 1359 vel
752 1301 866 1378 absque
894 1299 964 1360 dolo
993 1298 1042 1358 vel
1063 1300 1120 1358 sub
1142 1316 1213 1362 con·

304 1409 416 1467 ditione
448 1453 1210 1470 ................
1252 1404 1353 1466 »314

173 1514 244 1577 217.
265 1517 314 1574 An
342 1515 418 1574 haec
445 1515 659 1592 irregularitas
692 1515 854 1592 prohibeat
882 1515 975 1574 etiam
1003 1517 1214 1590 susceptorum

305 1623 444 1682 ordinum
466 1623 642 1682 exercitium
654 1667 1212 1685 ............
1254 1637 1271 1680 r
1311 1619 1353 1678 ibi
1425 1693 1426 1698 ἵ

174 1728 244 1790 218.
266 1728 311 1786 De
332 1728 486 1805 baptismo
507 1732 630 1806 recepto
653 1749 673 1789 a
693 1729 832 1788 ministro
857 1729 1012 1788 haeretico
1054 1775 1063 1791 .
1105 1774 1112 1788 .
1154 1773 1163 1789 .
1205 1773 1213 1789 .
1253 1723 1354 1792 »315

174 1833 625 1912 219.Estirreg.exdelicto
752 1883 759 1897 .
803 1883 809 1897 .
953 1883 959 1896 .
1104 1881 1111 1895 .
1154 1881 1161 1896 .
1204 1864 1222 1895 ,ι
1253 1833 1353 1895 »316

303 2070 323 2144 5
343 2067 373 2129 2.
396 2069 443 2126 De
462 2069 704 2144 irregularitate
724 2087 764 2128 ca
784 2069 876 2128 uetito
898 2067 1045 2128 ordinum
1066 2068 1221 2128 eoncilia.

173 2260 243 2322 220.
266 2261 392 2338 Triplici
413 2279 450 2320 ex
473 2263 572 2340 capite
595 2262 787 2322 contrahitur
806 2261 883 2322 haec
904 2260 1118 2344 irregularitas
1147 2309 1154 2324 .
1193 2278 1270 2337 pap.
1293 2260 1353 2320 317

174 2367 245 2428 221.
266 2367 313 2426 Ex
332 2370 434 2444 primo
449 2369 549 2446 capite
564 2369 825 2446 irregularitatem
838 2368 967 2428 incurrit
980 2367 1214 2429 clericasmini·

305 2477 409 2536 straus
430 2477 460 2534 in
482 2475 587 2536 ordine
609 2493 669 2536 non
691 2479 832 2554 suscepto
854 2521 1213 2540 ........
1254 2492 1272 2535 »
1312 2475 1354 2534 111

173 2581 312 2644 22211]
333 2581 509 2643 incurratur
529 2581 743 2660 irregularitas
764 2583 790 2642 si
812 2582 885 2642 ordo
897 2585 1080 2642 exerceatur
1102 2581 1153 2641 vel
1174 2599 1213 2641 ex
1285 2638 1290 2648 ,

304 2690 371 2748 ioco
393 2688 444 2747 vel
465 2706 504 2747 ex
524 2692 722 2750 simulatione
753 2729 1211 2753 ..........
1253 2707 1271 2751 »
1293 2690 1352 2749 318

176 2793 245 2855 223.
265 2793 469 2871 Explicantur
489 2812 579 2854 casus
600 2797 734 2873 potiores
755 2797 862 2873 quibus
883 2796 1050 2854 incurritur
1063 2795 1214 2872 irregula·
1286 2857 1290 2866 ,

305 2899 382 2965 ritas
398 2946 1211 2966 ..................
1252 2898 1354 2962 »319

174 3005 244 3068 224.
266 3005 317 3064 Ex·
333 3007 467 3066 secando
489 3007 589 3084 capite
604 3007 682 3066 fiunt
695 3007 883 3084 irregulares
901 3007 1003 3067 cleriei
1024 3008 1074 3082 qui
1096 3005 1213 3066 violant

307 3114 535 3190 suspensionem
557 3115 595 3175 nd
616 3114 744 3188 ordine,·
766 3131 903 3173 necnon
930 3114 1215 3174 excommunicatio-

201 3236 204 3242 ’
307 3235 376 3276 nem
396 3221 428 3277 et
447 3218 658 3281 interdictum.
700 3266 708 3280 .
751 3267 758 3282 .
801 3205 825 3280 .’
851 3265 1211 3285 ........
1252 3219 1351 3281 »321

174 3323 245 3386 225.
267 3328 319 3388 An¹
335 3323 549 3402 irregularitas
570 3329 717 3403 sequatur
737 3327 802 3386 sive
825 3331 982 3404 suspensio
1012 3327 1053 3386 sit
1080 3345 1213 3387 censura

306 3431 371 3490 sive
393 3433 550 3508 suspensio
572 3433 613 3491 sit
628 3449 730 3510 poena
750 3479 1211 3496 ..........
1252 3433 1354 3503 »322

175 3535 246 3598 226.
267 3538 396 3603 Quando
410 3543 567 3616 suspensio
589 3542 636 3599 cst
656 3536 974 3616 simplexprobibitio,
991 3544 1074 3599 certa
1089 3557 1127 3600 ex
1149 3541 1214 3600 eius

306 3643 472 3708 violatione
494 3661 554 3707 non
576 3647 674 3705 oritur
694 3645 911 3722 irregularitas
953 3693 1212 3711 ......
1253 3664 1271 3709 a
1293 3647 1354 3709 324

175 3747 246 3810 227.
267 3750 335 3812 Nou
357 3750 394 3814 fit
413 3751 593 3828 irregularis
614 3753 663 3830 qui
685 3753 821 3812 ordinem
835 3755 959 3812 exercet
979 3754 1009 3812 in
1031 3754 1095 3814 eius
1111 3773 1213 3814 susce·
1285 3813 1291 3820 .

307 3859 732 3937 ptione.‚.....
752 3905 1061 3923 .......
1072 3859 1354 3930 ,...»,325

176 3960 246 4024 228.
268 3961 403 4027 Clericus
414 3965 464 4040 qui
475 3967 576 4024 actum
588 3966 673 4041 ponit
683 3965 776 4024 etiam
788 3965 874 4024 laicis
887 3968 1107 4042 competentem
1118 3966 1214 4026 veluti

306 4069 490 4146 baptismum
516 4071 681 4149 privatum,
702 4070 753 4129 vel
775 4074 877 4131 actum
906 4072 1132 4149 iurisdictionis,
1154 4088 1214 4132 non

306 4175 570 4254 fitirregularis..
801 4225 824 4246 .,
954 4225 974 4245 ..
1104 4225 1112 4242 .
1155 4225 1163 4243 .
1205 4225 1213 4243 .
1254 4195 1272 4240 a
1312 4180 1354 4238 ibi

175 4280 243 4342 229.
265 4282 350 4341 Haec
369 4283 584 4361 irregularitas
605 4283 745 4362 prohibet
765 4287 797 4342 et
817 4303 837 4345 a
858 4285 1006 4362 susceptis
1026 4290 1057 4344 et
1077 4304 1098 4346 a
1118 4286 1212 4344 susci·
1349 4341 1352 4346 .

107 4381 109 4384 ’
306 4389 422 4467 piendis
444 4391 599 4451 ordinibus
652 4438 859 4454 .....
874 4425 884 4442 ·
903 4437 1211 4455 .......
1253 4391 1353 4460 >326

321 4541 381 4595 Sec·
402 4541 479 4612 Lego
625 4553 626 4558 ’
1211 4544 1246 4598 39
