3296 5108
303 286 369 352 438
822 305 907 354 raas
930 305 953 352 1.

301 429 522 498 authenticum
550 429 696 496 adhiberi
720 431 811 497 iussit
841 429 929 496 Trid.
953 429 1037 496 Sese.
1070 433 1101 510 4,
1134 429 1262 495 Decrel.
1286 426 1327 494 de
1350 426 1425 492 edit.
1451 431 1486 494 ei

302 577 362 621 usu
385 577 426 621 ss.
450 554 618 622 librorum.

392 681 568 748 354.a1u.
586 681 617 747 6.
637 702 655 744 a
672 681 804 747 Eadem
818 681 952 748 ratione
968 687 999 747 et
1012 681 1075 748 sub
1091 680 1210 760 iisdem
1235 677 1490 747 conditionibus

298 804 551 884 permittuntur
572 804 663 870 aliae
687 804 857 871 versiones
871 801 1061 870 Sacrorum
1075 800 1267 870 Bibliorum
1289 801 1359 868 sive
1374 801 1487 867 latina

302 927 465 994 siccatio
487 929 607 1016 linpua
629 949 700 996 non
721 930 859 1016 culpari
881 929 991 995 editae
1005 950 1036 996 a.

392 1057 478 1122 Aac.
508 1055 537 1119 7.
566 1055 689 1124 «Cum
725 1055 957 1140 caperimento
987 1054 1209 1138 manifestum
1239 1053 1281 1119 sil
1310 1053 1341 1120 si
1372 1049 1486 1118 Sacra

303 1177 416 1245 Biblia
438 1180 575 1267 vulpari
598 1181 717 1267 ttupuv
743 1180 877 1264 passim
909 1181 984 1246 sine
1013 1178 1211 1246 discrimine
1236 1177 1489 1260 permittantur·

299 1305 382 1386 plus
403 1305 493 1378 inde.
518 1305 559 1374 ob
583 1307 759 1374 hominum
785 1307 1014 1378 temeritatem,
1042 1303 1236 1371 detrimenti
1263 1321 1369 1388 quam
1391 1303 1483 1368 utili·

304 1429 381 1496 tatis
411 1430 515 1508 oriri,
546 1431 717 1497 versiones
747 1450 864 1497 omnes
890 1431 927 1496 in
957 1431 1076 1517 tiucua
1111 1431 1298 1496 vernacula
1327 1429 1430 1494 etiam
1461 1447 1488 1492 a.

304 1555 389 1620 viris
412 1556 583 1624 catholicis
611 1556 782 1639 consectae
813 1556 950 1623 omniuo
978 1555 1228 1639 prohibeantur
1252 1554 1321 1620 nisi
1350 1553 1487 1636 fuerint

309 1680 523 1764 approbatae
546 1687 616 1748 aul
628 1681 737 1750 editae
752 1680 814 1747 sub
829 1681 1008 1767 vipilantia
1022 1681 1270 1763 Episcoporum
1287 1697 1366 1746 cum
1380 1677 1485 1745 adno-

305 1802 489 1871 tationibus
511 1805 697 1888 desumptis
719 1823 765 1870 ea·
781 1803 914 1870 Sanctis
937 1803 1106 1868 Ecclesiae
1128 1801 1290 1870 Patribus
1313 1807 1416 1886 atquc
1438 1819 1489 1866 ear

305 1927 411 1994 doctis
434 1928 672 2014 catholicisque
693 1926 960 2012 scriptoribus».
993 1990 1012 2016 „

397 2051 482 2114 Anr.
497 2049 528 2114 8.
540 2067 559 2120 c,
571 2049 829 2116 Interdicuntur
842 2049 1014 2142 versiones
1028 2065 1145 2114 ovines
1162 2047 1350 2115 Sacrorum
1362 2046 1489 2114 Biblio-

304 2193 385 2240 rum
402 2175 559 2259 quamvis
570 2175 706 2263 culpari
722 2176 841 2260 liupua
856 2173 899 2240 ab
915 2173 1110 2240 acatholicis
1125 2172 1394 2258 quibuscumque
1410 2193 1485 2241 cou-

304 2301 423 2384 fectae,
447 2308 549 2388 alque
572 2303 651 2368 illae
670 2302 876 2385 praesertim
899 2320 988 2386 quae
1005 2320 1073 2384 per
1094 2302 1267 2368 societates
1290 2299 1440 2367 Biblicas
1463 2320 1487 2366 a

308 2420 474 2489 Romanis
495 2422 716 2508 Pontificibus
737 2443 808 2490 non
830 2424 933 2490 semel
956 2421 1139 2496 damnatas
1162 2422 1384 2508 divulpantur
1407 2441 1485 2488 cum

307 2545 344 2612 iu
367 2545 409 2612 iis
431 2545 678 2612 saluberrimae
699 2545 870 2612 Ecclesiae
898 2544 986 2631 lepes
1012 2544 1055 2610 de
1078 2544 1204 2611 divinis
1227 2543 1323 2612 libris
1344 2544 1490 2610 ederedis

304 2669 463 2750 funditus
480 2668 760 2754 posthabeantur.
1177 2739 1182 2746 ,

400 2791 510 2858 «Hae
532 2791 755 2860 nihilominus
778 2794 948 2860 versiones
978 2793 1021 2860 iis
1051 2793 1111 2877 qui
1141 2792 1262 2859 studiis
1293 2792 1488 2878 theolopicis

310 2917 362 2982 vel
382 2914 509 2982 biblicis
524 2917 609 2984 dont
622 2935 764 2998 operam
778 2917 1040 2999 permittuntur:
1055 2916 1097 2982 iis
1116 2917 1259 2984 sanatis
1273 2933 1362 3000 quae
1376 2934 1490 2998 supra

306 3038 352 3123 (n.
376 3043 409 3126 5)
433 3047 557 3108 statuta
580 3047 659 3108 sunt
676 3065 705 3104 ».

400 3165 475 3234 356.
501 3167 540 3232 In
564 3167 709 3233 articulis
731 3167 825 3232 modo
840 3167 952 3232 relatis
967 3170 1075 3253 agitur
1090 3164 1130 3231 da
1145 3167 1348 3234 versionibus
1366 3166 1494 3232 Sacrae

307 3291 495 3378 Scripturas
518 3313 583 3358 non
606 3295 754 3377 antiquis,
780 3292 956 3377 dequibus
984 3312 1037 3358 res
1064 3299 1113 3358 est
1140 3296 1172 3358 in
1204 3299 1269 3358 orl.
1293 3293 1342 3374 5.;
1365 3291 1423 3356 sed
1447 3291 1491 3356 de

309 3419 511 3485 versionibus
534 3420 570 3485 in
593 3420 713 3506 linquo
735 3439 805 3486 non
827 3420 964 3506 culpari
986 3438 1052 3484 non
1075 3421 1224 3502 antiquis,
1249 3425 1282 3485 el
1304 3419 1344 3485 de
1368 3439 1488 3485 recen-

309 3540 443 3606 tioribus
467 3539 558 3606 editis
581 3541 618 3606 in
642 3543 760 3628 liupua
785 3542 929 3630 culpari.
956 3577 973 3592 ·
999 3544 1038 3607 In
1061 3546 1126 3608 art.
1152 3541 1349 3626 drepetiiur
1373 3541 1490 3608 eadem

309 3668 520 3752 praescriptio
544 3667 679 3733 articuli
695 3667 719 3733 5
742 3673 774 3733 et
796 3667 977 3753 applicatur
992 3663 1033 3732 ad
1048 3669 1216 3732 versiones
1231 3687 1302 3734 non
1324 3668 1492 3752 anmatos

308 3787 473 3852 confectas
496 3789 529 3852 in
552 3787 663 3873 lingua
685 3807 756 3854 non
777 3787 915 3874 culpari
937 3787 1115 3872 publicatas
1138 3787 1178 3852 ab
1194 3788 1396 3854 acatholicis.

399 3913 437 3977 In
460 3919 523 3978 art.
550 3913 582 3986 7,
606 3913 835 3998 permittuntur
857 3914 1025 3979 versiones
1049 3913 1080 3979 S.
1106 3913 1294 3998 Scripturae
1310 3913 1347 3987 in
1367 3913 1493 4000 linpua

308 4039 446 4125 vulpari
468 4038 636 4105 consectae
659 4057 679 4102 a
701 4039 781 4104 viris
804 4039 973 4106 catholicis
1005 4033 1175 4106 dummodo
1197 4045 1259 4106 aut
1280 4039 1350 4106 sint
1375 4059 1492 4125 appro-

309 4163 405 4230 batae
435 4165 560 4230 directe
582 4184 602 4230 a
625 4165 656 4231 S.
682 4163 774 4246 Sede,
805 4171 860 4231 aut
891 4165 1048 4251 prodeant
1078 4166 1259 4234 instructae
1293 4165 1489 4233 adnotatio-

308 4287 409 4354 nibus
439 4293 471 4354 et
501 4287 558 4354 sub
593 4289 771 4376 vipilontia
794 4290 1052 4373 Episcoporum.
1084 4289 1332 4358 Adnotationcs
1365 4289 1489 4354 desumi

309 4412 427 4479 debent
443 4433 464 4479 a
478 4415 511 4480 S.
525 4413 687 4480 Patribus
702 4420 803 4500 atque
818 4435 863 4480 ea
878 4415 983 4482 doctis
999 4413 1238 4501 catholicisque
1253 4412 1491 4498 scriptoribus,
1624 4511 1625 4520 ἵ
