<?xml version="1.0" encoding="UTF-8"?>
<!DOCTYPE html PUBLIC "-//W3C//DTD XHTML 1.0 Transitional//EN"
    "http://www.w3.org/TR/xhtml1/DTD/xhtml1-transitional.dtd">
<html xmlns="http://www.w3.org/1999/xhtml" xml:lang="en" lang="en">
 <head>
  <title>
</title>
<meta http-equiv="Content-Type" content="text/html;charset=utf-8" />
  <meta name='ocr-system' content='tesseract 3.04.00' />
  <meta name='ocr-capabilities' content='ocr_page ocr_carea ocr_par ocr_line ocrx_word'/>
</head>
<body>
  <div class='ocr_page' id='page_1' title='image "./praelectionesin02legagoog_0516.png"; bbox 0 0 3290 5100; ppageno 0'>
   <div class='ocr_carea' id='block_1_1' title="bbox 553 295 1356 360">
    <p class='ocr_par' dir='ltr' id='par_1_1' title="bbox 553 295 1356 360">
     <span class='ocr_line' id='line_1_1' title="bbox 553 295 1356 360; baseline 0.005 -6"><span class='ocrx_word' id='word_1_1' title='bbox 553 309 597 354; x_wconf 84' lang='lat' dir='ltr'><em>ua</em></span> <span class='ocrx_word' id='word_1_2' title='bbox 621 309 774 356; x_wconf 80' lang='lat' dir='ltr'><em>numeris</em></span> <span class='ocrx_word' id='word_1_3' title='bbox 798 309 841 356; x_wconf 79' lang='lat' dir='ltr'><em>nr</em></span> <span class='ocrx_word' id='word_1_4' title='bbox 864 310 983 357; x_wconf 77' lang='lat' dir='ltr'><em>Porrus</em></span> <span class='ocrx_word' id='word_1_5' title='bbox 1294 295 1356 360; x_wconf 85' lang='lat'><em>511</em></span> 
     </span>
    </p>
   </div>
   <div class='ocr_carea' id='block_1_2' title="bbox 173 430 1360 1774">
    <p class='ocr_par' dir='ltr' id='par_1_2' title="bbox 173 430 1360 1774">
     <span class='ocr_line' id='line_1_2' title="bbox 269 430 1359 518; baseline 0.01 -24"><span class='ocrx_word' id='word_1_6' title='bbox 269 430 355 497; x_wconf 89' lang='lat' dir='ltr'><em>Hinc</em></span> <span class='ocrx_word' id='word_1_7' title='bbox 384 431 492 496; x_wconf 85' lang='lat' dir='ltr'><em>Guast.</em></span> <span class='ocrx_word' id='word_1_8' title='bbox 523 431 590 516; x_wconf 88' lang='lat' dir='ltr'><em>Ap.</em></span> <span class='ocrx_word' id='word_1_9' title='bbox 623 431 701 498; x_wconf 85' lang='lat' dir='ltr'><strong><em>Sed.</em></strong></span> <span class='ocrx_word' id='word_1_10' title='bbox 734 433 1084 501; x_wconf 73' lang='lat' dir='ltr'><em>excommunicatione</em></span> <span class='ocrx_word' id='word_1_11' title='bbox 1111 455 1160 518; x_wconf 88' lang='lat' dir='ltr'><em>sp.</em></span> <span class='ocrx_word' id='word_1_12' title='bbox 1189 438 1294 505; x_wconf 87' lang='lat' dir='ltr'><em>modo</em></span> <span class='ocrx_word' id='word_1_13' title='bbox 1318 439 1359 504; x_wconf 94' lang='lat' dir='ltr'><em>P.</em></span> 
     </span>
     <span class='ocr_line' id='line_1_3' title="bbox 176 556 1360 637; baseline 0.005 -17"><span class='ocrx_word' id='word_1_14' title='bbox 176 573 293 637; x_wconf 75' lang='lat' dir='ltr'><em>resen,</em></span> <span class='ocrx_word' id='word_1_15' title='bbox 320 556 420 622; x_wconf 83' lang='lat' dir='ltr'><strong>edixit</strong></span> <span class='ocrx_word' id='word_1_16' title='bbox 450 564 641 624; x_wconf 85' lang='lat' dir='ltr'><em>censuratos</em></span> <span class='ocrx_word' id='word_1_17' title='bbox 663 559 726 624; x_wconf 85' lang='lat' dir='ltr'><em>sab</em></span> <span class='ocrx_word' id='word_1_18' title='bbox 750 579 784 623; x_wconf 91' lang='lat' dir='ltr'><em>n.</em></span> <span class='ocrx_word' id='word_1_19' title='bbox 809 559 851 625; x_wconf 87' lang='grc'><em>8.·</em></span> <span class='ocrx_word' id='word_1_20' title='bbox 877 557 1139 626; x_wconf 77' lang='lat' dir='ltr'><em>‹Recarrentes</em></span> <span class='ocrx_word' id='word_1_21' title='bbox 1162 561 1210 626; x_wconf 84' lang='lat' dir='ltr'><em>od</em></span> <span class='ocrx_word' id='word_1_22' title='bbox 1233 562 1360 628; x_wconf 82' lang='lat' dir='ltr'><em>laicam</em></span> 
     </span>
     <span class='ocr_line' id='line_1_4' title="bbox 173 683 1359 770; baseline 0.004 -22"><span class='ocrx_word' id='word_1_23' title='bbox 173 687 374 764; x_wconf 84' lang='lat' dir='ltr'><em>potestatem</em></span> <span class='ocrx_word' id='word_1_24' title='bbox 396 683 443 750; x_wconf 85' lang='lat' dir='ltr'><em>od</em></span> <span class='ocrx_word' id='word_1_25' title='bbox 465 683 703 766; x_wconf 79' lang='lat' dir='ltr'><em>impediendas</em></span> <span class='ocrx_word' id='word_1_26' title='bbox 718 684 848 752; x_wconf 83' lang='lat' dir='ltr'><em>litteras</em></span> <span class='ocrx_word' id='word_1_27' title='bbox 866 686 920 750; x_wconf 87' lang='lat' dir='ltr'><em>ccl</em></span> <span class='ocrx_word' id='word_1_28' title='bbox 943 691 1019 752; x_wconf 89' lang='lat' dir='ltr'><em>uota</em></span> <span class='ocrx_word' id='word_1_29' title='bbox 1043 685 1210 770; x_wconf 81' lang='lat' dir='ltr'><em>quaelibet</em></span> <span class='ocrx_word' id='word_1_30' title='bbox 1233 684 1359 754; x_wconf 71' lang='lat' dir='ltr'><em>adeda</em></span> 
     </span>
     <span class='ocr_line' id='line_1_5' title="bbox 177 803 1359 894; baseline 0.008 -28"><span class='ocrx_word' id='word_1_31' title='bbox 177 803 371 886; x_wconf 81' lang='lat' dir='ltr'><em>Apostolica</em></span> <span class='ocrx_word' id='word_1_32' title='bbox 386 805 438 871; x_wconf 90' lang='lat' dir='ltr'><em>ocl</em></span> <span class='ocrx_word' id='word_1_33' title='bbox 454 804 497 871; x_wconf 85' lang='lat' dir='ltr'><em>ab</em></span> <span class='ocrx_word' id='word_1_34' title='bbox 513 806 664 871; x_wconf 84' lang='lat' dir='ltr'><em>eiusdem</em></span> <span class='ocrx_word' id='word_1_35' title='bbox 681 804 818 892; x_wconf 79' lang='lat' dir='ltr'><em>Lapatia</em></span> <span class='ocrx_word' id='word_1_36' title='bbox 832 811 893 872; x_wconf 84' lang='lat' dir='ltr'><em>aut</em></span> <span class='ocrx_word' id='word_1_37' title='bbox 904 807 1074 893; x_wconf 87' lang='lat' dir='ltr'><em>Delepatis</em></span> <span class='ocrx_word' id='word_1_38' title='bbox 1090 807 1359 894; x_wconf 78' lang='lat' dir='ltr'><em>quibuscamque</em></span> 
     </span>
     <span class='ocr_line' id='line_1_6' title="bbox 175 928 1358 1018; baseline 0.003 -23"><span class='ocrx_word' id='word_1_39' title='bbox 175 928 330 1012; x_wconf 82' lang='lat' dir='ltr'><em>profecto</em></span> <span class='ocrx_word' id='word_1_40' title='bbox 353 949 541 1015; x_wconf 79' lang='lat' dir='ltr'><em>coramque</em></span> <span class='ocrx_word' id='word_1_41' title='bbox 562 932 879 1018; x_wconf 82' lang='lat' dir='ltr'><em>promulputionem</em></span> <span class='ocrx_word' id='word_1_42' title='bbox 902 933 953 999; x_wconf 89' lang='lat' dir='ltr'><em>uel</em></span> <span class='ocrx_word' id='word_1_43' title='bbox 976 933 1209 1000; x_wconf 76' lang='lat' dir='ltr'><em>onerationem</em></span> <span class='ocrx_word' id='word_1_44' title='bbox 1233 934 1358 1000; x_wconf 87' lang='lat' dir='ltr'><em>directe</em></span> 
     </span>
     <span class='ocr_line' id='line_1_7' title="bbox 176 1053 1358 1140; baseline 0.005 -22"><span class='ocrx_word' id='word_1_45' title='bbox 176 1055 227 1119; x_wconf 84' lang='lat' dir='ltr'><em>ael</em></span> <span class='ocrx_word' id='word_1_46' title='bbox 251 1053 414 1120; x_wconf 77' lang='lat' dir='ltr'><em>indirecte</em></span> <span class='ocrx_word' id='word_1_47' title='bbox 433 1054 663 1137; x_wconf 80' lang='lat' dir='ltr'><em>prohibentes,</em></span> <span class='ocrx_word' id='word_1_48' title='bbox 680 1063 740 1122; x_wconf 85' lang='lat' dir='ltr'><em>ant</em></span> <span class='ocrx_word' id='word_1_49' title='bbox 763 1075 883 1122; x_wconf 85' lang='lat' dir='ltr'><em>eoram</em></span> <span class='ocrx_word' id='word_1_50' title='bbox 907 1075 1011 1124; x_wconf 88' lang='lat' dir='ltr'><em>caasa</em></span> <span class='ocrx_word' id='word_1_51' title='bbox 1032 1057 1101 1122; x_wconf 86' lang='lat' dir='ltr'><em>sive</em></span> <span class='ocrx_word' id='word_1_52' title='bbox 1124 1057 1219 1140; x_wconf 87' lang='lat' dir='ltr'><em>ipsas</em></span> <span class='ocrx_word' id='word_1_53' title='bbox 1238 1063 1358 1140; x_wconf 88' lang='lat' dir='ltr'><em>partes</em></span> 
     </span>
     <span class='ocr_line' id='line_1_8' title="bbox 174 1177 1357 1268; baseline 0.003 -26"><span class='ocrx_word' id='word_1_54' title='bbox 174 1177 245 1242; x_wconf 85' lang='lat' dir='ltr'><em>siae</em></span> <span class='ocrx_word' id='word_1_55' title='bbox 267 1179 353 1244; x_wconf 88' lang='lat' dir='ltr'><em>alios</em></span> <span class='ocrx_word' id='word_1_56' title='bbox 376 1179 546 1246; x_wconf 85' lang='lat' dir='ltr'><em>laedentes</em></span> <span class='ocrx_word' id='word_1_57' title='bbox 566 1181 616 1246; x_wconf 86' lang='lat' dir='ltr'><em>ael</em></span> <span class='ocrx_word' id='word_1_58' title='bbox 636 1179 958 1268; x_wconf 74' lang='lat' dir='ltr'><em>perterrefacientes</em></span> <span class='ocrx_word' id='word_1_59' title='bbox 975 1203 1005 1246; x_wconf 78' lang='lat' dir='ltr'><em>a.</em></span> <span class='ocrx_word' id='word_1_60' title='bbox 1023 1181 1085 1246; x_wconf 88' lang='lat' dir='ltr'><em>Hic</em></span> <span class='ocrx_word' id='word_1_61' title='bbox 1101 1182 1259 1246; x_wconf 79' lang='lat' dir='ltr'><em>articulus</em></span> <span class='ocrx_word' id='word_1_62' title='bbox 1274 1201 1357 1247; x_wconf 86' lang='lat' dir='ltr'><em>vero</em></span> 
     </span>
     <span class='ocr_line' id='line_1_9' title="bbox 175 1301 1358 1390; baseline 0.004 -25"><span class='ocrx_word' id='word_1_63' title='bbox 175 1301 301 1370; x_wconf 89' lang='lat' dir='ltr'><em>additus</em></span> <span class='ocrx_word' id='word_1_64' title='bbox 324 1301 386 1369; x_wconf 85' lang='lat' dir='ltr'><em>fuit</em></span> <span class='ocrx_word' id='word_1_65' title='bbox 408 1306 582 1390; x_wconf 90' lang='lat' dir='ltr'><em>praecipue</em></span> <span class='ocrx_word' id='word_1_66' title='bbox 612 1306 686 1388; x_wconf 91' lang='lat' dir='ltr'><em>quia</em></span> <span class='ocrx_word' id='word_1_67' title='bbox 713 1305 918 1390; x_wconf 85' lang='lat' dir='ltr'><em>Regalismus</em></span> <span class='ocrx_word' id='word_1_68' title='bbox 941 1311 974 1371; x_wconf 91' lang='lat' dir='ltr'><em>et</em></span> <span class='ocrx_word' id='word_1_69' title='bbox 996 1305 1226 1372; x_wconf 88' lang='lat' dir='ltr'><em>Liberalismus</em></span> <span class='ocrx_word' id='word_1_70' title='bbox 1251 1327 1358 1390; x_wconf 87' lang='lat' dir='ltr'><em>quam-</em></span> 
     </span>
     <span class='ocr_line' id='line_1_10' title="bbox 175 1425 1358 1517; baseline 0.007 -28"><span class='ocrx_word' id='word_1_71' title='bbox 175 1425 315 1510; x_wconf 87' lang='lat' dir='ltr'><em>plurima</em></span> <span class='ocrx_word' id='word_1_72' title='bbox 338 1429 463 1493; x_wconf 88' lang='lat' dir='ltr'><em>invenit</em></span> <span class='ocrx_word' id='word_1_73' title='bbox 485 1428 680 1514; x_wconf 78' lang='lat' dir='ltr'><em>sophismata</em></span> <span class='ocrx_word' id='word_1_74' title='bbox 703 1427 817 1512; x_wconf 85' lang='lat' dir='ltr'><em>quibus</em></span> <span class='ocrx_word' id='word_1_75' title='bbox 840 1429 944 1494; x_wconf 80' lang='lat' dir='ltr'><em>laicae</em></span> <span class='ocrx_word' id='word_1_76' title='bbox 974 1431 1141 1515; x_wconf 89' lang='lat' dir='ltr'><em>potestatis</em></span> <span class='ocrx_word' id='word_1_77' title='bbox 1169 1435 1358 1517; x_wconf 84' lang='lat' dir='ltr'><em>protegeret</em></span> 
     </span>
     <span class='ocr_line' id='line_1_11' title="bbox 174 1552 1357 1642; baseline 0.005 -26"><span class='ocrx_word' id='word_1_78' title='bbox 174 1552 341 1618; x_wconf 82' lang='lat' dir='ltr'><em>audaciam</em></span> <span class='ocrx_word' id='word_1_79' title='bbox 365 1554 568 1639; x_wconf 85' lang='lat' dir='ltr'><em>impediendi,</em></span> <span class='ocrx_word' id='word_1_80' title='bbox 586 1575 645 1640; x_wconf 89' lang='lat' dir='ltr'><em>pro</em></span> <span class='ocrx_word' id='word_1_81' title='bbox 664 1575 722 1620; x_wconf 87' lang='lat' dir='ltr'><em>suo</em></span> <span class='ocrx_word' id='word_1_82' title='bbox 738 1554 850 1628; x_wconf 79' lang='lat' dir='ltr'><em>lubitu,</em></span> <span class='ocrx_word' id='word_1_83' title='bbox 868 1561 941 1620; x_wconf 90' lang='lat' dir='ltr'><em>acta</em></span> <span class='ocrx_word' id='word_1_84' title='bbox 957 1555 988 1621; x_wconf 89' lang='lat' dir='ltr'><em>S.</em></span> <span class='ocrx_word' id='word_1_85' title='bbox 1006 1556 1106 1628; x_wconf 84' lang='lat' dir='ltr'><em>Sedis,</em></span> <span class='ocrx_word' id='word_1_86' title='bbox 1124 1555 1198 1620; x_wconf 91' lang='lat' dir='ltr'><em>dum</em></span> <span class='ocrx_word' id='word_1_87' title='bbox 1215 1558 1357 1642; x_wconf 78' lang='lat' dir='ltr'><em>exquirit</em></span> 
     </span>
     <span class='ocr_line' id='line_1_12' title="bbox 174 1677 1355 1774; baseline 0.006 -34"><span class='ocrx_word' id='word_1_88' title='bbox 174 1696 234 1760; x_wconf 92' lang='lat' dir='ltr'><em>pro</em></span> <span class='ocrx_word' id='word_1_89' title='bbox 249 1677 436 1742; x_wconf 89' lang='lat' dir='ltr'><em>eorumdem</em></span> <span class='ocrx_word' id='word_1_90' title='bbox 451 1679 645 1774; x_wconf 81' lang='lat' dir='ltr'><em>executione</em></span> <span class='ocrx_word' id='word_1_91' title='bbox 663 1715 679 1724; x_wconf 96' lang='lat'><em>-</em></span> <span class='ocrx_word' id='word_1_92' title='bbox 694 1677 841 1765; x_wconf 83' lang='lat' dir='ltr'><em>Repiam</em></span> <span class='ocrx_word' id='word_1_93' title='bbox 857 1679 974 1744; x_wconf 89' lang='lat' dir='ltr'><em>Placet</em></span> <span class='ocrx_word' id='word_1_94' title='bbox 988 1715 1005 1726; x_wconf 93' lang='lat'>-</span> <span class='ocrx_word' id='word_1_95' title='bbox 1019 1679 1071 1742; x_wconf 87' lang='lat' dir='ltr'><em>vel</em></span> <span class='ocrx_word' id='word_1_96' title='bbox 1087 1715 1103 1727; x_wconf 96' lang='lat'>-</span> <span class='ocrx_word' id='word_1_97' title='bbox 1118 1679 1265 1766; x_wconf 79' lang='lat' dir='ltr'><em>Repiam</em></span> <span class='ocrx_word' id='word_1_98' title='bbox 1281 1701 1355 1747; x_wconf 84' lang='lat' dir='ltr'><em>eore-</em></span> 
     </span>
    </p>
   </div>
   <div class='ocr_carea' id='block_1_3' title="bbox 175 1805 1472 1890">
    <p class='ocr_par' dir='ltr' id='par_1_3' title="bbox 175 1805 1472 1890">
     <span class='ocr_line' id='line_1_13' title="bbox 175 1805 1472 1890; baseline 0.003 -22"><span class='ocrx_word' id='word_1_99' title='bbox 175 1809 304 1888; x_wconf 82' lang='lat' dir='ltr'><em>qaatar</em></span> <span class='ocrx_word' id='word_1_100' title='bbox 322 1841 338 1853; x_wconf 96' lang='lat'>-</span> <span class='ocrx_word' id='word_1_101' title='bbox 356 1811 413 1870; x_wconf 90' lang='lat' dir='ltr'><em>aut</em></span> <span class='ocrx_word' id='word_1_102' title='bbox 434 1806 531 1871; x_wconf 88' lang='lat' dir='ltr'><em>aliter</em></span> <span class='ocrx_word' id='word_1_103' title='bbox 554 1805 718 1870; x_wconf 85' lang='lat' dir='ltr'><em>contendit</em></span> <span class='ocrx_word' id='word_1_104' title='bbox 740 1805 906 1890; x_wconf 80' lang='lat' dir='ltr'><em>praeviam</em></span> <span class='ocrx_word' id='word_1_105' title='bbox 933 1805 1102 1870; x_wconf 84' lang='lat' dir='ltr'><em>instituere</em></span> <span class='ocrx_word' id='word_1_106' title='bbox 1126 1827 1297 1872; x_wconf 84' lang='lat' dir='ltr'><em>censuram</em></span> <span class='ocrx_word' id='word_1_107' title='bbox 1322 1809 1355 1872; x_wconf 92' lang='lat' dir='ltr'><em>in</em></span> <span class='ocrx_word' id='word_1_108' title='bbox 1462 1805 1472 1834; x_wconf 89' lang='lat'><em>&#39;</em></span> 
     </span>
    </p>
   </div>
   <div class='ocr_carea' id='block_1_4' title="bbox 168 1927 1354 3382">
    <p class='ocr_par' dir='ltr' id='par_1_4' title="bbox 168 1927 1354 2639">
     <span class='ocr_line' id='line_1_14' title="bbox 174 1927 1354 2015; baseline 0.002 -21"><span class='ocrx_word' id='word_1_109' title='bbox 174 1929 261 1994; x_wconf 90' lang='lat' dir='ltr'><em>Acta</em></span> <span class='ocrx_word' id='word_1_110' title='bbox 291 1927 325 1993; x_wconf 79' lang='lat' dir='ltr'><em>S.</em></span> <span class='ocrx_word' id='word_1_111' title='bbox 352 1929 463 2005; x_wconf 85' lang='lat' dir='ltr'><em>Sedis,</em></span> <span class='ocrx_word' id='word_1_112' title='bbox 496 1931 587 1996; x_wconf 82' lang='lat' dir='ltr'><em>iuxta</em></span> <span class='ocrx_word' id='word_1_113' title='bbox 611 1965 628 1978; x_wconf 92' lang='lat'>-</span> <span class='ocrx_word' id='word_1_114' title='bbox 653 1929 824 1996; x_wconf 78' lang='lat' dir='ltr'><em>Artimelos</em></span> <span class='ocrx_word' id='word_1_115' title='bbox 854 1929 1040 2015; x_wconf 80' lang='lat' dir='ltr'><em>Orpamms</em></span> <span class='ocrx_word' id='word_1_116' title='bbox 1071 1936 1131 1996; x_wconf 91' lang='lat' dir='ltr'><em>cte.</em></span> <span class='ocrx_word' id='word_1_117' title='bbox 1158 1967 1174 1979; x_wconf 96' lang='lat'>-</span> <span class='ocrx_word' id='word_1_118' title='bbox 1201 1930 1243 1995; x_wconf 84' lang='lat' dir='ltr'><em>cl.</em></span> <span class='ocrx_word' id='word_1_119' title='bbox 1268 1933 1354 1998; x_wconf 86' lang='lat' dir='ltr'><em>Acta</em></span> 
     </span>
     <span class='ocr_line' id='line_1_15' title="bbox 176 2052 1353 2143; baseline 0.004 -26"><span class='ocrx_word' id='word_1_120' title='bbox 176 2052 209 2118; x_wconf 81' lang='lat' dir='ltr'><em>S.</em></span> <span class='ocrx_word' id='word_1_121' title='bbox 226 2052 324 2121; x_wconf 77' lang='lat' dir='ltr'><em>Sedis</em></span> <span class='ocrx_word' id='word_1_122' title='bbox 348 2055 416 2122; x_wconf 89' lang='lat' dir='ltr'><em>Vol.</em></span> <span class='ocrx_word' id='word_1_123' title='bbox 435 2055 497 2136; x_wconf 86' lang='lat' dir='ltr'><em>IV,</em></span> <span class='ocrx_word' id='word_1_124' title='bbox 511 2074 593 2141; x_wconf 85' lang='lat' dir='ltr'><em>pap.</em></span> <span class='ocrx_word' id='word_1_125' title='bbox 610 2055 677 2120; x_wconf 74' lang='lat'><em>147</em></span> <span class='ocrx_word' id='word_1_126' title='bbox 692 2056 729 2120; x_wconf 89' lang='lat' dir='ltr'><em>in</em></span> <span class='ocrx_word' id='word_1_127' title='bbox 744 2060 836 2122; x_wconf 87' lang='lat' dir='ltr'><em>nota.</em></span> <span class='ocrx_word' id='word_1_128' title='bbox 854 2056 1015 2131; x_wconf 84' lang='lat' dir='ltr'><em>Quocirca</em></span> <span class='ocrx_word' id='word_1_129' title='bbox 1031 2056 1070 2120; x_wconf 91' lang='lat' dir='ltr'><em>ad</em></span> <span class='ocrx_word' id='word_1_130' title='bbox 1088 2058 1353 2143; x_wconf 86' lang='lat' dir='ltr'><em>compescendam</em></span> 
     </span>
     <span class='ocr_line' id='line_1_16' title="bbox 173 2177 1353 2262; baseline 0.003 -19"><span class='ocrx_word' id='word_1_131' title='bbox 173 2197 406 2262; x_wconf 88' lang='lat' dir='ltr'><em>quamcumque</em></span> <span class='ocrx_word' id='word_1_132' title='bbox 429 2178 609 2244; x_wconf 90' lang='lat' dir='ltr'><em>huiusmodi</em></span> <span class='ocrx_word' id='word_1_133' title='bbox 635 2177 802 2242; x_wconf 89' lang='lat' dir='ltr'><em>audaciam</em></span> <span class='ocrx_word' id='word_1_134' title='bbox 827 2179 882 2244; x_wconf 93' lang='lat' dir='ltr'><em>hic</em></span> <span class='ocrx_word' id='word_1_135' title='bbox 905 2181 1061 2244; x_wconf 87' lang='lat' dir='ltr'><em>articulus</em></span> <span class='ocrx_word' id='word_1_136' title='bbox 1086 2181 1201 2245; x_wconf 88' lang='lat' dir='ltr'><em>Bullae</em></span> <span class='ocrx_word' id='word_1_137' title='bbox 1225 2181 1353 2246; x_wconf 83' lang='lat' dir='ltr'><em>Coenae</em></span> 
     </span>
     <span class='ocr_line' id='line_1_17' title="bbox 173 2300 1352 2388; baseline 0.003 -23"><span class='ocrx_word' id='word_1_138' title='bbox 173 2300 376 2386; x_wconf 88' lang='lat' dir='ltr'><em>iampridem</em></span> <span class='ocrx_word' id='word_1_139' title='bbox 401 2302 546 2368; x_wconf 89' lang='lat' dir='ltr'><em>adiectus</em></span> <span class='ocrx_word' id='word_1_140' title='bbox 569 2303 639 2368; x_wconf 88' lang='lat' dir='ltr'><em>fuit.</em></span> <span class='ocrx_word' id='word_1_141' title='bbox 656 2304 737 2368; x_wconf 88' lang='lat' dir='ltr'><em>Eius</em></span> <span class='ocrx_word' id='word_1_142' title='bbox 760 2302 985 2388; x_wconf 83' lang='lat' dir='ltr'><em>interpretatio</em></span> <span class='ocrx_word' id='word_1_143' title='bbox 1002 2301 1087 2368; x_wconf 88' lang='lat' dir='ltr'><em>haud</em></span> <span class='ocrx_word' id='word_1_144' title='bbox 1108 2301 1271 2369; x_wconf 88' lang='lat' dir='ltr'><em>difficilior</em></span> <span class='ocrx_word' id='word_1_145' title='bbox 1295 2307 1352 2375; x_wconf 78' lang='lat' dir='ltr'><em>est,</em></span> 
     </span>
     <span class='ocr_line' id='line_1_18' title="bbox 168 2427 1353 2514; baseline 0 -22"><span class='ocrx_word' id='word_1_146' title='bbox 168 2429 199 2493; x_wconf 78' lang='lat' dir='ltr'><em>‘si</em></span> <span class='ocrx_word' id='word_1_147' title='bbox 222 2427 334 2501; x_wconf 87' lang='lat' dir='ltr'><em>verba,</em></span> <span class='ocrx_word' id='word_1_148' title='bbox 360 2433 456 2514; x_wconf 90' lang='lat' dir='ltr'><em>prout</em></span> <span class='ocrx_word' id='word_1_149' title='bbox 485 2429 622 2492; x_wconf 88' lang='lat' dir='ltr'><em>materia</em></span> <span class='ocrx_word' id='word_1_150' title='bbox 652 2428 729 2502; x_wconf 85' lang='lat' dir='ltr'><em>fert,</em></span> <span class='ocrx_word' id='word_1_151' title='bbox 754 2433 959 2494; x_wconf 87' lang='lat' dir='ltr'><em>assumantur</em></span> <span class='ocrx_word' id='word_1_152' title='bbox 983 2429 1015 2492; x_wconf 92' lang='lat' dir='ltr'><em>iu</em></span> <span class='ocrx_word' id='word_1_153' title='bbox 1043 2430 1174 2514; x_wconf 87' lang='lat' dir='ltr'><em>propria</em></span> <span class='ocrx_word' id='word_1_154' title='bbox 1204 2430 1353 2514; x_wconf 82' lang='lat' dir='ltr'><em>rigorose</em></span> 
     </span>
     <span class='ocr_line' id='line_1_19' title="bbox 171 2551 599 2639; baseline 0 -21"><span class='ocrx_word' id='word_1_155' title='bbox 171 2551 425 2639; x_wconf 59' lang='lat' dir='ltr'><em>significaturum</em></span> <span class='ocrx_word' id='word_1_156' title='bbox 450 2558 482 2619; x_wconf 92' lang='lat' dir='ltr'><em>et</em></span> <span class='ocrx_word' id='word_1_157' title='bbox 505 2553 599 2618; x_wconf 92' lang='lat' dir='ltr'><em>hinc:</em></span> 
     </span>
    </p>

    <p class='ocr_par' dir='ltr' id='par_1_5' title="bbox 170 2678 1351 3134">
     <span class='ocr_line' id='line_1_20' title="bbox 308 2678 1351 2765; baseline 0.001 -22"><span class='ocrx_word' id='word_1_158' title='bbox 308 2679 344 2764; x_wconf 87' lang='lat' dir='ltr'><em>l)</em></span> <span class='ocrx_word' id='word_1_159' title='bbox 365 2684 576 2744; x_wconf 88' lang='lat' dir='ltr'><em>recurrentes</em></span> <span class='ocrx_word' id='word_1_160' title='bbox 590 2682 666 2743; x_wconf 91' lang='lat' dir='ltr'><em>sunt</em></span> <span class='ocrx_word' id='word_1_161' title='bbox 681 2679 750 2742; x_wconf 87' lang='lat' dir='ltr'><em>sive</em></span> <span class='ocrx_word' id='word_1_162' title='bbox 766 2678 879 2743; x_wconf 89' lang='lat' dir='ltr'><em>clerici</em></span> <span class='ocrx_word' id='word_1_163' title='bbox 903 2680 970 2743; x_wconf 90' lang='lat' dir='ltr'><em>sive</em></span> <span class='ocrx_word' id='word_1_164' title='bbox 993 2678 1066 2742; x_wconf 89' lang='lat' dir='ltr'><em>laici</em></span> <span class='ocrx_word' id='word_1_165' title='bbox 1083 2680 1135 2762; x_wconf 89' lang='lat' dir='ltr'><em>qui</em></span> <span class='ocrx_word' id='word_1_166' title='bbox 1159 2678 1235 2744; x_wconf 88' lang='lat' dir='ltr'><em>data</em></span> <span class='ocrx_word' id='word_1_167' title='bbox 1250 2699 1351 2765; x_wconf 88' lang='lat' dir='ltr'><em>opera</em></span> 
     </span>
     <span class='ocr_line' id='line_1_21' title="bbox 171 2803 1349 2888; baseline 0.002 -22"><span class='ocrx_word' id='word_1_168' title='bbox 171 2803 323 2867; x_wconf 87' lang='lat' dir='ltr'><em>invocant</em></span> <span class='ocrx_word' id='word_1_169' title='bbox 345 2803 462 2868; x_wconf 89' lang='lat' dir='ltr'><em>laicam</em></span> <span class='ocrx_word' id='word_1_170' title='bbox 485 2807 694 2888; x_wconf 65' lang='lat' dir='ltr'><em>potestatem</em></span> <span class='ocrx_word' id='word_1_171' title='bbox 719 2821 835 2887; x_wconf 88' lang='lat' dir='ltr'><em>nempe</em></span> <span class='ocrx_word' id='word_1_172' title='bbox 858 2803 1066 2888; x_wconf 85' lang='lat' dir='ltr'><em>Magistratus</em></span> <span class='ocrx_word' id='word_1_173' title='bbox 1097 2803 1160 2867; x_wconf 89' lang='lat' dir='ltr'><em>hac</em></span> <span class='ocrx_word' id='word_1_174' title='bbox 1188 2808 1349 2888; x_wconf 85' lang='lat' dir='ltr'><em>potestate</em></span> 
     </span>
     <span class='ocr_line' id='line_1_22' title="bbox 170 2924 1350 3012; baseline 0.002 -24"><span class='ocrx_word' id='word_1_175' title='bbox 170 2925 204 2988; x_wconf 94' lang='lat' dir='ltr'><em>in</em></span> <span class='ocrx_word' id='word_1_176' title='bbox 229 2927 391 2990; x_wconf 85' lang='lat' dir='ltr'><em>civitatem</em></span> <span class='ocrx_word' id='word_1_177' title='bbox 407 2925 575 3011; x_wconf 83' lang='lat' dir='ltr'><em>pollentes,</em></span> <span class='ocrx_word' id='word_1_178' title='bbox 592 2927 709 3010; x_wconf 92' lang='lat' dir='ltr'><em>quique</em></span> <span class='ocrx_word' id='word_1_179' title='bbox 732 2927 960 2990; x_wconf 88' lang='lat' dir='ltr'><em>auctoritatem</em></span> <span class='ocrx_word' id='word_1_180' title='bbox 984 2925 1042 2990; x_wconf 89' lang='lat' dir='ltr'><em>sibi</em></span> <span class='ocrx_word' id='word_1_181' title='bbox 1060 2924 1226 2990; x_wconf 89' lang='lat' dir='ltr'><em>vindicant</em></span> <span class='ocrx_word' id='word_1_182' title='bbox 1248 2928 1350 3012; x_wconf 89' lang='lat' dir='ltr'><em>impe·</em></span> 
     </span>
     <span class='ocr_line' id='line_1_23' title="bbox 171 3047 1062 3134; baseline 0 -22"><span class='ocrx_word' id='word_1_183' title='bbox 171 3047 278 3113; x_wconf 90' lang='lat' dir='ltr'><em>diendi</em></span> <span class='ocrx_word' id='word_1_184' title='bbox 301 3049 332 3114; x_wconf 89' lang='lat' dir='ltr'><em>S.</em></span> <span class='ocrx_word' id='word_1_185' title='bbox 357 3048 448 3114; x_wconf 88' lang='lat' dir='ltr'><em>Sedis</em></span> <span class='ocrx_word' id='word_1_186' title='bbox 471 3053 561 3124; x_wconf 89' lang='lat' dir='ltr'><em>acta;</em></span> <span class='ocrx_word' id='word_1_187' title='bbox 586 3054 619 3114; x_wconf 92' lang='lat' dir='ltr'><em>et</em></span> <span class='ocrx_word' id='word_1_188' title='bbox 642 3048 725 3113; x_wconf 91' lang='lat' dir='ltr'><em>haec</em></span> <span class='ocrx_word' id='word_1_189' title='bbox 747 3049 956 3134; x_wconf 87' lang='lat' dir='ltr'><em>intelligimus</em></span> <span class='ocrx_word' id='word_1_190' title='bbox 981 3069 1062 3122; x_wconf 82' lang='lat' dir='ltr'><em>esse,</em></span> 
     </span>
    </p>

    <p class='ocr_par' dir='ltr' id='par_1_6' title="bbox 170 3170 1351 3382">
     <span class='ocr_line' id='line_1_24' title="bbox 304 3170 1349 3258; baseline 0.001 -22"><span class='ocrx_word' id='word_1_191' title='bbox 304 3171 338 3258; x_wconf 82' lang='lat'><em>2)</em></span> <span class='ocrx_word' id='word_1_192' title='bbox 354 3173 481 3236; x_wconf 88' lang='lat' dir='ltr'><em>litteras</em></span> <span class='ocrx_word' id='word_1_193' title='bbox 497 3170 699 3256; x_wconf 85' lang='lat' dir='ltr'><em>Apostolicas</em></span> <span class='ocrx_word' id='word_1_194' title='bbox 723 3172 791 3236; x_wconf 91' lang='lat' dir='ltr'><em>sive</em></span> <span class='ocrx_word' id='word_1_195' title='bbox 808 3171 839 3234; x_wconf 92' lang='lat' dir='ltr'><em>in</em></span> <span class='ocrx_word' id='word_1_196' title='bbox 856 3171 962 3235; x_wconf 86' lang='lat' dir='ltr'><em>forma</em></span> <span class='ocrx_word' id='word_1_197' title='bbox 979 3171 1091 3236; x_wconf 87' lang='lat' dir='ltr'><em>Bullae</em></span> <span class='ocrx_word' id='word_1_198' title='bbox 1108 3173 1175 3236; x_wconf 88' lang='lat' dir='ltr'><em>sive</em></span> <span class='ocrx_word' id='word_1_199' title='bbox 1192 3173 1349 3237; x_wconf 88' lang='lat' dir='ltr'><em>informa</em></span> 
     </span>
     <span class='ocr_line' id='line_1_25' title="bbox 170 3293 1351 3382; baseline 0.002 -24"><span class='ocrx_word' id='word_1_200' title='bbox 170 3296 286 3359; x_wconf 90' lang='lat' dir='ltr'><em>Brevis</em></span> <span class='ocrx_word' id='word_1_201' title='bbox 310 3301 343 3359; x_wconf 91' lang='lat' dir='ltr'><em>et</em></span> <span class='ocrx_word' id='word_1_202' title='bbox 364 3299 437 3360; x_wconf 88' lang='lat' dir='ltr'><em>aeta</em></span> <span class='ocrx_word' id='word_1_203' title='bbox 460 3293 623 3359; x_wconf 92' lang='lat' dir='ltr'><em>iudicialia</em></span> <span class='ocrx_word' id='word_1_204' title='bbox 645 3298 679 3358; x_wconf 89' lang='lat' dir='ltr'><em>et</em></span> <span class='ocrx_word' id='word_1_205' title='bbox 701 3293 958 3359; x_wconf 86' lang='lat' dir='ltr'><em>administrativa</em></span> <span class='ocrx_word' id='word_1_206' title='bbox 973 3295 1148 3360; x_wconf 89' lang='lat' dir='ltr'><em>Sacrarum</em></span> <span class='ocrx_word' id='word_1_207' title='bbox 1165 3294 1351 3382; x_wconf 83' lang='lat' dir='ltr'><em>Congrege-</em></span> 
     </span>
    </p>
   </div>
   <div class='ocr_carea' id='block_1_5' title="bbox 169 3417 1348 3520">
    <p class='ocr_par' dir='ltr' id='par_1_7' title="bbox 169 3417 1348 3520">
     <span class='ocr_line' id='line_1_26' title="bbox 169 3417 1348 3520; baseline 0.003 -37"><span class='ocrx_word' id='word_1_208' title='bbox 169 3420 292 3484; x_wconf 90' lang='lat' dir='ltr'><em>tionum</em></span> <span class='ocrx_word' id='word_1_209' title='bbox 316 3423 348 3483; x_wconf 90' lang='lat' dir='ltr'><em>et</em></span> <span class='ocrx_word' id='word_1_210' title='bbox 372 3419 567 3504; x_wconf 82' lang='lat' dir='ltr'><em>Legatorum</em></span> <span class='ocrx_word' id='word_1_211' title='bbox 583 3424 638 3484; x_wconf 91' lang='lat' dir='ltr'><em>aut</em></span> <span class='ocrx_word' id='word_1_212' title='bbox 656 3419 884 3504; x_wconf 85' lang='lat' dir='ltr'><em>Delegatorum</em></span> <span class='ocrx_word' id='word_1_213' title='bbox 906 3417 1071 3485; x_wconf 82' lang='lat' dir='ltr'><em>Pontificis</em></span> <span class='ocrx_word' id='word_1_214' title='bbox 1087 3419 1139 3503; x_wconf 90' lang='lat' dir='ltr'><em>qni</em></span> <span class='ocrx_word' id='word_1_215' title='bbox 1158 3420 1280 3486; x_wconf 89' lang='lat' dir='ltr'><em>scilicet</em></span> <span class='ocrx_word' id='word_1_216' title='bbox 1294 3421 1348 3520; x_wconf 70' lang='lat' dir='ltr'><em>pel</em></span> 
     </span>
    </p>
   </div>
   <div class='ocr_carea' id='block_1_6' title="bbox 165 3541 1348 4499">
    <p class='ocr_par' dir='ltr' id='par_1_8' title="bbox 165 3541 1348 4499">
     <span class='ocr_line' id='line_1_27' title="bbox 169 3541 1348 3629; baseline 0.003 -23"><span class='ocrx_word' id='word_1_217' title='bbox 169 3541 366 3607; x_wconf 89' lang='lat' dir='ltr'><em>ordinariam</em></span> <span class='ocrx_word' id='word_1_218' title='bbox 379 3542 432 3607; x_wconf 89' lang='lat' dir='ltr'><em>vel</em></span> <span class='ocrx_word' id='word_1_219' title='bbox 448 3543 627 3629; x_wconf 84' lang='lat' dir='ltr'><em>delegatam</em></span> <span class='ocrx_word' id='word_1_220' title='bbox 643 3543 773 3606; x_wconf 90' lang='lat' dir='ltr'><em>nomine</em></span> <span class='ocrx_word' id='word_1_221' title='bbox 786 3541 895 3627; x_wconf 91' lang='lat' dir='ltr'><em>Papae</em></span> <span class='ocrx_word' id='word_1_222' title='bbox 911 3548 1070 3608; x_wconf 88' lang='lat' dir='ltr'><em>exercent</em></span> <span class='ocrx_word' id='word_1_223' title='bbox 1084 3541 1348 3610; x_wconf 86' lang='lat' dir='ltr'><em>iurisdictionem.</em></span> 
     </span>
     <span class='ocr_line' id='line_1_28' title="bbox 170 3665 1347 3751; baseline 0.001 -21"><span class='ocrx_word' id='word_1_224' title='bbox 170 3697 173 3702; x_wconf 95' lang='lat'>·</span> <span class='ocrx_word' id='word_1_225' title='bbox 302 3665 336 3750; x_wconf 89' lang='lat'><em>3)</em></span> <span class='ocrx_word' id='word_1_226' title='bbox 359 3665 579 3730; x_wconf 87' lang='lat' dir='ltr'><em>Attenduntur</em></span> <span class='ocrx_word' id='word_1_227' title='bbox 602 3665 830 3751; x_wconf 87' lang='lat' dir='ltr'><em>impedimenta</em></span> <span class='ocrx_word' id='word_1_228' title='bbox 853 3668 998 3750; x_wconf 89' lang='lat' dir='ltr'><em>opposita</em></span> <span class='ocrx_word' id='word_1_229' title='bbox 1020 3671 1168 3730; x_wconf 90' lang='lat' dir='ltr'><em>actorum</em></span> <span class='ocrx_word' id='word_1_230' title='bbox 1191 3665 1347 3749; x_wconf 86' lang='lat' dir='ltr'><em>publica-</em></span> 
     </span>
     <span class='ocr_line' id='line_1_29' title="bbox 168 3787 1345 3870; baseline 0 -18"><span class='ocrx_word' id='word_1_231' title='bbox 168 3787 253 3854; x_wconf 88' lang='lat' dir='ltr'><em>tioni</em></span> <span class='ocrx_word' id='word_1_232' title='bbox 275 3794 330 3854; x_wconf 90' lang='lat' dir='ltr'><em>aut</em></span> <span class='ocrx_word' id='word_1_233' title='bbox 352 3789 552 3870; x_wconf 82' lang='lat' dir='ltr'><em>caecutiant,</em></span> <span class='ocrx_word' id='word_1_234' title='bbox 576 3789 645 3854; x_wconf 84' lang='lat' dir='ltr'><em>sire</em></span> <span class='ocrx_word' id='word_1_235' title='bbox 669 3789 793 3855; x_wconf 89' lang='lat' dir='ltr'><em>directe</em></span> <span class='ocrx_word' id='word_1_236' title='bbox 817 3788 885 3854; x_wconf 84' lang='lat' dir='ltr'><em>sive</em></span> <span class='ocrx_word' id='word_1_237' title='bbox 912 3788 1070 3854; x_wconf 89' lang='lat' dir='ltr'><em>indirecte</em></span> <span class='ocrx_word' id='word_1_238' title='bbox 1097 3787 1302 3854; x_wconf 86' lang='lat' dir='ltr'><em>obiiciantur.</em></span> <span class='ocrx_word' id='word_1_239' title='bbox 1328 3823 1345 3836; x_wconf 93' lang='lat'><em>-</em></span> 
     </span>
     <span class='ocr_line' id='line_1_30' title="bbox 167 3915 1348 4001; baseline 0.001 -20"><span class='ocrx_word' id='word_1_240' title='bbox 167 3915 338 3982; x_wconf 81' lang='lat' dir='ltr'><em>indirecte</em></span> <span class='ocrx_word' id='word_1_241' title='bbox 360 3935 485 4000; x_wconf 90' lang='lat' dir='ltr'><em>nempe,</em></span> <span class='ocrx_word' id='word_1_242' title='bbox 502 3935 599 3999; x_wconf 90' lang='lat' dir='ltr'><em>quum</em></span> <span class='ocrx_word' id='word_1_243' title='bbox 623 3934 689 3980; x_wconf 92' lang='lat' dir='ltr'><em>non</em></span> <span class='ocrx_word' id='word_1_244' title='bbox 713 3916 782 4001; x_wconf 86' lang='lat' dir='ltr'><em>ipsi,</em></span> <span class='ocrx_word' id='word_1_245' title='bbox 799 3915 840 3982; x_wconf 88' lang='lat' dir='ltr'><em>ad</em></span> <span class='ocrx_word' id='word_1_246' title='bbox 857 3934 936 3998; x_wconf 89' lang='lat' dir='ltr'><em>quos</em></span> <span class='ocrx_word' id='word_1_247' title='bbox 952 3920 1077 3999; x_wconf 89' lang='lat' dir='ltr'><em>spectat</em></span> <span class='ocrx_word' id='word_1_248' title='bbox 1093 3917 1243 3980; x_wconf 80' lang='lat' dir='ltr'><em>executio</em></span> <span class='ocrx_word' id='word_1_249' title='bbox 1260 3920 1348 3982; x_wconf 90' lang='lat' dir='ltr'><em>acto-</em></span> 
     </span>
     <span class='ocr_line' id='line_1_31' title="bbox 167 4037 1348 4124; baseline 0 -20"><span class='ocrx_word' id='word_1_250' title='bbox 167 4059 257 4114; x_wconf 84' lang='lat' dir='ltr'><em>rum,</em></span> <span class='ocrx_word' id='word_1_251' title='bbox 282 4040 435 4104; x_wconf 72' lang='lat' dir='ltr'><em>uiolentia</em></span> <span class='ocrx_word' id='word_1_252' title='bbox 466 4037 653 4104; x_wconf 90' lang='lat' dir='ltr'><em>afficiuntur</em></span> <span class='ocrx_word' id='word_1_253' title='bbox 676 4038 732 4104; x_wconf 92' lang='lat' dir='ltr'><em>sed</em></span> <span class='ocrx_word' id='word_1_254' title='bbox 756 4039 840 4104; x_wconf 87' lang='lat' dir='ltr'><em>aliae</em></span> <span class='ocrx_word' id='word_1_255' title='bbox 871 4059 1029 4124; x_wconf 90' lang='lat' dir='ltr'><em>personae</em></span> <span class='ocrx_word' id='word_1_256' title='bbox 1061 4059 1198 4124; x_wconf 90' lang='lat' dir='ltr'><em>quarum</em></span> <span class='ocrx_word' id='word_1_257' title='bbox 1228 4041 1348 4104; x_wconf 89' lang='lat' dir='ltr'><em>iniuria</em></span> 
     </span>
     <span class='ocr_line' id='line_1_32' title="bbox 166 4164 1346 4250; baseline 0.002 -22"><span class='ocrx_word' id='word_1_258' title='bbox 166 4169 276 4229; x_wconf 89' lang='lat' dir='ltr'><em>tamen</em></span> <span class='ocrx_word' id='word_1_259' title='bbox 292 4164 450 4230; x_wconf 87' lang='lat' dir='ltr'><em>redundat</em></span> <span class='ocrx_word' id='word_1_260' title='bbox 466 4165 498 4228; x_wconf 90' lang='lat' dir='ltr'><em>in</em></span> <span class='ocrx_word' id='word_1_261' title='bbox 513 4169 624 4250; x_wconf 90' lang='lat' dir='ltr'><em>partes</em></span> <span class='ocrx_word' id='word_1_262' title='bbox 639 4164 846 4250; x_wconf 69' lang='lat' dir='ltr'><em>principales</em></span> <span class='ocrx_word' id='word_1_263' title='bbox 859 4167 967 4250; x_wconf 90' lang='lat' dir='ltr'><em>prouti</em></span> <span class='ocrx_word' id='word_1_264' title='bbox 983 4166 1126 4249; x_wconf 88' lang='lat' dir='ltr'><em>explicat</em></span> <span class='ocrx_word' id='word_1_265' title='bbox 1141 4167 1208 4250; x_wconf 87' lang='lat' dir='ltr'><em>ipse</em></span> <span class='ocrx_word' id='word_1_266' title='bbox 1226 4171 1346 4244; x_wconf 88' lang='lat' dir='ltr'><em>textus,</em></span> 
     </span>
     <span class='ocr_line' id='line_1_33' title="bbox 165 4289 1348 4373; baseline 0.003 -20"><span class='ocrx_word' id='word_1_267' title='bbox 165 4289 256 4354; x_wconf 88' lang='lat' dir='ltr'><em>aiens</em></span> <span class='ocrx_word' id='word_1_268' title='bbox 277 4297 369 4356; x_wconf 87' lang='lat' dir='ltr'><em>«aat</em></span> <span class='ocrx_word' id='word_1_269' title='bbox 392 4309 512 4358; x_wconf 87' lang='lat' dir='ltr'><em>eoram</em></span> <span class='ocrx_word' id='word_1_270' title='bbox 528 4309 634 4356; x_wconf 88' lang='lat' dir='ltr'><em>caasa</em></span> <span class='ocrx_word' id='word_1_271' title='bbox 656 4291 725 4355; x_wconf 89' lang='lat' dir='ltr'><em>siue</em></span> <span class='ocrx_word' id='word_1_272' title='bbox 739 4289 834 4372; x_wconf 88' lang='lat' dir='ltr'><em>ipsas</em></span> <span class='ocrx_word' id='word_1_273' title='bbox 853 4295 973 4373; x_wconf 89' lang='lat' dir='ltr'><em>partes</em></span> <span class='ocrx_word' id='word_1_274' title='bbox 988 4289 1058 4355; x_wconf 87' lang='lat' dir='ltr'><em>siue</em></span> <span class='ocrx_word' id='word_1_275' title='bbox 1074 4290 1160 4356; x_wconf 88' lang='lat' dir='ltr'><em>ulios</em></span> <span class='ocrx_word' id='word_1_276' title='bbox 1175 4291 1348 4356; x_wconf 82' lang='lat' dir='ltr'><em>laedentes</em></span> 
     </span>
     <span class='ocr_line' id='line_1_34' title="bbox 166 4413 1345 4499; baseline 0.001 -20"><span class='ocrx_word' id='word_1_277' title='bbox 166 4416 218 4480; x_wconf 86' lang='lat' dir='ltr'><em>oet</em></span> <span class='ocrx_word' id='word_1_278' title='bbox 237 4415 557 4499; x_wconf 73' lang='lat' dir='ltr'><em>perterrefacientes</em></span> <span class='ocrx_word' id='word_1_279' title='bbox 572 4437 603 4478; x_wconf 85' lang='lat'><em>›.</em></span> <span class='ocrx_word' id='word_1_280' title='bbox 623 4413 745 4480; x_wconf 88' lang='lat' dir='ltr'><em>Partes</em></span> <span class='ocrx_word' id='word_1_281' title='bbox 768 4417 842 4478; x_wconf 88' lang='lat' dir='ltr'><em>sunt</em></span> <span class='ocrx_word' id='word_1_282' title='bbox 865 4414 887 4477; x_wconf 93' lang='lat' dir='ltr'><em>ii</em></span> <span class='ocrx_word' id='word_1_283' title='bbox 911 4433 1048 4497; x_wconf 89' lang='lat' dir='ltr'><em>quorum</em></span> <span class='ocrx_word' id='word_1_284' title='bbox 1068 4414 1201 4481; x_wconf 87' lang='lat' dir='ltr'><em>interest</em></span> <span class='ocrx_word' id='word_1_285' title='bbox 1218 4420 1253 4480; x_wconf 89' lang='lat' dir='ltr'><em>ut</em></span> <span class='ocrx_word' id='word_1_286' title='bbox 1271 4419 1345 4480; x_wconf 86' lang='lat' dir='ltr'><em>acta</em></span> 
     </span>
    </p>
   </div>
   <div class='ocr_carea' id='block_1_7' title="bbox 0 0 1650 5100">
    <p class='ocr_par' dir='ltr' id='par_1_9' title="bbox 0 0 1650 5100">
     <span class='ocr_line' id='line_1_35' title="bbox 0 0 1650 5100; baseline 0 4"><span class='ocrx_word' id='word_1_287' title='bbox 0 0 1650 5100; x_wconf 95' lang='lat' dir='ltr'><em> </em></span> 
     </span>
    </p>
   </div>
  </div>
 </body>
</html>
