3306 5102
294 256 361 323 326
817 274 902 320 rans
927 273 948 318 1.

382 400 457 466 229.
476 399 567 466 Haec
582 399 810 486 irregularitas
825 396 985 483 prohibet,
1001 402 1034 464 et
1049 401 1214 482 susceptos
1230 397 1360 462 ordines
1375 416 1475 462 exer·

293 543 370 590 cere
392 530 425 590 et
448 525 620 591 ulteriores
643 523 776 590 ordines
798 525 979 610 suscipere;
1002 523 1066 588 hoc
1089 523 1175 588 enim
1198 522 1265 588 lert
1288 527 1406 588 natura
1428 525 1476 586 ir·

293 641 514 736 regularitatis
536 650 697 737 propriae,
723 649 784 713 nisi
808 667 964 734 expresse
987 646 1188 714 contrarium
1211 651 1377 711 caveatur.

381 770 458 836 230.
484 772 535 836 Ex
558 767 593 836 3⁰
617 772 726 854 capite
749 771 889 836 incurrit
912 769 1202 856 irregularitatem:

397 889 401 898 '
427 894 459 981 l)
483 896 537 979 qui
560 895 705 961 celebrat
727 897 761 960 in
786 897 857 962 loco
882 895 1069 961 nominatim
1093 894 1280 970 interdicto,

426 1021 460 1106 2)
484 1021 623 1086 clericus
642 1021 872 1104 perseamltlcr
897 1019 1107 1094 interdictus;
1131 1039 1201 1104 arg.
1225 1039 1252 1085 o.
1278 1038 1305 1084 c.
1330 1018 1385 1093 18,
1409 1018 1476 1094 20,

291 1143 342 1210 De
363 1149 446 1210 seat.
470 1163 599 1211 ccccm.
624 1145 661 1210 ia
685 1143 708 1209 6
731 1142 796 1230 (V,
813 1142 878 1229 ll).

380 1266 662 1354 irregularitatem
685 1274 794 1334 autem
810 1287 875 1333 non
891 1268 1031 1332 incurrit
1057 1268 1090 1347 l)
1110 1268 1162 1352 qui
1179 1266 1304 1331 adsistit
1319 1267 1375 1331 alii
1390 1267 1476 1332 cele

291 1389 408 1464 branti,
440 1393 515 1476 quia
542 1393 605 1458 hoc
635 1412 700 1457 non
731 1397 865 1459 cavetur
896 1393 929 1456 in
958 1391 1474 1474 eap.18,§1‚nesezt.aa

290 1511 328 1577 ia
350 1511 374 1577 6
380 1531 395 1596 ;
418 1512 460 1577 cf.
485 1509 685 1578 D'Annlbale
709 1516 735 1586 l,
758 1513 819 1578 411
847 1519 916 1581 aot.
940 1513 1012 1595 26,-

424 1634 458 1717 2)
481 1635 557 1702 item
580 1634 720 1702 clericus
734 1631 942 1722 generaliter
957 1633 1149 1699 interdictus
1164 1633 1295 1698 ordines
1311 1653 1474 1698 exercens

290 1763 346 1825 aut
368 1760 507 1826 clericus
529 1780 595 1830 nan
618 1761 810 1828 interdictus
834 1759 889 1844 qui
911 1777 1008 1826 sacra
1030 1757 1232 1824 administrat
1253 1760 1404 1844 personis
1426 1760 1474 1823 in·

290 1885 436 1953 terdictis
459 1907 524 1952 non
547 1884 583 1952 flt
606 1887 808 1973 irregularis,
833 1888 940 1971 prouti
963 1887 1130 1952 docuimus
1154 1904 1252 1971 supra
1276 1905 1308 1949 n.
1336 1886 1410 1952 151.

424 2013 457 2097 3)
483 2013 600 2079 Clerici
625 2031 667 2077 ex
689 2011 753 2077 hoo
776 2013 882 2098 capite
913 2013 1114 2100 irregulares
1141 2017 1173 2075 et
1195 2031 1215 2074 a
1238 2012 1395 2096 susceptis
1418 2030 1473 2077 or·

290 2134 417 2204 dinibus
440 2135 659 2202 ministrandis
683 2141 717 2203 et
739 2157 759 2201 a
781 2136 1001 2222 superioribus
1020 2135 1229 2222 suscipiendis
1245 2135 1492 2221 prohibentur·

378 2261 457 2326 231.
482 2260 564 2335 Quia
587 2280 653 2326 non
677 2260 773 2326 facile
796 2266 847 2327 est
861 2262 1060 2348 distinguere
1080 2261 1357 2347 irregularitatem
1380 2280 1400 2325 a
1422 2282 1472 2326 su·

289 2384 529 2471 sponsionibus3
553 2385 592 2450 ab
615 2387 656 2450 iis
673 2386 936 2471 suspensionibus
951 2387 1144 2472 praesertim
1160 2386 1337 2452 contractis
1352 2386 1386 2449 in
1402 2386 1471 2470 ipsa

289 2509 438 2575 ordinum
461 2511 674 2595 susceptione,
691 2511 807 2576 mirum
824 2530 890 2575 non
913 2515 962 2576 est
984 2511 1094 2594 plures
1110 2510 1174 2575 DD.
1191 2507 1325 2574 finxisse
1341 2511 1471 2594 irregu-

287 2634 435 2700 laritates
458 2653 541 2719 quae
558 2654 676 2700 revera
690 2640 747 2700 aut
762 2635 923 2721 simplices
938 2655 1063 2721 poenae
1078 2640 1154 2700 sunt
1175 2641 1231 2699 aut
1249 2635 1469 2720 supensiones.

424 2757 455 2842 l)
479 2760 518 2824 In
541 2759 633 2824 titulo
658 2759 710 2832 13,
735 2759 785 2824 De
810 2760 979 2826 ordinatis
1001 2759 1045 2825 ab
1060 2759 1228 2841 Episcopo
1252 2758 1312 2842 qui
1335 2757 1471 2841 Eps'sco·

284 2884 386 2966 patui
407 2883 633 2966 renunciavit,
657 2883 712 2950 lib.
730 2885 757 2960 1,
776 2884 818 2958 X,
841 2883 996 2950 adversus
1019 2883 1156 2948 clericos
1180 2883 1282 2947 sacris
1304 2879 1470 2947 ordinibus

289 3005 430 3072 initiatos
444 3005 486 3071 ab
502 3007 661 3092 Episcopo
677 3009 732 3091 qui
747 3007 815 3074 sedi
831 3012 865 3072 et
880 3006 1028 3096 dignitati
1052 3007 1265 3079 renunciavit,
1283 3005 1471 3071 decernitur

171 3123 173 3126 ’
290 3150 354 3196 non
378 3131 613 3217 irregularitas,
630 3131 686 3197 sed
701 3132 881 3218 suspensio:
906 3151 971 3197 non
991 3151 1084 3197 secus
1107 3151 1146 3196 ac
1168 3151 1212 3195 ex
1231 3149 1306 3214 cap.
1324 3129 1360 3212 2,
1385 3129 1469 3196 eius-

289 3256 367 3322 dem
383 3255 428 3321 a‘t.
445 3255 486 3330 X,
511 3257 544 3320 in
568 3256 733 3323 ordinatos
755 3256 795 3322 ab
819 3257 978 3342 Episcopo
996 3239 1285 3336 excommunicato,
1302 3273 1467 3340 suspenso,

289 3381 457 3448 interdicto
481 3402 545 3446 non
570 3383 807 3468 irregularitas,
831 3382 886 3447 sed
911 3383 1077 3479 suspensio
1102 3383 1248 3466 irrogata
1271 3385 1331 3446 est.

422 3507 456 3592 2)
481 3509 548 3573 Nec
571 3527 635 3572 non
659 3509 692 3571 in
715 3508 807 3573 titulo
823 3507 877 3588 29,
900 3507 976 3572 libri
993 3508 1035 3582 V,
1053 3508 1104 3574 De
1123 3505 1251 3574 clerico
1266 3527 1330 3590 per
1345 3507 1467 3573 sallum

284 3639 453 3716 promoto,
478 3639 511 3698 et
533 3634 566 3696 in
589 3633 634 3698 30
650 3633 711 3697 Tit.
729 3632 828 3698 eiusd.
845 3632 930 3707 libri,
949 3633 998 3698 De
1020 3651 1059 3700 eo
1083 3631 1143 3716 qut
1163 3631 1293 3715 furtive
1312 3631 1467 3697 ordinem

286 3757 442 3840 suscepit,
460 3777 524 3822 non
548 3762 731 3823 statuuntur
748 3758 1006 3844 irregularitates
1026 3757 1082 3822 sed
1098 3759 1323 3842 suspensiones
1346 3758 1380 3820 in
1404 3755 1466 3822 cle

287 3881 375 3947 ricos
396 3881 460 3946 hac
482 3882 608 3947 ratione
628 3883 712 3948 male
729 3882 903 3948 ordinatos.
922 3882 1046 3947 Dicitur
1062 3901 1151 3952 vero,
1164 3901 1230 3965 per
1243 3882 1381 3961 saltum,
1397 3899 1466 3964 pro

287 4009 392 4069 motus
415 4003 554 4070 clericus
573 4006 627 4089 qui
649 4003 796 4070 ordinem
812 4005 1013 4090 superiorem
1029 4003 1170 4089 suscipit,
1189 4003 1346 4068 inferiore
1361 4001 1466 4066 adhuc

287 4145 352 4192 non
375 4133 532 4213 suscepto,
557 4145 641 4210 quae
672 4127 802 4195 collatio
831 4125 963 4200 ordinis,
990 4127 1135 4210 quamvis
1165 4125 1376 4211 suspensione
1398 4141 1466 4209 per

287 4251 387 4325 culae,
411 4257 461 4317 est
489 4251 605 4334 valida,
629 4253 656 4318 si
688 4252 831 4339 excipias
861 4251 1008 4318 ordinem
1034 4252 1245 4338 Episcopatus
1275 4269 1340 4314 non
1371 4266 1465 4334 prae·

287 4377 384 4442 misso
407 4376 650 4463 presbyteratu;
675 4377 790 4445 saltem
812 4377 1016 4443 consecratio
1040 4382 1089 4442 est
1110 4375 1214 4442 dubia.
1233 4375 1281 4441 Ol.
1299 4371 1462 4461 Gasparri,
