<?xml version="1.0" encoding="UTF-8"?>
<!DOCTYPE html PUBLIC "-//W3C//DTD XHTML 1.0 Transitional//EN"
    "http://www.w3.org/TR/xhtml1/DTD/xhtml1-transitional.dtd">
<html xmlns="http://www.w3.org/1999/xhtml" xml:lang="en" lang="en">
 <head>
  <title>
</title>
<meta http-equiv="Content-Type" content="text/html;charset=utf-8" />
  <meta name='ocr-system' content='tesseract 3.04.00' />
  <meta name='ocr-capabilities' content='ocr_page ocr_carea ocr_par ocr_line ocrx_word'/>
</head>
<body>
  <div class='ocr_page' id='page_1' title='image "./praelectionesin02legagoog_0500.png"; bbox 0 0 3290 5100; ppageno 0'>
   <div class='ocr_carea' id='block_1_1' title="bbox 543 287 978 337">
    <p class='ocr_par' dir='ltr' id='par_1_1' title="bbox 543 287 978 337">
     <span class='ocr_line' id='line_1_1' title="bbox 543 287 978 337; baseline 0 -1"><span class='ocrx_word' id='word_1_1' title='bbox 543 290 587 337; x_wconf 88' lang='lat' dir='ltr'>DE</span> <span class='ocrx_word' id='word_1_2' title='bbox 610 289 765 336; x_wconf 83' lang='lat' dir='ltr'>DELICTIS</span> <span class='ocrx_word' id='word_1_3' title='bbox 789 289 832 336; x_wconf 82' lang='grc' dir='ltr'>ΕΤ</span> <span class='ocrx_word' id='word_1_4' title='bbox 856 287 978 336; x_wconf 83' lang='lat' dir='ltr'>POENIS</span> 
     </span>
    </p>
   </div>
   <div class='ocr_carea' id='block_1_2' title="bbox 635 697 882 766">
    <p class='ocr_par' dir='ltr' id='par_1_2' title="bbox 635 697 882 766">
     <span class='ocr_line' id='line_1_2' title="bbox 635 697 882 766; baseline -0.012 -2"><span class='ocrx_word' id='word_1_5' title='bbox 635 697 816 766; x_wconf 86' lang='lat' dir='ltr'>TITULUS</span> <span class='ocrx_word' id='word_1_6' title='bbox 839 698 882 763; x_wconf 90' lang='lat' dir='ltr'>X.</span> 
     </span>
    </p>
   </div>
   <div class='ocr_carea' id='block_1_3' title="bbox 290 927 1237 1110">
    <p class='ocr_par' dir='ltr' id='par_1_3' title="bbox 290 927 1237 1110">
     <span class='ocr_line' id='line_1_3' title="bbox 290 927 1237 980; baseline -0.004 -2"><span class='ocrx_word' id='word_1_7' title='bbox 290 932 334 979; x_wconf 87' lang='lat' dir='ltr'>DE</span> <span class='ocrx_word' id='word_1_8' title='bbox 359 931 587 980; x_wconf 79' lang='lat' dir='ltr'>GRAVIORIBUS</span> <span class='ocrx_word' id='word_1_9' title='bbox 611 929 809 980; x_wconf 80' lang='lat' dir='ltr'>CRIMINIBUS</span> <span class='ocrx_word' id='word_1_10' title='bbox 833 931 869 977; x_wconf 85' lang='lat' dir='ltr'>IN</span> <span class='ocrx_word' id='word_1_11' title='bbox 893 929 1025 977; x_wconf 76' lang='lat' dir='ltr'>G&#39;IRISTI</span> <span class='ocrx_word' id='word_1_12' title='bbox 1050 927 1237 976; x_wconf 66' lang='lat' dir='ltr'>accessum</span> 
     </span>
     <span class='ocr_line' id='line_1_4' title="bbox 489 1054 1037 1110; baseline -0.009 -6"><span class='ocrx_word' id='word_1_13' title='bbox 489 1055 633 1110; x_wconf 83' lang='lat' dir='ltr'>EIUSQUE</span> <span class='ocrx_word' id='word_1_14' title='bbox 656 1055 849 1104; x_wconf 79' lang='lat' dir='ltr'>PRAELA&#39;I&#39;OS</span> <span class='ocrx_word' id='word_1_15' title='bbox 871 1054 1037 1102; x_wconf 77' lang='lat' dir='ltr'>unnssssls.</span> 
     </span>
    </p>
   </div>
   <div class='ocr_carea' id='block_1_4' title="bbox 168 1279 1352 1376">
    <p class='ocr_par' dir='ltr' id='par_1_4' title="bbox 168 1279 1352 1376">
     <span class='ocr_line' id='line_1_5' title="bbox 168 1279 1352 1376; baseline -0.003 -20"><span class='ocrx_word' id='word_1_16' title='bbox 168 1301 386 1359; x_wconf 83' lang='lat' dir='ltr'>SummarIum.</span> <span class='ocrx_word' id='word_1_17' title='bbox 399 1333 435 1345; x_wconf 94' lang='lat'>—</span> <span class='ocrx_word' id='word_1_18' title='bbox 447 1279 508 1358; x_wconf 60' lang='lat'>430.</span> <span class='ocrx_word' id='word_1_19' title='bbox 527 1305 633 1376; x_wconf 85' lang='lat' dir='ltr'>Corpus</span> <span class='ocrx_word' id='word_1_20' title='bbox 652 1303 794 1360; x_wconf 75' lang='lat' dir='ltr'><strong>Ecclesiae</strong></span> <span class='ocrx_word' id='word_1_21' title='bbox 813 1301 923 1358; x_wconf 84' lang='lat' dir='ltr'>visibile</span> <span class='ocrx_word' id='word_1_22' title='bbox 936 1317 984 1356; x_wconf 90' lang='lat' dir='ltr'>seu</span> <span class='ocrx_word' id='word_1_23' title='bbox 998 1301 1058 1356; x_wconf 89' lang='lat' dir='ltr'>eius</span> <span class='ocrx_word' id='word_1_24' title='bbox 1072 1301 1208 1354; x_wconf 82' lang='lat' dir='ltr'>unItatem</span> <span class='ocrx_word' id='word_1_25' title='bbox 1225 1298 1352 1353; x_wconf 88' lang='lat' dir='ltr'>lacerant</span> 
     </span>
    </p>
   </div>
   <div class='ocr_carea' id='block_1_5' title="bbox 259 1404 1353 2106">
    <p class='ocr_par' dir='ltr' id='par_1_5' title="bbox 259 1404 1353 2106">
     <span class='ocr_line' id='line_1_6' title="bbox 259 1404 1353 1481; baseline -0.005 -18"><span class='ocrx_word' id='word_1_26' title='bbox 259 1407 438 1464; x_wconf 79' lang='lat' dir='ltr'>schismatici.</span> <span class='ocrx_word' id='word_1_27' title='bbox 457 1439 491 1452; x_wconf 94' lang='lat'>-</span> <span class='ocrx_word' id='word_1_28' title='bbox 510 1409 571 1466; x_wconf 81' lang='grc'><strong>431.</strong></span> <span class='ocrx_word' id='word_1_29' title='bbox 591 1411 662 1466; x_wconf 89' lang='lat' dir='ltr'>Huic</span> <span class='ocrx_word' id='word_1_30' title='bbox 688 1411 797 1481; x_wconf 82' lang='lat' dir='ltr'>corpori</span> <span class='ocrx_word' id='word_1_31' title='bbox 822 1426 871 1464; x_wconf 93' lang='lat' dir='ltr'>seu</span> <span class='ocrx_word' id='word_1_32' title='bbox 890 1407 992 1463; x_wconf 89' lang='lat' dir='ltr'>unitati</span> <span class='ocrx_word' id='word_1_33' title='bbox 1015 1407 1091 1462; x_wconf 85' lang='lat' dir='ltr'>vires</span> <span class='ocrx_word' id='word_1_34' title='bbox 1110 1407 1220 1460; x_wconf 84' lang='lat' dir='ltr'>auferre</span> <span class='ocrx_word' id='word_1_35' title='bbox 1240 1404 1353 1460; x_wconf 87' lang='lat' dir='ltr'>student</span> 
     </span>
     <span class='ocr_line' id='line_1_7' title="bbox 259 1513 1352 1588; baseline -0.002 -18"><span class='ocrx_word' id='word_1_36' title='bbox 259 1517 308 1587; x_wconf 90' lang='lat' dir='ltr'>qui</span> <span class='ocrx_word' id='word_1_37' title='bbox 335 1517 453 1573; x_wconf 90' lang='lat' dir='ltr'>liberum</span> <span class='ocrx_word' id='word_1_38' title='bbox 482 1517 637 1588; x_wconf 90' lang='lat' dir='ltr'>impediunt</span> <span class='ocrx_word' id='word_1_39' title='bbox 663 1519 828 1576; x_wconf 74' lang='lat' dir='ltr'>exercitium</span> <span class='ocrx_word' id='word_1_40' title='bbox 853 1515 1053 1572; x_wconf 86' lang='lat' dir='ltr'>iurisdictionis</span> <span class='ocrx_word' id='word_1_41' title='bbox 1080 1513 1296 1570; x_wconf 89' lang='lat' dir='ltr'>ecclesiasticae.</span> <span class='ocrx_word' id='word_1_42' title='bbox 1317 1540 1352 1553; x_wconf 96' lang='lat'><em>-</em></span> 
     </span>
     <span class='ocr_line' id='line_1_8' title="bbox 260 1623 1350 1698; baseline -0.005 -19"><span class='ocrx_word' id='word_1_43' title='bbox 260 1625 322 1680; x_wconf 77' lang='lat'>432.</span> <span class='ocrx_word' id='word_1_44' title='bbox 342 1625 422 1681; x_wconf 87' lang='lat' dir='ltr'>Vires</span> <span class='ocrx_word' id='word_1_45' title='bbox 439 1641 549 1698; x_wconf 87' lang='lat' dir='ltr'>quoque</span> <span class='ocrx_word' id='word_1_46' title='bbox 567 1626 709 1682; x_wconf 72' lang='lat' dir='ltr'>Ecclesiae</span> <span class='ocrx_word' id='word_1_47' title='bbox 727 1625 860 1681; x_wconf 77' lang='lat' dir='ltr'>hebetare</span> <span class='ocrx_word' id='word_1_48' title='bbox 873 1623 1044 1680; x_wconf 85' lang='lat' dir='ltr'>contendunt</span> <span class='ocrx_word' id='word_1_49' title='bbox 1055 1623 1102 1693; x_wconf 90' lang='lat' dir='ltr'>qui</span> <span class='ocrx_word' id='word_1_50' title='bbox 1117 1624 1177 1677; x_wconf 88' lang='lat' dir='ltr'>aius</span> <span class='ocrx_word' id='word_1_51' title='bbox 1191 1623 1265 1676; x_wconf 88' lang='lat' dir='ltr'>bona</span> <span class='ocrx_word' id='word_1_52' title='bbox 1277 1625 1350 1676; x_wconf 88' lang='lat' dir='ltr'>tem-</span> 
     </span>
     <span class='ocr_line' id='line_1_9' title="bbox 261 1720 1351 1804; baseline -0.005 -19"><span class='ocrx_word' id='word_1_53' title='bbox 261 1731 369 1802; x_wconf 84' lang='lat' dir='ltr'>poralia</span> <span class='ocrx_word' id='word_1_54' title='bbox 388 1738 531 1802; x_wconf 88' lang='lat' dir='ltr'>usurpant.</span> <span class='ocrx_word' id='word_1_55' title='bbox 544 1762 577 1774; x_wconf 94' lang='lat'>—</span> <span class='ocrx_word' id='word_1_56' title='bbox 590 1732 651 1787; x_wconf 82' lang='lat'><strong>433.</strong></span> <span class='ocrx_word' id='word_1_57' title='bbox 665 1733 734 1789; x_wconf 83' lang='lat' dir='ltr'>Item</span> <span class='ocrx_word' id='word_1_58' title='bbox 747 1733 841 1804; x_wconf 80' lang='lat' dir='ltr'>gravis</span> <span class='ocrx_word' id='word_1_59' title='bbox 859 1731 984 1786; x_wconf 87' lang='lat' dir='ltr'>criminis</span> <span class='ocrx_word' id='word_1_60' title='bbox 1003 1731 1043 1784; x_wconf 91' lang='lat' dir='ltr'>rai</span> <span class='ocrx_word' id='word_1_61' title='bbox 1063 1733 1128 1783; x_wconf 87' lang='lat' dir='ltr'>suut</span> <span class='ocrx_word' id='word_1_62' title='bbox 1147 1729 1175 1782; x_wconf 90' lang='lat' dir='ltr'>in</span> <span class='ocrx_word' id='word_1_63' title='bbox 1195 1720 1351 1782; x_wconf 72' lang='lat' dir='ltr'>Ecclesium</span> 
     </span>
     <span class='ocr_line' id='line_1_10' title="bbox 260 1833 1353 1908; baseline -0.004 -18"><span class='ocrx_word' id='word_1_64' title='bbox 260 1838 308 1908; x_wconf 88' lang='lat' dir='ltr'>qui</span> <span class='ocrx_word' id='word_1_65' title='bbox 328 1840 452 1893; x_wconf 89' lang='lat' dir='ltr'>membra</span> <span class='ocrx_word' id='word_1_66' title='bbox 474 1837 557 1892; x_wconf 88' lang='lat' dir='ltr'>huius</span> <span class='ocrx_word' id='word_1_67' title='bbox 575 1839 699 1908; x_wconf 84' lang='lat' dir='ltr'>corporis</span> <span class='ocrx_word' id='word_1_68' title='bbox 717 1838 887 1904; x_wconf 88' lang='lat' dir='ltr'>verberibus,</span> <span class='ocrx_word' id='word_1_69' title='bbox 906 1841 956 1891; x_wconf 88' lang='lat' dir='ltr'>aut</span> <span class='ocrx_word' id='word_1_70' title='bbox 976 1839 1067 1890; x_wconf 89' lang='lat' dir='ltr'>morte</span> <span class='ocrx_word' id='word_1_71' title='bbox 1090 1833 1224 1900; x_wconf 83' lang='lat' dir='ltr'>afficiunt,</span> <span class='ocrx_word' id='word_1_72' title='bbox 1243 1833 1353 1887; x_wconf 88' lang='lat' dir='ltr'>scilicet</span> 
     </span>
     <span class='ocr_line' id='line_1_11' title="bbox 261 1939 1347 2015; baseline -0.001 -19"><span class='ocrx_word' id='word_1_73' title='bbox 261 1943 308 2015; x_wconf 91' lang='lat' dir='ltr'>qui</span> <span class='ocrx_word' id='word_1_74' title='bbox 328 1945 477 2000; x_wconf 84' lang='lat' dir='ltr'>Antistites</span> <span class='ocrx_word' id='word_1_75' title='bbox 494 1960 635 1999; x_wconf 88' lang='lat' dir='ltr'>sacrorum</span> <span class='ocrx_word' id='word_1_76' title='bbox 655 1942 700 1998; x_wconf 90' lang='lat' dir='ltr'>vel</span> <span class='ocrx_word' id='word_1_77' title='bbox 718 1943 749 1998; x_wconf 85' lang='lat' dir='ltr'>in</span> <span class='ocrx_word' id='word_1_78' title='bbox 766 1959 905 1998; x_wconf 81' lang='lat' dir='ltr'>carcerem</span> <span class='ocrx_word' id='word_1_79' title='bbox 924 1941 1083 2008; x_wconf 86' lang='lat' dir='ltr'>detrudunt,</span> <span class='ocrx_word' id='word_1_80' title='bbox 1100 1941 1144 1995; x_wconf 88' lang='lat' dir='ltr'>vel</span> <span class='ocrx_word' id='word_1_81' title='bbox 1163 1940 1245 1995; x_wconf 89' lang='lat' dir='ltr'>aliter</span> <span class='ocrx_word' id='word_1_82' title='bbox 1261 1939 1347 1995; x_wconf 81' lang='lat' dir='ltr'>offen·</span> 
     </span>
     <span class='ocr_line' id='line_1_12' title="bbox 261 2048 526 2106; baseline 0.004 -4"><span class='ocrx_word' id='word_1_83' title='bbox 261 2048 332 2104; x_wconf 90' lang='lat' dir='ltr'>dunt</span> <span class='ocrx_word' id='word_1_84' title='bbox 350 2054 399 2104; x_wconf 85' lang='lat' dir='ltr'>aut</span> <span class='ocrx_word' id='word_1_85' title='bbox 417 2056 526 2106; x_wconf 86' lang='lat' dir='ltr'>uacant.</span> 
     </span>
    </p>
   </div>
   <div class='ocr_carea' id='block_1_6' title="bbox 169 2281 1355 4484">
    <p class='ocr_par' dir='ltr' id='par_1_6' title="bbox 169 2281 1353 3718">
     <span class='ocr_line' id='line_1_13' title="bbox 262 2281 1345 2370; baseline -0.002 -23"><span class='ocrx_word' id='word_1_86' title='bbox 262 2283 336 2348; x_wconf 88' lang='grc'><strong>430.</strong></span> <span class='ocrx_word' id='word_1_87' title='bbox 353 2283 520 2350; x_wconf 80' lang='lat' dir='ltr'>Ecclesiae</span> <span class='ocrx_word' id='word_1_88' title='bbox 532 2303 648 2370; x_wconf 89' lang='lat' dir='ltr'>corpus</span> <span class='ocrx_word' id='word_1_89' title='bbox 664 2284 789 2350; x_wconf 87' lang='lat' dir='ltr'>visibile</span> <span class='ocrx_word' id='word_1_90' title='bbox 804 2283 957 2349; x_wconf 84' lang='lat' dir='ltr'>coalescit</span> <span class='ocrx_word' id='word_1_91' title='bbox 971 2301 1015 2347; x_wconf 84' lang='lat' dir='ltr'>ex</span> <span class='ocrx_word' id='word_1_92' title='bbox 1030 2281 1175 2367; x_wconf 89' lang='lat' dir='ltr'>pluribus</span> <span class='ocrx_word' id='word_1_93' title='bbox 1191 2281 1345 2346; x_wconf 76' lang='lat' dir='ltr'>membris</span> 
     </span>
     <span class='ocr_line' id='line_1_14' title="bbox 169 2403 1345 2491; baseline -0.001 -23"><span class='ocrx_word' id='word_1_94' title='bbox 169 2424 256 2489; x_wconf 86' lang='lat' dir='ltr'>quae</span> <span class='ocrx_word' id='word_1_95' title='bbox 272 2405 306 2468; x_wconf 93' lang='lat' dir='ltr'>in</span> <span class='ocrx_word' id='word_1_96' title='bbox 322 2407 475 2470; x_wconf 84' lang='lat' dir='ltr'>unitatem</span> <span class='ocrx_word' id='word_1_97' title='bbox 498 2410 733 2491; x_wconf 90' lang='lat' dir='ltr'>componuntur</span> <span class='ocrx_word' id='word_1_98' title='bbox 755 2425 815 2491; x_wconf 89' lang='lat' dir='ltr'>per</span> <span class='ocrx_word' id='word_1_99' title='bbox 837 2409 1027 2491; x_wconf 89' lang='lat' dir='ltr'>potestatem</span> <span class='ocrx_word' id='word_1_100' title='bbox 1051 2423 1145 2488; x_wconf 87' lang='lat' dir='ltr'>quam</span> <span class='ocrx_word' id='word_1_101' title='bbox 1162 2403 1345 2476; x_wconf 86' lang='lat' dir='ltr'>Antistites,</span> 
     </span>
     <span class='ocr_line' id='line_1_15' title="bbox 171 2527 1350 2612; baseline 0 -22"><span class='ocrx_word' id='word_1_102' title='bbox 171 2527 205 2590; x_wconf 91' lang='lat' dir='ltr'>in</span> <span class='ocrx_word' id='word_1_103' title='bbox 221 2534 329 2593; x_wconf 88' lang='lat' dir='ltr'>certos</span> <span class='ocrx_word' id='word_1_104' title='bbox 345 2527 465 2612; x_wconf 86' lang='lat' dir='ltr'>gradus</span> <span class='ocrx_word' id='word_1_105' title='bbox 480 2528 703 2596; x_wconf 88' lang='lat' dir='ltr'>hierarchicos</span> <span class='ocrx_word' id='word_1_106' title='bbox 719 2527 890 2611; x_wconf 83' lang='lat' dir='ltr'>distributi,</span> <span class='ocrx_word' id='word_1_107' title='bbox 907 2533 1065 2594; x_wconf 83' lang='lat' dir='ltr'>exercent</span> <span class='ocrx_word' id='word_1_108' title='bbox 1083 2530 1114 2592; x_wconf 92' lang='lat' dir='ltr'>in</span> <span class='ocrx_word' id='word_1_109' title='bbox 1132 2545 1350 2612; x_wconf 90' lang='lat' dir='ltr'>quoscumque</span> 
     </span>
     <span class='ocr_line' id='line_1_16' title="bbox 171 2649 1351 2740; baseline -0.001 -25"><span class='ocrx_word' id='word_1_110' title='bbox 171 2649 293 2732; x_wconf 84' lang='lat' dir='ltr'>fideles,</span> <span class='ocrx_word' id='word_1_111' title='bbox 310 2671 385 2718; x_wconf 86' lang='lat' dir='ltr'>suos</span> <span class='ocrx_word' id='word_1_112' title='bbox 399 2652 550 2736; x_wconf 83' lang='lat' dir='ltr'>subditos,</span> <span class='ocrx_word' id='word_1_113' title='bbox 567 2673 661 2737; x_wconf 86' lang='lat' dir='ltr'>quarn</span> <span class='ocrx_word' id='word_1_114' title='bbox 677 2657 876 2740; x_wconf 87' lang='lat' dir='ltr'>potestatem,</span> <span class='ocrx_word' id='word_1_115' title='bbox 893 2655 1044 2726; x_wconf 89' lang='lat' dir='ltr'>vicissim,</span> <span class='ocrx_word' id='word_1_116' title='bbox 1064 2653 1231 2718; x_wconf 78' lang='lat' dir='ltr'>Antistites</span> <span class='ocrx_word' id='word_1_117' title='bbox 1246 2650 1351 2716; x_wconf 86' lang='lat' dir='ltr'>adrni-</span> 
     </span>
     <span class='ocr_line' id='line_1_17' title="bbox 173 2775 1351 2862; baseline -0.002 -23"><span class='ocrx_word' id='word_1_118' title='bbox 173 2776 313 2840; x_wconf 90' lang='lat' dir='ltr'>nistrant</span> <span class='ocrx_word' id='word_1_119' title='bbox 327 2777 545 2842; x_wconf 85' lang='lat' dir='ltr'>necessarIam</span> <span class='ocrx_word' id='word_1_120' title='bbox 565 2776 775 2842; x_wconf 86' lang='lat' dir='ltr'>observantes</span> <span class='ocrx_word' id='word_1_121' title='bbox 794 2776 1039 2862; x_wconf 82' lang='lat' dir='ltr'>dependentium</span> <span class='ocrx_word' id='word_1_122' title='bbox 1056 2797 1075 2840; x_wconf 90' lang='lat' dir='ltr'>a</span> <span class='ocrx_word' id='word_1_123' title='bbox 1091 2775 1220 2841; x_wconf 85' lang='lat' dir='ltr'>Summo</span> <span class='ocrx_word' id='word_1_124' title='bbox 1240 2775 1351 2838; x_wconf 90' lang='lat' dir='ltr'>Ponti-</span> 
     </span>
     <span class='ocr_line' id='line_1_18' title="bbox 173 2897 1350 2988; baseline -0.001 -23"><span class='ocrx_word' id='word_1_125' title='bbox 173 2897 243 2976; x_wconf 89' lang='lat' dir='ltr'>flce,</span> <span class='ocrx_word' id='word_1_126' title='bbox 258 2901 425 2966; x_wconf 84' lang='lat' dir='ltr'>Ecclesiae</span> <span class='ocrx_word' id='word_1_127' title='bbox 436 2903 541 2988; x_wconf 91' lang='lat' dir='ltr'>capite</span> <span class='ocrx_word' id='word_1_128' title='bbox 552 2901 679 2974; x_wconf 90' lang='lat' dir='ltr'>visibili,</span> <span class='ocrx_word' id='word_1_129' title='bbox 689 2909 721 2967; x_wconf 90' lang='lat' dir='ltr'>et</span> <span class='ocrx_word' id='word_1_130' title='bbox 732 2903 861 2967; x_wconf 87' lang='lat' dir='ltr'>unitatis</span> <span class='ocrx_word' id='word_1_131' title='bbox 874 2907 998 2968; x_wconf 90' lang='lat' dir='ltr'>centro.</span> <span class='ocrx_word' id='word_1_132' title='bbox 1012 2901 1167 2974; x_wconf 86' lang='lat' dir='ltr'>Christus,</span> <span class='ocrx_word' id='word_1_133' title='bbox 1178 2899 1350 2965; x_wconf 89' lang='lat' dir='ltr'>Ecclesiae</span> 
     </span>
     <span class='ocr_line' id='line_1_19' title="bbox 172 3027 1351 3114; baseline 0 -24"><span class='ocrx_word' id='word_1_134' title='bbox 172 3027 345 3108; x_wconf 79' lang='lat' dir='ltr'>insIItutor,</span> <span class='ocrx_word' id='word_1_135' title='bbox 369 3029 437 3113; x_wconf 91' lang='lat' dir='ltr'>ipse</span> <span class='ocrx_word' id='word_1_136' title='bbox 463 3030 568 3114; x_wconf 88' lang='lat' dir='ltr'>posuit</span> <span class='ocrx_word' id='word_1_137' title='bbox 590 3029 686 3095; x_wconf 90' lang='lat' dir='ltr'>huius</span> <span class='ocrx_word' id='word_1_138' title='bbox 713 3029 843 3104; x_wconf 86' lang='lat' dir='ltr'>unitatis</span> <span class='ocrx_word' id='word_1_139' title='bbox 871 3028 1125 3100; x_wconf 86' lang='lat' dir='ltr'>fundamentum,</span> <span class='ocrx_word' id='word_1_140' title='bbox 1153 3027 1351 3092; x_wconf 88' lang='lat' dir='ltr'>constituens</span> 
     </span>
     <span class='ocr_line' id='line_1_20' title="bbox 173 3149 1352 3239; baseline -0.001 -22"><span class='ocrx_word' id='word_1_141' title='bbox 173 3151 338 3217; x_wconf 88' lang='lat' dir='ltr'>Summum</span> <span class='ocrx_word' id='word_1_142' title='bbox 364 3149 552 3218; x_wconf 74' lang='lat' dir='ltr'>PontiIcem</span> <span class='ocrx_word' id='word_1_143' title='bbox 576 3157 609 3218; x_wconf 92' lang='lat' dir='ltr'>et</span> <span class='ocrx_word' id='word_1_144' title='bbox 631 3154 807 3239; x_wconf 88' lang='lat' dir='ltr'>Episcopes</span> <span class='ocrx_word' id='word_1_145' title='bbox 830 3155 885 3237; x_wconf 93' lang='lat' dir='ltr'>qui</span> <span class='ocrx_word' id='word_1_146' title='bbox 911 3153 1092 3220; x_wconf 87' lang='lat' dir='ltr'>Ecclesiam</span> <span class='ocrx_word' id='word_1_147' title='bbox 1116 3173 1206 3218; x_wconf 90' lang='lat' dir='ltr'>suam</span> <span class='ocrx_word' id='word_1_148' title='bbox 1231 3151 1352 3238; x_wconf 86' lang='lat' dir='ltr'>guber-</span> 
     </span>
     <span class='ocr_line' id='line_1_21' title="bbox 173 3277 1351 3364; baseline 0 -24"><span class='ocrx_word' id='word_1_149' title='bbox 173 3282 308 3352; x_wconf 90' lang='lat' dir='ltr'>nareut;</span> <span class='ocrx_word' id='word_1_150' title='bbox 332 3281 504 3363; x_wconf 89' lang='lat' dir='ltr'>praeterea</span> <span class='ocrx_word' id='word_1_151' title='bbox 533 3277 614 3343; x_wconf 88' lang='lat' dir='ltr'>alios</span> <span class='ocrx_word' id='word_1_152' title='bbox 637 3277 757 3364; x_wconf 88' lang='lat' dir='ltr'>gradus</span> <span class='ocrx_word' id='word_1_153' title='bbox 785 3277 1013 3344; x_wconf 89' lang='lat' dir='ltr'>iurisdictionis</span> <span class='ocrx_word' id='word_1_154' title='bbox 1038 3278 1170 3363; x_wconf 88' lang='lat' dir='ltr'>reliquit</span> <span class='ocrx_word' id='word_1_155' title='bbox 1199 3277 1351 3343; x_wconf 88' lang='lat' dir='ltr'>determi-</span> 
     </span>
     <span class='ocr_line' id='line_1_22' title="bbox 174 3399 1352 3488; baseline 0.001 -23"><span class='ocrx_word' id='word_1_156' title='bbox 174 3400 298 3466; x_wconf 88' lang='lat' dir='ltr'>nandos</span> <span class='ocrx_word' id='word_1_157' title='bbox 317 3423 489 3488; x_wconf 89' lang='lat' dir='ltr'>supremae</span> <span class='ocrx_word' id='word_1_158' title='bbox 503 3399 670 3468; x_wconf 87' lang='lat' dir='ltr'>Pontificis</span> <span class='ocrx_word' id='word_1_159' title='bbox 686 3403 845 3488; x_wconf 86' lang='lat' dir='ltr'>potestati.</span> <span class='ocrx_word' id='word_1_160' title='bbox 863 3404 995 3487; x_wconf 87' lang='lat' dir='ltr'>-Atqui</span> <span class='ocrx_word' id='word_1_161' title='bbox 1019 3403 1104 3468; x_wconf 89' lang='lat' dir='ltr'>hanc</span> <span class='ocrx_word' id='word_1_162' title='bbox 1128 3401 1352 3468; x_wconf 88' lang='lat' dir='ltr'>admirabilem</span> 
     </span>
     <span class='ocr_line' id='line_1_23' title="bbox 174 3529 1353 3615; baseline -0.001 -22"><span class='ocrx_word' id='word_1_163' title='bbox 174 3529 328 3594; x_wconf 88' lang='lat' dir='ltr'>unitatem</span> <span class='ocrx_word' id='word_1_164' title='bbox 353 3549 504 3615; x_wconf 84' lang='lat' dir='ltr'>rumpere</span> <span class='ocrx_word' id='word_1_165' title='bbox 532 3529 733 3596; x_wconf 89' lang='lat' dir='ltr'>contendunt</span> <span class='ocrx_word' id='word_1_166' title='bbox 757 3534 798 3603; x_wconf 83' lang='lat' dir='ltr'>et,</span> <span class='ocrx_word' id='word_1_167' title='bbox 823 3535 975 3613; x_wconf 90' lang='lat' dir='ltr'>quantum</span> <span class='ocrx_word' id='word_1_168' title='bbox 1000 3531 1033 3594; x_wconf 91' lang='lat' dir='ltr'>in</span> <span class='ocrx_word' id='word_1_169' title='bbox 1056 3549 1090 3594; x_wconf 88' lang='lat' dir='ltr'>se</span> <span class='ocrx_word' id='word_1_170' title='bbox 1115 3533 1173 3610; x_wconf 88' lang='lat' dir='ltr'>est,</span> <span class='ocrx_word' id='word_1_171' title='bbox 1199 3533 1353 3614; x_wconf 87' lang='lat' dir='ltr'>rumpunt</span> 
     </span>
     <span class='ocr_line' id='line_1_24' title="bbox 170 3651 387 3718; baseline 0 -1"><span class='ocrx_word' id='word_1_172' title='bbox 170 3651 387 3718; x_wconf 78' lang='lat' dir='ltr'>schismatici.</span> 
     </span>
    </p>

    <p class='ocr_par' dir='ltr' id='par_1_7' title="bbox 171 3775 1355 4484">
     <span class='ocr_line' id='line_1_25' title="bbox 264 3775 1355 3863; baseline 0.004 -24"><span class='ocrx_word' id='word_1_173' title='bbox 264 3775 338 3840; x_wconf 89' lang='grc'><strong>431.</strong></span> <span class='ocrx_word' id='word_1_174' title='bbox 365 3777 516 3842; x_wconf 83' lang='lat' dir='ltr'>Nonnulli</span> <span class='ocrx_word' id='word_1_175' title='bbox 533 3778 654 3843; x_wconf 88' lang='lat' dir='ltr'>verosi</span> <span class='ocrx_word' id='word_1_176' title='bbox 671 3798 735 3843; x_wconf 92' lang='lat' dir='ltr'>non</span> <span class='ocrx_word' id='word_1_177' title='bbox 759 3798 799 3843; x_wconf 94' lang='lat' dir='ltr'>eo</span> <span class='ocrx_word' id='word_1_178' title='bbox 819 3777 993 3843; x_wconf 91' lang='lat' dir='ltr'>deveniunt</span> <span class='ocrx_word' id='word_1_179' title='bbox 1009 3777 1162 3843; x_wconf 86' lang='lat' dir='ltr'>audaciae</span> <span class='ocrx_word' id='word_1_180' title='bbox 1178 3785 1214 3842; x_wconf 91' lang='lat' dir='ltr'>ut</span> <span class='ocrx_word' id='word_1_181' title='bbox 1237 3797 1355 3863; x_wconf 90' lang='lat' dir='ltr'>corpus</span> 
     </span>
     <span class='ocr_line' id='line_1_26' title="bbox 175 3898 1354 3986; baseline 0 -22"><span class='ocrx_word' id='word_1_182' title='bbox 175 3898 343 3966; x_wconf 88' lang='lat' dir='ltr'>Ecclesiae</span> <span class='ocrx_word' id='word_1_183' title='bbox 365 3900 545 3968; x_wconf 89' lang='lat' dir='ltr'>dilacerent</span> <span class='ocrx_word' id='word_1_184' title='bbox 562 3921 630 3986; x_wconf 81' lang='lat' dir='ltr'>per</span> <span class='ocrx_word' id='word_1_185' title='bbox 651 3902 808 3978; x_wconf 81' lang='lat' dir='ltr'>schisma,</span> <span class='ocrx_word' id='word_1_186' title='bbox 832 3907 941 3968; x_wconf 90' lang='lat' dir='ltr'>tamen</span> <span class='ocrx_word' id='word_1_187' title='bbox 959 3900 1102 3968; x_wconf 89' lang='lat' dir='ltr'>efficiunt</span> <span class='ocrx_word' id='word_1_188' title='bbox 1126 3909 1160 3968; x_wconf 92' lang='lat' dir='ltr'>ut</span> <span class='ocrx_word' id='word_1_189' title='bbox 1182 3903 1244 3968; x_wconf 92' lang='lat' dir='ltr'>ista</span> <span class='ocrx_word' id='word_1_190' title='bbox 1263 3922 1354 3967; x_wconf 91' lang='lat' dir='ltr'>suam</span> 
     </span>
     <span class='ocr_line' id='line_1_27' title="bbox 171 4023 1355 4112; baseline 0.006 -28"><span class='ocrx_word' id='word_1_191' title='bbox 171 4023 383 4096; x_wconf 83' lang='lat' dir='ltr'>activitatem</span> <span class='ocrx_word' id='word_1_192' title='bbox 408 4043 466 4089; x_wconf 89' lang='lat' dir='ltr'>sua</span> <span class='ocrx_word' id='word_1_193' title='bbox 488 4026 561 4090; x_wconf 89' lang='lat' dir='ltr'>iura</span> <span class='ocrx_word' id='word_1_194' title='bbox 581 4025 685 4090; x_wconf 90' lang='lat' dir='ltr'>libere</span> <span class='ocrx_word' id='word_1_195' title='bbox 708 4025 875 4111; x_wconf 87' lang='lat' dir='ltr'>explicare</span> <span class='ocrx_word' id='word_1_196' title='bbox 891 4045 956 4089; x_wconf 90' lang='lat' dir='ltr'>non</span> <span class='ocrx_word' id='word_1_197' title='bbox 973 4027 1082 4112; x_wconf 90' lang='lat' dir='ltr'>possit.</span> <span class='ocrx_word' id='word_1_198' title='bbox 1101 4025 1172 4090; x_wconf 90' lang='lat' dir='ltr'>Hoc</span> <span class='ocrx_word' id='word_1_199' title='bbox 1187 4029 1355 4110; x_wconf 87' lang='lat' dir='ltr'>praestant</span> 
     </span>
     <span class='ocr_line' id='line_1_28' title="bbox 174 4143 1355 4232; baseline 0.003 -24"><span class='ocrx_word' id='word_1_200' title='bbox 174 4143 384 4230; x_wconf 87' lang='lat' dir='ltr'>impedientes</span> <span class='ocrx_word' id='word_1_201' title='bbox 403 4147 594 4212; x_wconf 84' lang='lat' dir='ltr'>exercitium</span> <span class='ocrx_word' id='word_1_202' title='bbox 613 4149 815 4213; x_wconf 82' lang='lat' dir='ltr'>auctoritatis</span> <span class='ocrx_word' id='word_1_203' title='bbox 831 4147 862 4214; x_wconf 91' lang='lat' dir='ltr'>S.</span> <span class='ocrx_word' id='word_1_204' title='bbox 880 4146 970 4214; x_wconf 88' lang='lat' dir='ltr'>Sedis</span> <span class='ocrx_word' id='word_1_205' title='bbox 987 4168 1081 4232; x_wconf 91' lang='lat' dir='ltr'>quam</span> <span class='ocrx_word' id='word_1_206' title='bbox 1097 4147 1181 4214; x_wconf 86' lang='lat' dir='ltr'>haec</span> <span class='ocrx_word' id='word_1_207' title='bbox 1197 4149 1231 4213; x_wconf 91' lang='lat' dir='ltr'>in</span> <span class='ocrx_word' id='word_1_208' title='bbox 1247 4149 1355 4214; x_wconf 89' lang='lat' dir='ltr'>omnia</span> 
     </span>
     <span class='ocr_line' id='line_1_29' title="bbox 173 4269 1352 4359; baseline 0.003 -25"><span class='ocrx_word' id='word_1_209' title='bbox 173 4289 279 4355; x_wconf 84' lang='lat' dir='ltr'>regna</span> <span class='ocrx_word' id='word_1_210' title='bbox 301 4271 469 4356; x_wconf 83' lang='lat' dir='ltr'>experItur</span> <span class='ocrx_word' id='word_1_211' title='bbox 492 4292 552 4357; x_wconf 92' lang='lat' dir='ltr'>per</span> <span class='ocrx_word' id='word_1_212' title='bbox 567 4271 718 4347; x_wconf 89' lang='lat' dir='ltr'>Litteras,</span> <span class='ocrx_word' id='word_1_213' title='bbox 736 4293 796 4358; x_wconf 90' lang='lat' dir='ltr'>per</span> <span class='ocrx_word' id='word_1_214' title='bbox 811 4273 958 4347; x_wconf 84' lang='lat' dir='ltr'>Decreta,</span> <span class='ocrx_word' id='word_1_215' title='bbox 976 4293 1036 4359; x_wconf 86' lang='lat' dir='ltr'>per</span> <span class='ocrx_word' id='word_1_216' title='bbox 1051 4271 1136 4338; x_wconf 75' lang='lat' dir='ltr'>Aera</span> <span class='ocrx_word' id='word_1_217' title='bbox 1154 4271 1187 4338; x_wconf 89' lang='lat' dir='ltr'>S.</span> <span class='ocrx_word' id='word_1_218' title='bbox 1207 4269 1242 4338; x_wconf 87' lang='lat' dir='ltr'>S.</span> <span class='ocrx_word' id='word_1_219' title='bbox 1263 4270 1295 4339; x_wconf 79' lang='lat'>0.</span> <span class='ocrx_word' id='word_1_220' title='bbox 1316 4273 1352 4340; x_wconf 89' lang='lat' dir='ltr'>C.</span> 
     </span>
     <span class='ocr_line' id='line_1_30' title="bbox 175 4393 1351 4484; baseline 0.007 -26"><span class='ocrx_word' id='word_1_221' title='bbox 175 4393 407 4479; x_wconf 89' lang='lat' dir='ltr'>Romanarum,</span> <span class='ocrx_word' id='word_1_222' title='bbox 424 4416 506 4481; x_wconf 92' lang='lat' dir='ltr'>quae</span> <span class='ocrx_word' id='word_1_223' title='bbox 530 4398 589 4484; x_wconf 91' lang='lat' dir='ltr'>ipsi</span> <span class='ocrx_word' id='word_1_224' title='bbox 612 4398 752 4464; x_wconf 86' lang='lat' dir='ltr'>obnoxia</span> <span class='ocrx_word' id='word_1_225' title='bbox 773 4397 897 4465; x_wconf 83' lang='lat' dir='ltr'>faciunt</span> <span class='ocrx_word' id='word_1_226' title='bbox 919 4400 971 4464; x_wconf 82' lang='lat' dir='ltr'>vel</span> <span class='ocrx_word' id='word_1_227' title='bbox 996 4395 1169 4467; x_wconf 88' lang='lat' dir='ltr'>violentiae</span> <span class='ocrx_word' id='word_1_228' title='bbox 1185 4399 1239 4464; x_wconf 92' lang='lat' dir='ltr'>vel</span> <span class='ocrx_word' id='word_1_229' title='bbox 1262 4404 1351 4484; x_wconf 88' lang='lat' dir='ltr'>pote·</span> 
     </span>
    </p>
   </div>
   <div class='ocr_carea' id='block_1_7' title="bbox 0 0 1665 5100">
    <p class='ocr_par' dir='ltr' id='par_1_8' title="bbox 0 0 1665 5100">
     <span class='ocr_line' id='line_1_31' title="bbox 0 0 1665 5100; baseline 0 0"><span class='ocrx_word' id='word_1_230' title='bbox 0 0 1665 5100; x_wconf 95' lang='lat' dir='ltr'> </span> 
     </span>
    </p>
   </div>
  </div>
 </body>
</html>
