3108 5100
419 303 463 347 ne
488 299 642 346 nnrncrrs
667 299 709 344 nr
734 299 852 344 rosurs
1159 277 1225 342 255

142 427 211 490 174.
237 426 381 489 Privatio
412 423 574 488 fructuum
605 420 887 507 percipiendorum
913 440 954 484 ex
979 417 1144 484 benefieiis
1172 419 1223 484 vel

62 553 250 640 pensionibus
267 552 494 618 ecclesiasticis
510 550 697 616 decernitur
714 569 839 633 quoque
863 551 895 612 in
916 567 1061 632 poenam.
1080 549 1130 611 lta
1145 545 1225 613 Con·

44 681 154 744 'ciliurn
178 678 267 744 Trid.
295 677 333 742 in
362 675 448 742 Sos-s.
474 676 512 748 6,
537 696 564 742 o.
589 675 624 750 1,
650 673 702 740 De
728 673 793 756 res.
819 680 850 739 et
878 673 915 739 in
940 672 1026 738 Sese.
1051 670 1119 746 23,
1144 693 1170 737 c.
1198 671 1223 744 t,

59 803 219 886 §ecdem
244 801 294 866 De
316 800 380 883 res.
398 801 430 864 in
455 799 593 864 clericos
616 818 681 862 non
706 797 884 862 residentes
907 797 1027 867 statuit,
1044 797 1077 859 in
1101 796 1222 880 primis,

60 948 181 1012 poenam
198 927 387 1011 privationis
412 926 585 999 fructuum,
603 923 810 1006 eamdemque
827 942 962 1007 poenam
979 921 1052 987 tulit
1068 921 1224 986 adversus

59 1053 183 1116 clericos
207 1049 453 1114 concubinarios
478 1050 509 1111 in
534 1046 619 1114 Sese.
637 1048 696 1120 25,
713 1067 786 1128 cap.
812 1047 862 1116 14,
881 1047 930 1111 Dc
953 1045 1016 1128 ref.
1044 1045 1224 1129 Aliquando

59 1173 224 1250 huiusmodi
248 1193 354 1259 poena
377 1172 504 1238 videtur
537 1172 737 1236 recensenda
769 1174 854 1263 inter
886 1191 1006 1255 poenas
1037 1170 1223 1236 conuentio-

58 1303 141 1366 nutes
163 1299 217 1384 (ci.
242 1319 311 1384 sup.
337 1320 367 1362 n.
385 1297 450 1382 68),
475 1298 602 1382 quando
625 1299 777 1362 nimirum
802 1299 903 1382 magis
925 1298 1055 1381 ponitur
1079 1297 1124 1361 uti
1149 1315 1223 1359 con

56 1426 124 1491 ditio
139 1445 194 1506 seu
212 1424 323 1490 modus
340 1445 397 1509 pro
414 1423 587 1488 obtinenda
603 1424 710 1507 aliqua
733 1443 769 1486 re
794 1429 849 1487 aut
865 1423 1024 1489 fructibus
1040 1421 1222 1506 capiendis;
1317 1496 1320 1504 Ι

56 1559 85 1616 ut
106 1559 177 1637 puta
194 1551 374 1618 Horarum
397 1551 548 1617 recitatio
573 1572 631 1636 pro
655 1550 860 1634 acquirendis
882 1549 1042 1616 fructibus
1064 1547 1223 1622 beneficii,

56 1682 83 1743 in
111 1682 169 1744 vim
199 1679 307 1744 Const.
337 1679 393 1744 aa
419 1679 591 1760 promimo.
626 1679 673 1740 Pii
702 1677 740 1740 V.
768 1713 785 1724 -
812 1678 884 1740 Hoc
915 1680 1005 1742 notat
1038 1675 1223 1739 Thesaurus

53 1805 97 1882 (P.
123 1806 152 1873 Ι,
176 1803 251 1886 23),
277 1807 310 1868 et
331 1802 472 1868 advertit
502 1821 638 1885 poenam
662 1801 942 1866 conventionalem
973 1798 1069 1885 plene
1097 1799 1222 1863 incurri

53 1934 81 1990 et
95 1929 216 1994 Iructus
240 1925 454 1992 restituendos
470 1945 540 1990 esse
557 1931 632 1990 ante
649 1945 882 2008 quamcumque
900 1923 1013 1989 iudicis
1029 1924 1221 1988 sententiam

52 2052 329 2133 declaratoriam5
353 2072 416 2115 non
449 2053 524 2116 item
556 2070 691 2135 poenam
723 2051 853 2135 proprie
878 2047 1004 2121 dictam,
1034 2049 1150 2134 quippe
1174 2054 1224 2114 est

51 2179 203 2260 privativa
220 2178 299 2242 iuris
312 2178 446 2261 quaesiti
464 2184 496 2241 et
511 2177 659 2261 possessi.
673 2176 803 2250 Suarez,
820 2177 868 2241 De
883 2195 983 2256 cens,
996 2174 1127 2248 XXIII,
1141 2174 1174 2250 4,
1190 2176 1212 2238 7
1215 2226 1221 2239 .

135 2301 207 2367 175.
236 2303 344 2364 Poena
364 2301 568 2383 privationis
594 2300 682 2366 uocis
699 2301 828 2366 natiuae
852 2307 884 2364 et
905 2301 1064 2382 passima
1080 2300 1224 2363 continet

49 2427 121 2490 iuris
145 2427 358 2510 privationem
382 2444 444 2508 quo
469 2444 636 2510 possumus
657 2425 707 2488 vel
725 2425 851 2509 etiqere
866 2423 915 2488 vel
934 2423 1014 2508 etiqi
1038 2423 1078 2488 ad
1103 2423 1221 2496 onnia,

48 2549 84 2614 ad
106 2549 220 2622 officia,
245 2551 284 2615 ab
307 2549 464 2615 beneficia
493 2551 722 2616 ecclesiastica.
748 2550 882 2624 Quando
907 2552 956 2613 ios
980 2549 1071 2615 uocis
1093 2551 1223 2615 activae

48 2680 76 2737 et
93 2677 252 2757 passivae
275 2681 323 2740 est
339 2675 400 2738 iam
417 2673 607 2759 quaesitum
624 2675 692 2737 eius
708 2675 846 2758 privatio
863 2671 1039 2736 referenda
1063 2676 1112 2736 est
1135 2674 1221 2737 inter

46 2939 70 2990 in
89 2957 195 2994 cassum
217 2942 332 2995 cessisse
356 2943 541 2994 arbitraretur
560 2941 593 2993 ad
613 2939 809 3008 amputandam
831 2939 974 2992 turmarum
995 2944 1024 2992 et
1048 2939 1221 2991 simultatum

45 3044 169 3112 radicem,
188 3046 323 3110 decrevit,
343 3051 373 3100 ut
392 3047 466 3100 intra
485 3045 686 3116 quadrimestre
708 3019 815 3113 tempus
834 3044 866 3098 de
887 3043 1070 3112 permutanda
1090 3044 1219 3113 paroecia

42 3151 176 3218 parochus
194 3153 255 3222 ipse
273 3153 325 3206 sibi
345 3154 511 3218 consuleret,
532 3169 613 3206 secus
633 3151 801 3222 permutatio
820 3153 901 3206 fieret
920 3168 957 3207 aa
976 3151 1076 3222 officio.
1091 3179 1104 3193 ·
1121 3151 1222 3206 Curiae

45 3258 210 3314 Procurator
228 3259 331 3313 fiscalis
351 3261 473 3313 instabat
492 3265 523 3313 ut
542 3261 753 3312 confirmaretur
772 3259 913 3313 sententia
932 3259 1104 3327 potissimum
1125 3259 1219 3313 adver·

43 3371 115 3432 tens,
133 3386 169 3423 ax
190 3367 323 3438 peculiari
343 3384 419 3422 more
441 3373 499 3422 tum
520 3367 707 3437 Eystettensis
726 3367 868 3432 dioecesis,
888 3371 946 3420 tum
966 3366 1083 3420 aliarum
1104 3367 1221 3422 Germa·

42 3469 102 3526 niae
122 3475 255 3542 partium,
277 3475 416 3543 integrum
444 3489 552 3541 semper
572 3473 714 3541 Episcopis
741 3473 840 3537 tuisse,
865 3478 986 3527 rectores
1011 3473 1222 3542 parochiarum,

42 3579 114 3634 iusta
131 3581 229 3652 aliqua
248 3581 381 3636 suadente
401 3597 493 3645 carrea,
507 3581 542 3634 ab
563 3597 617 3634 uno
637 3581 699 3634 loco
719 3597 846 3635 amovere
867 3585 951 3651 atque
970 3581 1004 3633 sd
1023 3581 1108 3634 alium
1129 3585 1221 3635 trans-

40 3687 124 3753 serre,
144 3704 249 3758 eosque
267 3688 301 3740 ad
321 3687 447 3741 beneficii
475 3689 707 3756 permutationem
731 3703 839 3756 cogere.
861 3687 931 3741 Hinc
958 3688 1098 3757 proposito
1122 3689 1220 3742 dnbio:

39 3797 115 3847 ‹An
138 3796 293 3850 iudicatum
321 3795 422 3850 Curiae
451 3795 623 3865 Episcopalis
651 3796 839 3867 Eystettensis
867 3797 1039 3851 sustineatur
1064 3797 1092 3849 in
1118 3811 1221 3852 casu»

37 3899 62 3953 S.
74 3901 159 3972 Cong.
171 3902 342 3969 Concil.,die
356 3905 387 3958 11
397 3907 469 3974 Aup.
481 3904 570 3968 1742,
586 3904 741 3973 rescripsit:
755 3917 771 3956 tt
783 3905 956 3960 Affirmatire
968 3922 983 3957 s
997 3909 1025 3959 et
1039 3907 1084 3960 die
1094 3907 1135 3957 22
1147 3907 1220 3975 Sept.

36 4011 135 4065 iterum
149 4029 181 4067 re
195 4011 319 4066 discussa
337 4013 417 4066 stetit
435 4015 494 4066 tiu
513 4013 614 4066 decisis
626 4027 644 4068 a
656 4011 751 4064 addita
765 4011 890 4066 clausula
903 4025 920 4067 tt
934 4015 971 4067 ita
991 4023 1082 4066 tamen
1101 4023 1131 4066 ut
1147 4031 1218 4086 per-

33 4119 148 4173 mutatio
167 4137 224 4190 per
243 4119 412 4190 Episcopum
429 4122 478 4191 (iat
497 4137 561 4174 cum
580 4120 712 4189 beneficio
737 4120 846 4174 reditus
870 4121 1073 4191 aequipotentia
1092 4133 1116 4177 »-
1137 4121 1221 4175 Prae·

35 4229 111 4280 terea
130 4227 159 4281 S.
175 4229 264 4299 Cong.
277 4228 394 4282 Concilii
414 4229 579 4299 approbavit
598 4231 742 4283 decretum
761 4229 962 4294 inhibiturium,
974 4247 1021 4284 seu
1036 4233 1218 4284 remotionem

33 4345 250 4405 temporaneam
263 4338 298 4390 ab
311 4336 410 4402 officie,
422 4337 539 4391 suffecto
552 4336 718 4391 coadiutore
732 4336 765 4390 ad
781 4340 901 4391 mentem
917 4336 1020 4390 concil.
1034 4337 1117 4404 Trid.‚
1133 4339 1150 4391 t.
1166 4341 1219 4404 cit,

33 4439 60 4493 in
80 4457 137 4526 una
157 4443 309 4499 Taurinou.
331 4445 532 4516 suspensionis,
546 4447 593 4500 die
606 4445 646 4497 17
659 4444 728 4497 Iutii
748 4442 840 4496 1855.
857 4444 1050 4498 Remotionem
1070 4445 1128 4500 sive
1143 4449 1216 4499 tem-
