3266 5102
274 287 318 350 74
523 306 525 329 ¹
798 307 881 354 rans
907 307 929 352 1.

273 451 352 516 opus
375 435 471 495 antea
494 431 693 515 praestitum,
718 431 819 496 veluti
842 432 1025 508 auritium,
1039 432 1217 498 consitium
1242 439 1276 498 ut
1299 430 1452 496 delictum

273 563 468 642 patraretur,
481 559 534 621 vel
557 563 667 642 postea
690 557 878 632 exhibitum,
903 563 1015 642 utputa
1030 557 1191 640 defensio,
1216 559 1398 642 receptorio
1416 565 1454 626 nt

273 680 463 765 delinquens
486 683 616 768 impune
640 684 763 750 crimen
786 689 918 768 patrare
935 685 1085 768 potuerit,
1102 683 1301 750 considerari
1319 687 1454 768 possunt

273 805 318 868 nti
343 804 460 870 delicta
475 805 664 872 accessoria
684 826 765 889 quae
780 826 846 872 nou
862 807 1085 891 percelluntur
1102 808 1214 891 poenis
1230 809 1290 873 nisi
1307 808 1452 873 crimine

269 925 456 1010 principati
479 934 724 1012 caresnmrnat05
740 935 772 994 at
787 935 959 1013 praeterea
977 933 1038 996 ista
1054 931 1173 996 delicta
1195 931 1397 996 considerari
1420 935 1454 994 et

272 1051 379 1135 puniri
391 1051 501 1116 valent
520 1070 586 1134 per
601 1072 636 1118 se
651 1055 741 1137 quasi
764 1054 887 1119 delicta
909 1055 1123 1141 recipereris,
1141 1073 1258 1140 nempe
1278 1061 1452 1138 antequam

272 1175 397 1239 crimen
419 1176 627 1260 principalius
651 1183 899 1244 consummetur.
925 1179 1049 1244 Verum
1074 1179 1134 1244 nisi
1156 1181 1187 1244 in
1205 1181 1278 1265 lege
1295 1192 1454 1264 expresse

273 1297 427 1371 edicatur,
445 1299 666 1368 haeo·delicta
690 1304 800 1386 poenis
824 1303 973 1367 mulctari
997 1305 1105 1387 prouti
1124 1303 1373 1368 considerantur
1387 1321 1454 1385 per

273 1441 309 1490 re
332 1429 364 1488 et
386 1423 486 1491 veluti
510 1423 627 1489 delicta
649 1425 703 1491 sni
724 1423 871 1512 pemeria,
895 1446 959 1490 non
984 1432 1161 1492 censentur
1185 1427 1292 1512 pumri
1320 1428 1382 1490 nisi
1407 1429 1452 1490 uti

275 1547 464 1614 accessoria
487 1569 545 1614 seu
568 1570 664 1632 quum
684 1551 897 1632 principalia
921 1551 1038 1616 delicta
1069 1557 1289 1616 consummata
1319 1551 1452 1642 luerint.

363 1671 415 1737 43.
440 1675 477 1738 ln
502 1674 618 1757 specie,
643 1673 848 1758 dispiciamus
872 1693 1030 1757 quaenam
1055 1676 1120 1738 sint
1142 1675 1225 1738 haec
1256 1674 1374 1740 delicta
1399 1675 1454 1738 ali-

274 1795 400 1878 quando
422 1795 533 1861 habita
552 1798 596 1861 uti
613 1797 729 1862 delicta
751 1797 805 1862 sni
828 1799 971 1884 perieris.
989 1833 1033 1848 -·-
1050 1798 1265 1870 itlandnnten
1291 1797 1453 1872 iubentes,

274 1943 331 1988 seu
347 1923 392 1987 illi
408 1924 461 2006 qui
477 1923 644 1988 mandant
667 1928 723 1988 aut
746 1923 861 1990 iubent
876 1923 1005 2008 aliquod
1021 1927 1143 2008 patrari
1161 1923 1322 1996 delictum,
1340 1929 1455 2008 utputa

273 2047 428 2112 clericum
455 2049 598 2132 percuti,
629 2052 703 2112 sunt
733 2049 845 2112 conrei
876 2048 1071 2132 principales
1102 2067 1166 2112 non
1202 2067 1296 2114 secus
1328 2067 1367 2113 ac
1399 2049 1454 2130 qui

273 2173 396 2236 crimen
420 2169 613 2252 mandatum,
638 2172 757 2236 iussum
782 2177 997 2254 exequuntur,
1026 2171 1233 2237 nihilominus
1256 2191 1361 2256 paena
1385 2177 1455 2236 sta·

273 2299 352 2370 tuta,
375 2297 572 2380 simpliciter,
597 2297 630 2359 in
654 2295 855 2362 etericornm
883 2313 1112 2378 percussores,
1144 2315 1209 2360 noo
1241 2301 1331 2362 tenet
1358 2315 1455 2360 roan-

275 2417 394 2485 dnotes
416 2425 472 2485 aut
495 2419 652 2494 indentes,
677 2420 733 2485 sed
757 2425 959 2486 certantum
983 2420 1025 2484 de
1047 2419 1139 2502 facto
1161 2420 1398 2502 percutientes

364 2542 482 2609 Conrei
506 2545 677 2608 accessorii
708 2549 791 2614 sunt.
823 2543 1004 2610 consitium
1031 2542 1152 2608 dantes
1181 2543 1256 2625 quia
1286 2542 1399 2608 fovent
1423 2547 1457 2607 et

275 2664 428 2731 adiuvant
460 2669 657 2754 propositum
687 2665 909 2750 delinquendi;
941 2665 1013 2746 sed,
1044 2667 1078 2729 in
1109 2686 1147 2730 re
1177 2665 1355 2738 criminali,
1388 2685 1455 2730 non

277 2791 563 2876 comprehenditur
586 2793 807 2877 quodcumque
827 2793 1005 2859 consitioni
1021 2792 1078 2857 sed
1094 2792 1172 2858 illud
1187 2790 1355 2857 dumtaxat
1371 2791 1456 2874 quod

272 2917 458 2999 posonen
474 2923 504 2983 et
519 2917 662 2999 impettit
676 2923 778 3003 atque
793 2917 930 2983 instruit
946 2917 1085 2984 consitio
1102 2916 1149 2982 ad
1164 2916 1434 3000 delinquendum
1442 2936 1457 2999 ;

277 3061 346 3128 arg.
364 3043 385 3106 t.
402 3043 454 3118 51,
464 3040 505 3127 ff.
523 3043 572 3109 De
594 3046 677 3124 fort.
695 3044 804 3117 Quare
820 3042 1001 3108 huiusmodi
1018 3043 1197 3110 emisitium
1210 3040 1342 3108 efficere
1359 3040 1456 3107 debet

276 3169 311 3228 ut
333 3164 447 3248 aliquis
472 3171 641 3230 moneatur
664 3172 697 3232 et
720 3169 900 3232 instruatur
923 3166 963 3230 ad
986 3163 1237 3250 delinquendum
1264 3164 1351 3230 atior
1384 3183 1456 3230 non

273 3308 462 3372 persuasus
483 3309 592 3375 neque
614 3291 820 3372 instructas;
842 3292 984 3375 alioquin
1000 3291 1140 3376 simplex
1155 3290 1294 3356 habetur
1310 3289 1456 3355 hortatio

276 3421 334 3477 aut
355 3414 497 3481 incitatio
521 3435 602 3498 quae
625 3416 752 3500 poenali
779 3415 912 3481 decreto
935 3435 1000 3480 non
1024 3413 1344 3500 comprehenduntur
1369 3413 1458 3478 edito

237 3633 240 3638 1
278 3541 311 3606 in
335 3541 512 3607 consitium
538 3539 750 3623 praebentes.
768 3542 870 3604 -Et
901 3541 984 3605 ratio
1015 3546 1065 3605 est
1095 3541 1178 3624 quia.
1211 3542 1282 3605 iure
1314 3539 1456 3624 poenali,

278 3665 381 3732 amba
397 3665 596 3748 accipienda
619 3671 697 3730 sant
717 3685 794 3731 carn
809 3665 927 3748 effectu
942 3665 999 3750 (l),
1015 3665 1168 3730 nimirum
1184 3666 1229 3728 ita
1244 3663 1457 3749 intelligenda

278 3793 352 3856 sunt
367 3795 403 3855 ut
418 3789 536 3873 aliquid
553 3789 736 3873 exprimant
752 3807 851 3872 opere
870 3787 1061 3873 perfectum,
1085 3789 1119 3853 in
1142 3787 1286 3854 subiecta
1309 3787 1458 3852 materia.

281 3911 468 3978 donatione
491 3929 580 3982 vero,
599 3909 681 3993 quod
705 3908 746 3974 ad
770 3907 933 3991 delictum,
958 3929 1021 3974 non
1046 3913 1198 3975 censetur
1221 3908 1321 3974 fuisse
1341 3906 1460 3974 efficax

277 4034 338 4099 nisi
362 4033 559 4098 voluntatem
583 4031 776 4098 excitaverit
794 4037 889 4116 atque
913 4033 1107 4098 instruxerit
1135 4033 1174 4096 ad
1199 4031 1459 4116 delinquendum.
1529 4013 1533 4022 ¹

368 4313 408 4382 (l)
428 4313 467 4367 Gi.
488 4313 517 4368 L.
539 4313 551 4366 l
574 4317 591 4378 ἓ
612 4311 741 4384 Haec‚ffi
764 4313 843 4372 Quod
856 4314 971 4384 quisque
984 4317 1055 4368 iuris
1074 4315 1103 4368 in
1122 4313 1280 4368 alterum...
1301 4319 1330 4368 et
1349 4331 1409 4382 cap.
1430 4315 1460 4367 4.

282 4417 322 4471 De
341 4417 451 4471 clericis
469 4433 525 4470 non
543 4417 737 4482 residentibus
757 4415 937 4486 X(111.4)et
956 4415 1066 4482 Suarez,
1086 4417 1127 4471 De
1150 4419 1267 4488 tepidare,
1294 4419 1323 4484 V,
1342 4417 1394 4482 34,
1414 4419 1461 4471 10.
