3312 5108
524 331 568 378 nn
592 327 746 379 nsnrcrrs
770 331 812 378 nr
836 331 955 379 nonnis
1318 313 1360 382 19

178 457 386 541 comprobata
409 477 607 524 assumemus
631 459 677 524 uti
702 457 945 524 fundamentum
966 459 1001 523 in
1023 457 1230 524 enucleandis
1256 460 1357 533 variis

178 579 345 664 speciebus
369 600 494 666 poenae
517 582 755 646 Eclesiasticae.

270 705 321 804 1³5.
348 707 386 772 In
412 707 476 770 hac
499 707 740 800 compapntjqne
765 725 861 790 qnam
884 707 1077 772 instituimus
1101 708 1257 774 interius
1281 727 1354 794 poe·

178 829 253 893 nale
276 829 371 894 ciuile
387 835 420 894 et
436 831 711 911 ecclesiasticum,
736 829 999 926 praetermittere
1014 847 1079 893 non
1095 849 1261 926 possumus
1276 847 1352 894 exa·

178 974 253 1020 men
284 956 471 1024 sententiae.
496 975 590 1044 quam
618 954 805 1044 solemniter
829 955 981 1044 enunciat
1005 955 1045 1019 cl.
1071 955 1214 1020 Carrara
1237 990 1251 1002 -
1274 955 1359 1022 Pro·

177 1097 338 1164 qrcmma
362 1081 383 1144 l.
408 1080 460 1145 cit.
485 1081 575 1144 aiens
598 1085 695 1146 totam
719 1079 799 1144 iuris
825 1079 970 1164 poenalis
999 1079 1166 1144 scientiam
1197 1079 1359 1146 contineri

178 1202 299 1300 ignee
317 1202 477 1290 pignole:
505 1202 660 1300 delictqnq
683 1223 752 1296 non
775 1209 824 1290 est
848 1185 907 1270 ens
928 1203 1107 1280 matsemnle
1130 1222 1187 1268 seu
1210 1203 1358 1286 sirmiam

176 1321 326 1405 facttum
358 1323 415 1388 sed
447 1329 494 1389 est
526 1343 586 1390 ens
609 1325 805 1428 iamdicta-'m
831 1359 846 1372 -
871 1324 973 1422 Quam
997 1323 1190 1410 sententiam
1206 1323 1353 1400 ‚arbitra-

178 1467 252 1546 mur
275 1449 405 1512 omnino
429 1467 552 1546 reram.
577 1449 657 1514 Nam
682 1416 845 1521 delictum,
871 1467 934 1532 qua
958 1449 1171 1529 estensium,
1203 1449 1357 1531 cuiusque

178 1574 262 1636 entis
285 1575 423 1658 privatio
447 1543 515 1650 est3
537 1573 592 1640 sed
617 1595 680 1659 qua
695 1574 826 1660 suctum
843 1580 900 1648 est,
918 1574 1021 1639 induit
1035 1581 1185 1640 naturam
1201 1573 1284 1657 sacti
1300 1593 1357 1640 seu
1395 1571 1399 1578 ’

179 1700 264 1765 entis
294 1699 443 1766 iuridici.
477 1699 643 1766 Delictum
676 1703 762 1767 enim
794 1700 950 1766 laedendo
985 1699 1113 1784 aliquod
1136 1701 1186 1766 ius
1210 1695 1357 1766 coerceri

179 1821 273 1887 debet
306 1843 325 1886 a
356 1822 484 1907 publica
514 1825 707 1890 auctoritate
738 1844 803 1888 non
835 1843 894 1909 pro
926 1825 996 1890 eius
1026 1823 1172 1898 arbitrio,
1205 1823 1262 1888 sed
1288 1842 1356 1906 pro

181 1967 344 2013 mensura
368 1949 455 2014 iuris
479 1947 570 2030 loesi,
595 1949 636 2014 ad
659 1969 789 2014 neumas
813 1950 952 2016 iustitiae
975 1955 1128 2014 aeternas
1150 1953 1183 2012 et
1213 1947 1276 2013 hac
1307 1965 1356 2010 ra·

179 2075 266 2137 tione
296 2073 408 2157 poenis
440 2074 602 2158 compesci
631 2072 735 2138 debet.
768 2110 783 2121 -
816 2073 925 2148 Quare
947 2072 1100 2138 delictum
1124 2077 1173 2137 est
1197 2071 1355 2155 quoddam

178 2196 297 2260 lactum
322 2196 543 2262 secumferens
567 2198 631 2261 iam
656 2215 846 2283 expressum
869 2217 927 2262 seu
950 2196 1197 2261 determinatum
1214 2195 1354 2262 debitum

178 2341 255 2386 suae
279 2321 523 2386 satisfactionis:
548 2321 608 2386 lros
637 2321 756 2388 limites
780 2322 1006 2408 praetergredi
1032 2323 1172 2388 iustitiae
1196 2322 1355 2387 humanae

180 2446 315 2510 nonius
340 2451 397 2510 est.
423 2446 494 2510 Hoc
518 2445 576 2512 sub
600 2453 750 2533 respectu
774 2448 924 2513 delictum
950 2453 999 2512 est
1022 2467 1083 2514 ens
1098 2447 1306 2530 iamdictam
1323 2452 1355 2511 et

183 2570 262 2634 haec
285 2569 426 2635 formula
448 2575 547 2636 totam
579 2573 722 2638 continet
754 2572 926 2640 scientiam.
951 2570 1130 2655 poenalem,
1155 2571 1229 2653 qnia
1252 2588 1355 2654 poena

177 2696 336 2764 obiectioe
357 2697 600 2762 accommodata
622 2715 693 2762 esse
716 2695 810 2761 debet
826 2697 993 2779 quantitati
1019 2700 1052 2760 et
1075 2695 1219 2778 qualitati
1236 2693 1353 2760 delicti.

258 2823 318 2888 Ex
341 2823 479 2888 adverso
504 2843 562 2889 eae
585 2823 753 2895 laesiones,
779 2841 861 2905 quae
885 2821 1008 2885 nullam
1036 2821 1203 2885 continent
1219 2819 1354 2884 alicuius

177 2949 336 3013 naturalis
353 2949 432 3012 iuris
449 2923 658 3012 offensionem
675 2965 742 3026 seu,
755 2947 835 3012 iuris
854 2945 1102 3031 praeexistentis
1119 2945 1235 3027 cuique
1250 2944 1355 3029 positi·

176 3093 238 3138 vae
249 3073 315 3158 legi
331 3072 477 3159 sedlegis
493 3073 659 3138 continent
671 3071 826 3136 directam
840 3071 1056 3144 violationem,
1070 3070 1354 3156 trunsqressiones

118 3187 125 3200 '
177 3197 334 3262 dicendae
357 3203 440 3270 sunt,
466 3217 532 3262 non
556 3198 687 3263 delicta.
705 3196 868 3280 Siquidem
884 3194 1065 3260 huiusmodi
1081 3194 1282 3268 violationes,
1307 3194 1353 3258 nti

176 3320 353 3405 loquuntur
377 3319 518 3400 scholae,
543 3337 614 3384 non
636 3324 715 3384 sunt
733 3317 926 3402 prohibitae
950 3317 1032 3402 qnia
1055 3317 1188 3399 mutoe;
1205 3316 1260 3381 sed
1276 3321 1355 3382 suat

175 3446 290 3510 motae
314 3444 397 3528 quic
415 3442 608 3528 prohibitae
623 3441 681 3528 (l).
698 3477 712 3490 -
730 3442 802 3508 Hac
818 3442 857 3506 de
873 3461 970 3506 cansa
992 3439 1113 3506 sactum
1136 3442 1352 3518 criminosum,

175 3573 250 3654 quia
273 3571 307 3634 in
330 3589 366 3634 se
389 3574 438 3634 est
460 3568 578 3633 malum
604 3573 636 3633 et
659 3573 750 3633 certe
778 3569 903 3634 ratione
928 3569 1069 3640 matum,
1087 3571 1119 3633 et
1135 3571 1226 3632 certa
1248 3586 1354 3652 poena

175 3693 342 3759 luendum
372 3692 564 3778 prohibetur
593 3699 625 3757 et
657 3693 889 3776 compescitur,
921 3696 1050 3756 servato
1078 3691 1191 3756 ordine
1214 3692 1353 3760 iustitiae

248 3927 288 3997 (l)
309 3927 389 3982 Unde
407 3926 713 3996 hae'transgressiones
732 3925 862 3979 dicuntur
880 3925 983 3979 delicta
1000 3943 1097 3980 merae
1116 3927 1264 3980 creationis
1279 3926 1355 3996 poli·

173 4031 255 4084 ricae.
280 4029 320 4084 Cl.
340 4029 528 4099 Carmignsai,
548 4029 624 4082 luris
643 4030 752 4082 crimin.
772 4031 853 4082 elem.
873 4045 898 4081 n.
916 4029 945 4081 2.
964 4029 1024 4082 Lio.
1043 4031 1072 4093 3,
1087 4046 1117 4099 p.
1137 4031 1165 4095 2,
1179 4033 1216 4084 tit.
1228 4031 1253 4083 1.
1268 4059 1282 4068 -
1297 4033 1353 4099 Ap-

174 4137 283 4207 positus
302 4141 453 4206 conceptus
471 4137 501 4190 in
521 4137 667 4207 disciplina
686 4135 838 4191 ecclesiast.
858 4136 975 4191 mirifice
997 4137 1116 4192 inservit
1128 4137 1161 4191 ad
1175 4137 1353 4206 explicandas

173 4243 384 4298 vicissitudines
404 4244 475 4313 legis
501 4242 634 4314 poenalis,
659 4261 731 4316 quae
756 4243 835 4297 veria
859 4243 1006 4298 admodum
1030 4245 1084 4299 luit
1103 4245 1132 4298 in
1151 4244 1305 4300 statuendis
1324 4248 1353 4300 et

173 4349 324 4420 puniendis
349 4352 632 4420 tronspressr'oaaidu33
659 4349 706 4404 sed
730 4351 811 4404 firme
830 4353 858 4405 et
877 4355 1006 4404 constans
1025 4349 1078 4404 fuit
1105 4351 1134 4403 in
1153 4349 1351 4421 persequendis

174 4455 295 4509 delictis.
