3266 5102
297 279 361 344 114
826 297 910 344 rans
936 297 958 341 1.

309 449 310 454 ¹
386 420 417 505 1)
443 422 547 484 Porro
564 441 607 486 ex
623 422 761 506 receptis
777 420 922 486 moribus
938 427 1028 486 etex
1052 423 1213 485 communi
1238 421 1302 485 DD.
1323 422 1485 486 sententia

295 567 390 630 quam
414 546 573 630 explanat,
591 545 711 611 Suarez
736 547 758 611 l.
781 565 808 612 c.
830 565 904 629 cap.
931 546 1026 618 VIII,
1051 563 1175 630 poenae
1198 547 1219 611 l.
1243 566 1269 612 s.
1295 545 1399 611 editae
1425 545 1485 612 sub

296 673 451 744 clausula,
461 673 535 754 ipso
543 671 634 753 sacto
644 670 870 752 incurrendae,
879 671 1006 764 quando
1022 691 1075 736 res
1085 676 1133 735 est
1142 670 1181 736 de
1185 672 1307 763 pacata
1318 672 1485 758 aumatium

479 771 500 782 .,
541 755 883 795 f
938 753 1241 772 ----...........

294 795 423 868 mixtim
450 781 848 892 exquiruptqadnplenam
876 796 1098 859 executionem
1132 813 1265 880 poenae,
1290 796 1483 862 sententiam

293 920 560 986 declaratoriam
591 921 753 994 criminis;
779 921 869 984 cuius
892 921 1072 984 sententiae
1098 921 1147 984 vis
1171 925 1228 1001 est,
1252 938 1377 1003 poenae
1405 916 1482 984 effe-

281 1033 364 1108 ctus
388 1044 563 1108 retrotrahi
589 1043 628 1107 ad
653 1047 849 1106 momentum
873 1044 991 1128 patrati
1016 1044 1176 1108 criminis.

383 1167 416 1252 2)
442 1166 654 1232 Nihilominus
678 1171 803 1230 certum
827 1172 885 1238 est,
911 1185 1066 1258 censuras
1091 1172 1124 1231 et
1146 1166 1482 1251 irregularitatesin·

295 1293 383 1356 curri
415 1292 488 1374 ipso
518 1291 609 1372 sacto
643 1295 717 1370 ante
749 1290 862 1356 iudicis
893 1292 1088 1356 sententiam
1120 1290 1386 1356 declaratoriam
1422 1292 1483 1354 etsi

294 1403 422 1482 occulta
449 1437 577 1501 semper
607 1424 760 1481 maneant
789 1417 876 1481 facta
910 1418 1105 1482 criminosa:
1135 1416 1218 1482 haec
1254 1415 1402 1480 doctrina
1432 1421 1485 1480 est

294 1549 394 1617 certa,
421 1563 485 1607 non
518 1543 620 1608 solum
651 1544 726 1626 quia
756 1545 933 1608 communis
964 1543 1047 1628 apud
1077 1543 1232 1607 Doctores
1256 1541 1312 1606 sed
1335 1543 1478 1606 maxime

293 1669 367 1751 quia
391 1667 494 1732 eidem
518 1670 660 1732 concinit
684 1668 796 1752 praxis
822 1667 1013 1732 universalis
1035 1672 1069 1733 et
1094 1673 1255 1732 constans.

382 1791 415 1878 3)
442 1791 567 1891 Poenas
590 1807 670 1855 vero
693 1791 843 1884 leviores,
860 1791 959 1856 veluti
979 1792 1141 1864 ieiunium,
1160 1792 1383 1856 recitationem
1399 1810 1476 1875 pre-

293 1937 375 1988 cum,
402 1920 434 1979 et
455 1883 543 1980 'alias
574 1935 656 1998 quae
684 1887 796 1980 iudicis
827 1918 986 1980 sententia
1017 1917 1162 2001 irrogari
1189 1936 1253 1980 non
1277 1917 1399 2000 possint
1423 1915 1477 1980 vel

292 2061 356 2104 non
379 2040 538 2124 expediat,
552 2045 664 2125 utputa
687 2041 891 2104 amissionem
915 2041 994 2104 iuris
1017 2039 1148 2124 petendi
1164 2039 1304 2104 debitum
1322 2045 1476 2125 exparte

291 2167 436 2250 coniugis
460 2165 642 2236 incestuosi,
668 2165 720 2228 vel
746 2165 885 2249 irrogari
910 2184 974 2228 non
997 2165 1111 2244 solent,
1139 2165 1238 2230 veluti
1269 2166 1477 2229 amissionem

292 2290 371 2354 iuris
394 2290 588 2375 sepulturae,
613 2308 707 2372 quam
730 2288 916 2352 demortuus
938 2289 1110 2372 aliquando
1135 2289 1199 2373 pati
1227 2288 1333 2361 debet,
1358 2289 1471 2353 huius-

291 2412 376 2478 modi
398 2432 528 2497 poenas‚
554 2420 679 2478 certum
703 2421 761 2493 est,
781 2413 912 2497 plenum
935 2411 1055 2492 habere
1079 2407 1230 2508 effectum
1253 2412 1376 2496 absque
1399 2432 1472 2476 seu·

291 2540 392 2603 tentia
415 2537 527 2602 iudicis
548 2538 782 2640 declaratoria:
808 2537 849 2602 cl.
876 2537 1006 2610 Suarez,
1033 2539 1052 2602 l.
1078 2558 1105 2603 c.
1138 2536 1192 2612 VI,
1216 2538 1253 2601 11
1275 2557 1325 2622 sq.
1376 2507 1383 2515 Ι

379 2663 413 2748 4)
439 2665 617 2728 Praeterea
639 2663 743 2746 quoad
766 2663 826 2726 has
849 2682 969 2746 poenas
992 2663 1168 2748 nepotiana
1190 2663 1318 2728 mtntas
1341 2659 1476 2727 adverti

291 2790 396 2870 debet,
421 2789 603 2854 Ecclesiam
630 2794 819 2874 potestatem
851 2787 974 2853 habere
1002 2787 1130 2851 easdem
1157 2762 1323 2872 irrogandi
1359 2792 1392 2851 et
1422 2787 1481 2852 ali-

289 2913 417 2997 quando
441 2916 590 2997 irrogare
606 2913 664 2977 sub
680 2912 743 2977 hac
754 2911 899 2977 clausula
915 2909 1137 2982 incurrendas,
1154 2911 1228 2993 ipso
1245 2910 1320 2975 iure
1337 2916 1370 2976 et
1393 2915 1475 2977 ante

290 3055 541 3122 quamcumque
563 3036 685 3102 iudicis
707 3037 908 3102 sententium
931 3035 1206 3101 declaratorr'am.
1227 3036 1379 3100 Iamrero
1396 3054 1478 3118 quo·

289 3166 486 3246 tiescumque
503 3163 585 3226 liaeo
601 3161 744 3225 clausula
769 3161 950 3240 adiicietur,
968 3161 1043 3242 quia
1066 3159 1167 3224 verba
1189 3160 1271 3245 legis
1287 3161 1390 3224 otiosa
1405 3179 1478 3225 esse

289 3305 355 3350 non
375 3285 501 3358 debent,
519 3289 554 3349 ut
569 3283 682 3368 probat
698 3285 817 3350 Suarez
845 3285 865 3348 t.
891 3283 942 3350 eit.
962 3281 1143 3347 huiusmodi
1167 3283 1223 3346 lex
1249 3281 1413 3348 censenda
1429 3287 1480 3348 est

289 3411 354 3474 vim
378 3409 500 3474 habere
520 3409 679 3473 adimendi
705 3410 754 3474 ius
777 3413 832 3472 aut
856 3405 1008 3480 osticium,
1026 3407 1085 3471 etsi
1102 3405 1192 3472 nulla
1213 3409 1343 3473 intersit
1359 3406 1475 3473 iudicis

289 3535 451 3601 sententia
466 3534 705 3600 declaratoriu.
725 3567 742 3580 ·
757 3532 819 3598 Sed
843 3533 1049 3617 supponimus
1068 3530 1248 3596 huiusmodi
1271 3531 1377 3615 legem
1402 3551 1475 3596 esse

291 3662 455 3742 receptam
472 3665 505 3723 et
527 3677 592 3722 non
607 3655 796 3740 derogatam
821 3675 881 3741 per
904 3653 1168 3721 consuetudinem
1191 3655 1391 3721 contrariam
1408 3675 1473 3740 quo

289 3783 330 3848 ad
342 3783 426 3848 hanc
438 3789 574 3868 partem.
587 3783 737 3846 nimirum
749 3780 853 3865 quoad
866 3783 991 3848 modum
1005 3783 1351 3865 execut10nis.-Atqui‚
1365 3785 1412 3846 ait
1430 3781 1477 3846 De

291 3909 391 3993 Lugo,
405 3907 458 3973 De
473 3907 555 3973 Iust.
573 3905 631 3981 37,
649 3906 715 3972 134
735 3906 922 3972 durissima
938 3913 1021 3973 esset
1037 3913 1067 3973 et
1083 3907 1129 3972 ud
1144 3906 1230 3972 nihil
1245 3907 1343 3972 aliud
1366 3923 1476 3990 quam

289 4032 336 4096 ad
350 4031 591 4117 illaqueandas
605 4032 741 4096 unimus
758 4031 884 4096 valeret
898 4031 980 4096 liaeo
997 4031 1053 4096 lex
1067 4029 1179 4096 iubens
1199 4032 1302 4114 ipsum
1315 4051 1419 4102 reum,
1437 4033 1475 4094 ut

288 4159 322 4219 in
337 4177 372 4220 se
388 4157 490 4240 ipsum
507 4160 726 4240 exequeretur
741 4173 864 4240 poenas
879 4156 1017 4239 aliquam
1034 4155 1289 4221 secumferentes
1308 4155 1472 4220 actionem

288 4301 345 4345 seu
369 4279 517 4346 effectum
540 4281 710 4367 physicum
734 4281 902 4365 passionis,
917 4280 1019 4364 qualis
1044 4286 1091 4345 est
1106 4279 1266 4365 ademptio
1283 4279 1331 4344 rei
1347 4299 1474 4364 posses·

287 4425 343 4470 sae
366 4406 419 4470 rel
443 4407 532 4490 quasi
562 4424 738 4491 possessae,
763 4404 862 4469 veluti
893 4401 1040 4470 beneficii
1071 4411 1127 4470 aut
1153 4404 1235 4469 iuris
1265 4409 1473 4489 patronatus.
