<?xml version="1.0" encoding="UTF-8"?>
<!DOCTYPE html PUBLIC "-//W3C//DTD XHTML 1.0 Transitional//EN"
    "http://www.w3.org/TR/xhtml1/DTD/xhtml1-transitional.dtd">
<html xmlns="http://www.w3.org/1999/xhtml" xml:lang="en" lang="en">
 <head>
  <title>
</title>
<meta http-equiv="Content-Type" content="text/html;charset=utf-8" />
  <meta name='ocr-system' content='tesseract 3.04.00' />
  <meta name='ocr-capabilities' content='ocr_page ocr_carea ocr_par ocr_line ocrx_word'/>
</head>
<body>
  <div class='ocr_page' id='page_1' title='image "./praelectionesin02legagoog_0029.png"; bbox 0 0 3312 5108; ppageno 0'>
   <div class='ocr_carea' id='block_1_1' title="bbox 311 288 1491 762">
    <p class='ocr_par' dir='ltr' id='par_1_1' title="bbox 311 288 965 356">
     <span class='ocr_line' id='line_1_1' title="bbox 311 288 965 356; baseline -0.002 -3"><span class='ocrx_word' id='word_1_1' title='bbox 311 288 354 354; x_wconf 79' lang='lat'>24</span> <span class='ocrx_word' id='word_1_2' title='bbox 701 317 702 320; x_wconf 40' lang='lat'>¹</span> <span class='ocrx_word' id='word_1_3' title='bbox 835 309 920 356; x_wconf 76' lang='lat' dir='ltr'>rans</span> <span class='ocrx_word' id='word_1_4' title='bbox 943 307 965 354; x_wconf 90' lang='lat'>1.</span> 
     </span>
    </p>

    <p class='ocr_par' dir='ltr' id='par_1_2' title="bbox 311 384 1491 762">
     <span class='ocr_line' id='line_1_2' title="bbox 311 384 1491 499; baseline 0.001 -24"><span class='ocrx_word' id='word_1_5' title='bbox 311 411 420 485; x_wconf 80' lang='lat' dir='ltr'><strong>Quare</strong></span> <span class='ocrx_word' id='word_1_6' title='bbox 439 384 582 496; x_wconf 83' lang='lat' dir='ltr'>peccata</span> <span class='ocrx_word' id='word_1_7' title='bbox 604 389 647 478; x_wconf 77' lang='lat' dir='ltr'>se&#39;</span> <span class='ocrx_word' id='word_1_8' title='bbox 664 413 815 478; x_wconf 85' lang='lat' dir='ltr'>referunt</span> <span class='ocrx_word' id='word_1_9' title='bbox 834 393 983 499; x_wconf 83' lang='lat' dir='ltr'>potestati</span> <span class='ocrx_word' id='word_1_10' title='bbox 1000 413 1241 480; x_wconf 87' lang='lat' dir='ltr'>ecclesiasticae</span> <span class='ocrx_word' id='word_1_11' title='bbox 1256 413 1327 497; x_wconf 78' lang='lat' dir='ltr'>sori</span> <span class='ocrx_word' id='word_1_12' title='bbox 1342 412 1491 497; x_wconf 81' lang='lat' dir='ltr'>interni,-</span> 
     </span>
     <span class='ocr_line' id='line_1_3' title="bbox 312 534 1490 622; baseline 0.002 -23"><span class='ocrx_word' id='word_1_13' title='bbox 312 534 429 600; x_wconf 87' lang='lat' dir='ltr'>delicta</span> <span class='ocrx_word' id='word_1_14' title='bbox 458 556 539 602; x_wconf 87' lang='lat' dir='ltr'>vero</span> <span class='ocrx_word' id='word_1_15' title='bbox 570 537 719 622; x_wconf 80' lang='lat' dir='ltr'>potestati</span> <span class='ocrx_word' id='word_1_16' title='bbox 750 536 822 619; x_wconf 78' lang='lat' dir='ltr'>sori</span> <span class='ocrx_word' id='word_1_17' title='bbox 850 536 994 604; x_wconf 72' lang='lat' dir='ltr'>aeterni.</span> <span class='ocrx_word' id='word_1_18' title='bbox 1028 537 1090 604; x_wconf 85' lang='lat' dir='ltr'>Sed</span> <span class='ocrx_word' id='word_1_19' title='bbox 1115 539 1160 602; x_wconf 90' lang='lat' dir='ltr'>uti</span> <span class='ocrx_word' id='word_1_20' title='bbox 1184 535 1380 610; x_wconf 81' lang='lat' dir='ltr'>docebimus,</span> <span class='ocrx_word' id='word_1_21' title='bbox 1405 536 1490 604; x_wconf 88' lang='lat' dir='ltr'>haec</span> 
     </span>
     <span class='ocr_line' id='line_1_4' title="bbox 312 660 1489 762; baseline 0.001 -39"><span class='ocrx_word' id='word_1_22' title='bbox 312 661 477 744; x_wconf 87' lang='lat' dir='ltr'>utriusque</span> <span class='ocrx_word' id='word_1_23' title='bbox 501 660 564 726; x_wconf 89' lang='lat' dir='ltr'>fori</span> <span class='ocrx_word' id='word_1_24' title='bbox 588 660 748 726; x_wconf 88' lang='lat' dir='ltr'>distinctio</span> <span class='ocrx_word' id='word_1_25' title='bbox 776 660 943 726; x_wconf 82' lang='lat' dir='ltr'><strong>dumtaxat</strong></span> <span class='ocrx_word' id='word_1_26' title='bbox 972 681 1148 762; x_wconf 78' lang='lat' dir='ltr'>progressu</span> <span class='ocrx_word' id='word_1_27' title='bbox 1178 665 1319 726; x_wconf 88' lang='lat' dir='ltr'>aetatum</span> <span class='ocrx_word' id='word_1_28' title='bbox 1343 660 1489 746; x_wconf 84' lang='lat' dir='ltr'>perfecte</span> 
     </span>
    </p>
   </div>
   <div class='ocr_carea' id='block_1_2' title="bbox 310 783 1492 3224">
    <p class='ocr_par' dir='ltr' id='par_1_3' title="bbox 310 783 1491 1480">
     <span class='ocr_line' id='line_1_5' title="bbox 311 783 1489 876; baseline 0 -28"><span class='ocrx_word' id='word_1_29' title='bbox 311 783 523 850; x_wconf 90' lang='lat' dir='ltr'>determinata</span> <span class='ocrx_word' id='word_1_30' title='bbox 548 791 605 866; x_wconf 88' lang='lat' dir='ltr'>est,</span> <span class='ocrx_word' id='word_1_31' title='bbox 631 787 749 872; x_wconf 86' lang='lat' dir='ltr'>quippe</span> <span class='ocrx_word' id='word_1_32' title='bbox 773 785 814 850; x_wconf 88' lang='lat' dir='ltr'>ab</span> <span class='ocrx_word' id='word_1_33' title='bbox 842 787 943 867; x_wconf 89' lang='lat' dir='ltr'>initio,</span> <span class='ocrx_word' id='word_1_34' title='bbox 956 784 1008 876; x_wconf 32' lang='lat' dir='ltr'>‘ob</span> <span class='ocrx_word' id='word_1_35' title='bbox 1032 805 1096 850; x_wconf 92' lang='lat' dir='ltr'>non</span> <span class='ocrx_word' id='word_1_36' title='bbox 1131 786 1310 870; x_wconf 77' lang='lat' dir='ltr'>perfectam</span> <span class='ocrx_word' id='word_1_37' title='bbox 1346 785 1489 868; x_wconf 81' lang='lat' dir='ltr'>explica-</span> 
     </span>
     <span class='ocr_line' id='line_1_6' title="bbox 310 909 1490 982; baseline -0.003 -7"><span class='ocrx_word' id='word_1_38' title='bbox 310 910 429 976; x_wconf 89' lang='lat' dir='ltr'>tionem</span> <span class='ocrx_word' id='word_1_39' title='bbox 460 911 622 976; x_wconf 89' lang='lat' dir='ltr'>societatis</span> <span class='ocrx_word' id='word_1_40' title='bbox 653 917 812 976; x_wconf 75' lang='lat' dir='ltr'>externae</span> <span class='ocrx_word' id='word_1_41' title='bbox 843 911 1050 982; x_wconf 80' lang='lat' dir='ltr'>christianae,</span> <span class='ocrx_word' id='word_1_42' title='bbox 1074 930 1174 975; x_wconf 89' lang='lat' dir='ltr'>unum</span> <span class='ocrx_word' id='word_1_43' title='bbox 1199 911 1306 976; x_wconf 80' lang='lat' dir='ltr'>sorum</span> <span class='ocrx_word' id='word_1_44' title='bbox 1330 930 1402 975; x_wconf 91' lang='lat' dir='ltr'>cum</span> <span class='ocrx_word' id='word_1_45' title='bbox 1426 909 1490 973; x_wconf 92' lang='lat' dir='ltr'>alio</span> 
     </span>
     <span class='ocr_line' id='line_1_7' title="bbox 311 1035 1489 1122; baseline -0.001 -22"><span class='ocrx_word' id='word_1_46' title='bbox 311 1035 407 1100; x_wconf 84' lang='lat' dir='ltr'>facile</span> <span class='ocrx_word' id='word_1_47' title='bbox 430 1035 689 1110; x_wconf 83' lang='lat' dir='ltr'>confundebatur</span> <span class='ocrx_word' id='word_1_48' title='bbox 712 1041 817 1119; x_wconf 86' lang='lat' dir='ltr'>atque,</span> <span class='ocrx_word' id='word_1_49' title='bbox 843 1037 1088 1122; x_wconf 89' lang='lat' dir='ltr'>utplurimum,</span> <span class='ocrx_word' id='word_1_50' title='bbox 1114 1038 1277 1104; x_wconf 88' lang='lat' dir='ltr'>internum</span> <span class='ocrx_word' id='word_1_51' title='bbox 1301 1035 1407 1100; x_wconf 86' lang='lat' dir='ltr'>forum</span> <span class='ocrx_word' id='word_1_52' title='bbox 1431 1042 1489 1100; x_wconf 83' lang='lat' dir='ltr'>ex·</span> 
     </span>
     <span class='ocr_line' id='line_1_8' title="bbox 310 1143 1490 1232; baseline -0.001 -23"><span class='ocrx_word' id='word_1_53' title='bbox 310 1147 406 1209; x_wconf 89' lang='lat' dir='ltr'>terno</span> <span class='ocrx_word' id='word_1_54' title='bbox 430 1143 648 1228; x_wconf 79' lang='lat' dir='ltr'>praevalebat,</span> <span class='ocrx_word' id='word_1_55' title='bbox 666 1145 830 1230; x_wconf 86' lang='lat' dir='ltr'>potissime</span> <span class='ocrx_word' id='word_1_56' title='bbox 861 1146 935 1229; x_wconf 93' lang='lat' dir='ltr'>quia</span> <span class='ocrx_word' id='word_1_57' title='bbox 966 1166 1025 1232; x_wconf 89' lang='lat' dir='ltr'>pro</span> <span class='ocrx_word' id='word_1_58' title='bbox 1050 1144 1237 1210; x_wconf 86' lang='lat' dir='ltr'>criminibus</span> <span class='ocrx_word' id='word_1_59' title='bbox 1261 1145 1414 1227; x_wconf 91' lang='lat' dir='ltr'>cuiusque</span> <span class='ocrx_word' id='word_1_60' title='bbox 1438 1163 1490 1229; x_wconf 83' lang='lat' dir='ltr'>ge·</span> 
     </span>
     <span class='ocr_line' id='line_1_9' title="bbox 311 1271 1491 1358; baseline 0.003 -24"><span class='ocrx_word' id='word_1_61' title='bbox 311 1273 410 1344; x_wconf 91' lang='lat' dir='ltr'>neris,</span> <span class='ocrx_word' id='word_1_62' title='bbox 429 1272 480 1336; x_wconf 88' lang='lat' dir='ltr'>vel</span> <span class='ocrx_word' id='word_1_63' title='bbox 503 1293 584 1356; x_wconf 89' lang='lat' dir='ltr'>pure</span> <span class='ocrx_word' id='word_1_64' title='bbox 597 1271 754 1346; x_wconf 88' lang='lat' dir='ltr'>civilibus,</span> <span class='ocrx_word' id='word_1_65' title='bbox 768 1273 998 1356; x_wconf 83' lang='lat' dir='ltr'>poenitentioe</span> <span class='ocrx_word' id='word_1_66' title='bbox 1021 1273 1267 1358; x_wconf 85' lang='lat' dir='ltr'>imponebantur</span> <span class='ocrx_word' id='word_1_67' title='bbox 1289 1273 1424 1340; x_wconf 82' lang='lat' dir='ltr'>ratione</span> <span class='ocrx_word' id='word_1_68' title='bbox 1439 1293 1491 1338; x_wconf 86' lang='lat' dir='ltr'>sa-</span> 
     </span>
     <span class='ocr_line' id='line_1_10' title="bbox 312 1393 592 1480; baseline -0.007 -21"><span class='ocrx_word' id='word_1_69' title='bbox 312 1395 514 1460; x_wconf 83' lang='lat' dir='ltr'>cramentali</span> <span class='ocrx_word' id='word_1_70' title='bbox 538 1393 592 1480; x_wconf 89' lang='lat' dir='ltr'>(l).</span> 
     </span>
    </p>

    <p class='ocr_par' dir='ltr' id='par_1_4' title="bbox 310 1516 1492 2725">
     <span class='ocr_line' id='line_1_11' title="bbox 404 1516 1488 1586; baseline 0.003 -5"><span class='ocrx_word' id='word_1_71' title='bbox 404 1516 553 1582; x_wconf 83' lang='lat' dir='ltr'>Praestat</span> <span class='ocrx_word' id='word_1_72' title='bbox 577 1517 692 1582; x_wconf 90' lang='lat' dir='ltr'>deinde</span> <span class='ocrx_word' id='word_1_73' title='bbox 716 1517 889 1584; x_wconf 85' lang='lat' dir='ltr'>advertere</span> <span class='ocrx_word' id='word_1_74' title='bbox 912 1520 990 1584; x_wconf 92' lang='lat' dir='ltr'>huic</span> <span class='ocrx_word' id='word_1_75' title='bbox 1017 1519 1212 1585; x_wconf 85' lang='lat' dir='ltr'>distinctioni</span> <span class='ocrx_word' id='word_1_76' title='bbox 1243 1523 1372 1586; x_wconf 91' lang='lat' dir='ltr'>omnino</span> <span class='ocrx_word' id='word_1_77' title='bbox 1397 1521 1488 1585; x_wconf 90' lang='lat' dir='ltr'>inniti</span> 
     </span>
     <span class='ocr_line' id='line_1_12' title="bbox 312 1641 1492 1727; baseline 0.005 -23"><span class='ocrx_word' id='word_1_78' title='bbox 312 1641 393 1706; x_wconf 90' lang='lat' dir='ltr'>illud</span> <span class='ocrx_word' id='word_1_79' title='bbox 413 1641 605 1727; x_wconf 89' lang='lat' dir='ltr'>principium</span> <span class='ocrx_word' id='word_1_80' title='bbox 622 1643 702 1706; x_wconf 93' lang='lat' dir='ltr'>iuris</span> <span class='ocrx_word' id='word_1_81' title='bbox 722 1641 841 1727; x_wconf 87' lang='lat' dir='ltr'>publici</span> <span class='ocrx_word' id='word_1_82' title='bbox 858 1644 1070 1718; x_wconf 87' lang='lat' dir='ltr'>ecelesiastici</span> <span class='ocrx_word' id='word_1_83' title='bbox 1090 1667 1108 1706; x_wconf 89' lang='lat'>‹&lt;</span> <span class='ocrx_word' id='word_1_84' title='bbox 1125 1645 1273 1710; x_wconf 85' lang='lat' dir='ltr'>Ecclesia</span> <span class='ocrx_word' id='word_1_85' title='bbox 1287 1665 1352 1710; x_wconf 90' lang='lat' dir='ltr'>non</span> <span class='ocrx_word' id='word_1_86' title='bbox 1372 1645 1492 1726; x_wconf 83' lang='lat' dir='ltr'>iudicat</span> 
     </span>
     <span class='ocr_line' id='line_1_13' title="bbox 312 1765 1488 1854; baseline 0.007 -26"><span class='ocrx_word' id='word_1_87' title='bbox 312 1765 351 1830; x_wconf 92' lang='lat' dir='ltr'>de</span> <span class='ocrx_word' id='word_1_88' title='bbox 366 1765 500 1831; x_wconf 91' lang='lat' dir='ltr'>occultis</span> <span class='ocrx_word' id='word_1_89' title='bbox 520 1787 550 1840; x_wconf 71' lang='lat' dir='ltr'>a,</span> <span class='ocrx_word' id='word_1_90' title='bbox 568 1787 610 1832; x_wconf 85' lang='lat' dir='ltr'>ex</span> <span class='ocrx_word' id='word_1_91' title='bbox 634 1787 708 1833; x_wconf 85' lang='lat' dir='ltr'>con.</span> <span class='ocrx_word' id='word_1_92' title='bbox 723 1767 769 1838; x_wconf 86' lang='lat'>11,</span> <span class='ocrx_word' id='word_1_93' title='bbox 787 1768 869 1834; x_wconf 84' lang='lat' dir='ltr'>Dist.</span> <span class='ocrx_word' id='word_1_94' title='bbox 887 1767 938 1834; x_wconf 82' lang='grc'>32</span> <span class='ocrx_word' id='word_1_95' title='bbox 953 1775 986 1834; x_wconf 92' lang='lat' dir='ltr'>et</span> <span class='ocrx_word' id='word_1_96' title='bbox 1001 1790 1028 1835; x_wconf 89' lang='lat' dir='ltr'>c.</span> <span class='ocrx_word' id='word_1_97' title='bbox 1046 1767 1096 1836; x_wconf 90' lang='grc'>33</span> <span class='ocrx_word' id='word_1_98' title='bbox 1112 1772 1157 1834; x_wconf 90' lang='lat' dir='ltr'>De</span> <span class='ocrx_word' id='word_1_99' title='bbox 1171 1769 1293 1836; x_wconf 86' lang='lat' dir='ltr'>Simon.</span> <span class='ocrx_word' id='word_1_100' title='bbox 1311 1772 1344 1836; x_wconf 90' lang='lat' dir='ltr'>X</span> <span class='ocrx_word' id='word_1_101' title='bbox 1361 1769 1415 1854; x_wconf 82' lang='lat' dir='ltr'>(V,</span> <span class='ocrx_word' id='word_1_102' title='bbox 1432 1771 1488 1853; x_wconf 82' lang='lat'>3.),</span> 
     </span>
     <span class='ocr_line' id='line_1_14' title="bbox 311 1889 1488 1980; baseline 0.004 -27"><span class='ocrx_word' id='word_1_103' title='bbox 311 1889 462 1954; x_wconf 90' lang='lat' dir='ltr'>nimirum</span> <span class='ocrx_word' id='word_1_104' title='bbox 485 1891 528 1956; x_wconf 85' lang='lat' dir='ltr'>de</span> <span class='ocrx_word' id='word_1_105' title='bbox 549 1890 765 1972; x_wconf 69' lang='lat' dir='ltr'>intentanti</span> <span class='ocrx_word' id='word_1_106' title='bbox 789 1896 877 1976; x_wconf 88' lang='lat' dir='ltr'>patet</span> <span class='ocrx_word' id='word_1_107' title='bbox 900 1912 942 1957; x_wconf 82' lang='lat' dir='ltr'>eu</span> <span class='ocrx_word' id='word_1_108' title='bbox 965 1893 1111 1958; x_wconf 87' lang='lat' dir='ltr'>subiecta</span> <span class='ocrx_word' id='word_1_109' title='bbox 1133 1895 1287 1958; x_wconf 89' lang='lat' dir='ltr'>materia:</span> <span class='ocrx_word' id='word_1_110' title='bbox 1311 1893 1354 1960; x_wconf 82' lang='lat' dir='ltr'>cf.</span> <span class='ocrx_word' id='word_1_111' title='bbox 1379 1895 1488 1980; x_wconf 84' lang='lat' dir='ltr'>Lugo,</span> 
     </span>
     <span class='ocr_line' id='line_1_15' title="bbox 310 2011 1490 2103; baseline 0.004 -26"><span class='ocrx_word' id='word_1_112' title='bbox 310 2011 362 2078; x_wconf 89' lang='lat' dir='ltr'>De</span> <span class='ocrx_word' id='word_1_113' title='bbox 383 2015 478 2088; x_wconf 83' lang='lat' dir='ltr'>Fide,</span> <span class='ocrx_word' id='word_1_114' title='bbox 503 2013 636 2088; x_wconf 84' lang='lat' dir='ltr'><em>XXIII,</em></span> <span class='ocrx_word' id='word_1_115' title='bbox 662 2015 696 2088; x_wconf 80' lang='lat'>5,</span> <span class='ocrx_word' id='word_1_116' title='bbox 720 2017 773 2080; x_wconf 84' lang='lat'>10.</span> <span class='ocrx_word' id='word_1_117' title='bbox 799 2017 949 2084; x_wconf 82' lang='lat' dir='ltr'>Ecclesia</span> <span class='ocrx_word' id='word_1_118' title='bbox 972 2020 1057 2082; x_wconf 89' lang='lat' dir='ltr'>enim</span> <span class='ocrx_word' id='word_1_119' title='bbox 1081 2023 1177 2103; x_wconf 91' lang='lat' dir='ltr'>prout</span> <span class='ocrx_word' id='word_1_120' title='bbox 1199 2024 1248 2082; x_wconf 89' lang='lat' dir='ltr'>est</span> <span class='ocrx_word' id='word_1_121' title='bbox 1271 2021 1408 2084; x_wconf 87' lang='lat' dir='ltr'>societas</span> <span class='ocrx_word' id='word_1_122' title='bbox 1430 2038 1490 2084; x_wconf 80' lang='lat' dir='ltr'>ex-</span> 
     </span>
     <span class='ocr_line' id='line_1_16' title="bbox 312 2139 1490 2227; baseline 0.002 -23"><span class='ocrx_word' id='word_1_123' title='bbox 312 2147 407 2204; x_wconf 89' lang='lat' dir='ltr'>terna</span> <span class='ocrx_word' id='word_1_124' title='bbox 429 2139 570 2204; x_wconf 91' lang='lat' dir='ltr'>iudiciali</span> <span class='ocrx_word' id='word_1_125' title='bbox 587 2147 619 2206; x_wconf 89' lang='lat' dir='ltr'>et</span> <span class='ocrx_word' id='word_1_126' title='bbox 634 2143 781 2208; x_wconf 90' lang='lat' dir='ltr'>coactiva</span> <span class='ocrx_word' id='word_1_127' title='bbox 796 2142 922 2226; x_wconf 89' lang='lat' dir='ltr'>pollens</span> <span class='ocrx_word' id='word_1_128' title='bbox 945 2148 1114 2227; x_wconf 88' lang='lat' dir='ltr'>potestate,</span> <span class='ocrx_word' id='word_1_129' title='bbox 1130 2141 1229 2208; x_wconf 91' lang='lat' dir='ltr'>habet</span> <span class='ocrx_word' id='word_1_130' title='bbox 1247 2144 1364 2227; x_wconf 77' lang='lat' dir='ltr'>foruna</span> <span class='ocrx_word' id='word_1_131' title='bbox 1383 2149 1490 2209; x_wconf 83' lang='lat' dir='ltr'>enter·</span> 
     </span>
     <span class='ocr_line' id='line_1_17' title="bbox 311 2261 1489 2351; baseline 0.003 -24"><span class='ocrx_word' id='word_1_132' title='bbox 311 2282 405 2328; x_wconf 84' lang='lat' dir='ltr'>num.</span> <span class='ocrx_word' id='word_1_133' title='bbox 431 2263 555 2328; x_wconf 88' lang='lat' dir='ltr'>Iudicat</span> <span class='ocrx_word' id='word_1_134' title='bbox 578 2261 617 2328; x_wconf 90' lang='lat' dir='ltr'>de</span> <span class='ocrx_word' id='word_1_135' title='bbox 642 2266 779 2330; x_wconf 90' lang='lat' dir='ltr'>internis</span> <span class='ocrx_word' id='word_1_136' title='bbox 803 2287 860 2329; x_wconf 90' lang='lat' dir='ltr'>seu</span> <span class='ocrx_word' id='word_1_137' title='bbox 884 2266 923 2330; x_wconf 92' lang='lat' dir='ltr'>de</span> <span class='ocrx_word' id='word_1_138' title='bbox 947 2269 1088 2351; x_wconf 88' lang='lat' dir='ltr'>peccatis</span> <span class='ocrx_word' id='word_1_139' title='bbox 1107 2269 1140 2332; x_wconf 91' lang='lat' dir='ltr'>in</span> <span class='ocrx_word' id='word_1_140' title='bbox 1163 2266 1241 2349; x_wconf 73' lang='lat' dir='ltr'>soro</span> <span class='ocrx_word' id='word_1_141' title='bbox 1264 2268 1408 2340; x_wconf 85' lang='lat' dir='ltr'>interno,</span> <span class='ocrx_word' id='word_1_142' title='bbox 1433 2285 1489 2333; x_wconf 87' lang='lat' dir='ltr'>seu</span> 
     </span>
     <span class='ocr_line' id='line_1_18' title="bbox 311 2389 1490 2464; baseline 0.003 -12"><span class='ocrx_word' id='word_1_143' title='bbox 311 2389 537 2454; x_wconf 84' lang='lat' dir='ltr'>sacramentali</span> <span class='ocrx_word' id='word_1_144' title='bbox 561 2394 593 2454; x_wconf 88' lang='lat' dir='ltr'>et</span> <span class='ocrx_word' id='word_1_145' title='bbox 617 2391 851 2464; x_wconf 88' lang='lat' dir='ltr'>conscientiae,</span> <span class='ocrx_word' id='word_1_146' title='bbox 877 2390 932 2456; x_wconf 92' lang='lat' dir='ltr'>sed</span> <span class='ocrx_word' id='word_1_147' title='bbox 959 2396 1037 2456; x_wconf 91' lang='lat' dir='ltr'>tune</span> <span class='ocrx_word' id='word_1_148' title='bbox 1061 2392 1213 2457; x_wconf 90' lang='lat' dir='ltr'>iudicium</span> <span class='ocrx_word' id='word_1_149' title='bbox 1237 2413 1302 2458; x_wconf 92' lang='lat' dir='ltr'>non</span> <span class='ocrx_word' id='word_1_150' title='bbox 1327 2395 1376 2457; x_wconf 90' lang='lat' dir='ltr'>est</span> <span class='ocrx_word' id='word_1_151' title='bbox 1399 2397 1490 2457; x_wconf 89' lang='lat' dir='ltr'>actus</span> 
     </span>
     <span class='ocr_line' id='line_1_19' title="bbox 311 2516 1489 2604; baseline 0.005 -28"><span class='ocrx_word' id='word_1_152' title='bbox 311 2517 477 2596; x_wconf 88' lang='lat' dir='ltr'>potestatis</span> <span class='ocrx_word' id='word_1_153' title='bbox 500 2516 627 2582; x_wconf 89' lang='lat' dir='ltr'>socialis</span> <span class='ocrx_word' id='word_1_154' title='bbox 650 2520 684 2580; x_wconf 90' lang='lat' dir='ltr'>et</span> <span class='ocrx_word' id='word_1_155' title='bbox 707 2517 943 2598; x_wconf 81' lang='lat' dir='ltr'>contentiosae,</span> <span class='ocrx_word' id='word_1_156' title='bbox 960 2517 1015 2584; x_wconf 92' lang='lat' dir='ltr'>sed</span> <span class='ocrx_word' id='word_1_157' title='bbox 1039 2523 1195 2604; x_wconf 88' lang='lat' dir='ltr'>paternae</span> <span class='ocrx_word' id='word_1_158' title='bbox 1211 2521 1244 2584; x_wconf 88' lang='lat' dir='ltr'>et</span> <span class='ocrx_word' id='word_1_159' title='bbox 1267 2518 1489 2590; x_wconf 87' lang='lat' dir='ltr'>sacerdotalis,</span> 
     </span>
     <span class='ocr_line' id='line_1_20' title="bbox 312 2611 737 2725; baseline 0.005 -23"><span class='ocrx_word' id='word_1_160' title='bbox 312 2657 427 2722; x_wconf 90' lang='lat' dir='ltr'>nempe</span> <span class='ocrx_word' id='word_1_161' title='bbox 449 2611 665 2706; x_wconf 84' lang='lat' dir='ltr'>voluntariae</span> <span class='ocrx_word' id='word_1_162' title='bbox 681 2638 737 2725; x_wconf 79' lang='lat'><strong>(2).</strong></span> 
     </span>
    </p>

    <p class='ocr_par' dir='ltr' id='par_1_5' title="bbox 312 2763 1490 3224">
     <span class='ocr_line' id='line_1_21' title="bbox 404 2763 1490 2850; baseline 0.004 -22"><span class='ocrx_word' id='word_1_163' title='bbox 404 2765 453 2828; x_wconf 84' lang='lat'>18.</span> <span class='ocrx_word' id='word_1_164' title='bbox 479 2763 648 2838; x_wconf 88' lang='lat' dir='ltr'>Delictum,</span> <span class='ocrx_word' id='word_1_165' title='bbox 674 2769 784 2850; x_wconf 91' lang='lat' dir='ltr'>utpote</span> <span class='ocrx_word' id='word_1_166' title='bbox 807 2766 891 2849; x_wconf 93' lang='lat' dir='ltr'>quod</span> <span class='ocrx_word' id='word_1_167' title='bbox 926 2765 1040 2834; x_wconf 84' lang='lat' dir='ltr'>turbat</span> <span class='ocrx_word' id='word_1_168' title='bbox 1074 2768 1232 2834; x_wconf 80' lang='lat' dir='ltr'>ordinem</span> <span class='ocrx_word' id='word_1_169' title='bbox 1262 2769 1431 2840; x_wconf 71' lang='lat' dir='ltr'>sodalem,</span> <span class='ocrx_word' id='word_1_170' title='bbox 1456 2769 1490 2832; x_wconf 90' lang='lat' dir='ltr'>in</span> 
     </span>
     <span class='ocr_line' id='line_1_22' title="bbox 312 2887 1489 2978; baseline 0.002 -26"><span class='ocrx_word' id='word_1_171' title='bbox 312 2891 456 2954; x_wconf 80' lang='lat' dir='ltr'>coeterna</span> <span class='ocrx_word' id='word_1_172' title='bbox 471 2887 552 2972; x_wconf 90' lang='lat' dir='ltr'>legis</span> <span class='ocrx_word' id='word_1_173' title='bbox 568 2888 742 2954; x_wconf 84' lang='lat' dir='ltr'>violatione</span> <span class='ocrx_word' id='word_1_174' title='bbox 760 2889 915 2954; x_wconf 91' lang='lat' dir='ltr'>consistit.</span> <span class='ocrx_word' id='word_1_175' title='bbox 936 2890 1078 2954; x_wconf 89' lang='lat' dir='ltr'>Violatio</span> <span class='ocrx_word' id='word_1_176' title='bbox 1096 2892 1180 2956; x_wconf 92' lang='lat' dir='ltr'>enim</span> <span class='ocrx_word' id='word_1_177' title='bbox 1197 2892 1288 2978; x_wconf 83' lang='lat' dir='ltr'>legis,</span> <span class='ocrx_word' id='word_1_178' title='bbox 1305 2891 1372 2957; x_wconf 89' lang='lat' dir='ltr'>solo</span> <span class='ocrx_word' id='word_1_179' title='bbox 1392 2891 1489 2956; x_wconf 91' lang='lat' dir='ltr'>animi</span> 
     </span>
     <span class='ocr_line' id='line_1_23' title="bbox 312 2985 1487 3097; baseline 0.002 -21"><span class='ocrx_word' id='word_1_180' title='bbox 312 3008 431 3078; x_wconf 84' lang='lat' dir='ltr'>affeetu</span> <span class='ocrx_word' id='word_1_181' title='bbox 445 3011 583 3078; x_wconf 91' lang='lat' dir='ltr'>admissa</span> <span class='ocrx_word' id='word_1_182' title='bbox 599 3033 655 3077; x_wconf 89' lang='lat' dir='ltr'>seu</span> <span class='ocrx_word' id='word_1_183' title='bbox 671 3012 817 3086; x_wconf 82' lang='lat' dir='ltr'>interno,</span> <span class='ocrx_word' id='word_1_184' title='bbox 835 3020 884 3080; x_wconf 88' lang='lat' dir='ltr'>est</span> <span class='ocrx_word' id='word_1_185' title='bbox 895 3019 1084 3097; x_wconf 85' lang='lat' dir='ltr'>peccatum,</span> <span class='ocrx_word' id='word_1_186' title='bbox 1101 3015 1157 3080; x_wconf 91' lang='lat' dir='ltr'>sed</span> <span class='ocrx_word' id='word_1_187' title='bbox 1173 3036 1238 3081; x_wconf 91' lang='lat' dir='ltr'>non</span> <span class='ocrx_word' id='word_1_188' title='bbox 1255 3021 1304 3082; x_wconf 90' lang='lat' dir='ltr'>est</span> <span class='ocrx_word' id='word_1_189' title='bbox 1320 2985 1487 3083; x_wconf 75' lang='lat' dir='ltr'>delictum.</span> 
     </span>
     <span class='ocr_line' id='line_1_24' title="bbox 312 3137 1490 3224; baseline 0.003 -24"><span class='ocrx_word' id='word_1_190' title='bbox 312 3137 356 3201; x_wconf 82' lang='lat' dir='ltr'>nt</span> <span class='ocrx_word' id='word_1_191' title='bbox 379 3137 439 3201; x_wconf 90' lang='lat' dir='ltr'>ista</span> <span class='ocrx_word' id='word_1_192' title='bbox 462 3139 566 3220; x_wconf 89' lang='lat' dir='ltr'>potest</span> <span class='ocrx_word' id='word_1_193' title='bbox 589 3156 660 3202; x_wconf 86' lang='lat' dir='ltr'>esse</span> <span class='ocrx_word' id='word_1_194' title='bbox 686 3143 830 3203; x_wconf 64' lang='lat' dir='ltr'>animno</span> <span class='ocrx_word' id='word_1_195' title='bbox 853 3137 910 3203; x_wconf 91' lang='lat' dir='ltr'>sed</span> <span class='ocrx_word' id='word_1_196' title='bbox 933 3140 1073 3210; x_wconf 84' lang='lat' dir='ltr'>occulta,</span> <span class='ocrx_word' id='word_1_197' title='bbox 1098 3157 1155 3204; x_wconf 89' lang='lat' dir='ltr'>seu</span> <span class='ocrx_word' id='word_1_198' title='bbox 1179 3159 1261 3223; x_wconf 89' lang='lat' dir='ltr'>quae</span> <span class='ocrx_word' id='word_1_199' title='bbox 1286 3159 1406 3220; x_wconf 75' lang='lat' dir='ltr'>omneS,</span> <span class='ocrx_word' id='word_1_200' title='bbox 1430 3159 1490 3224; x_wconf 88' lang='lat' dir='ltr'>per</span> 
     </span>
    </p>
   </div>
   <div class='ocr_carea' id='block_1_3' title="bbox 311 3366 1493 4492">
    <p class='ocr_par' dir='ltr' id='par_1_6' title="bbox 312 3366 1491 3647">
     <span class='ocr_line' id='line_1_25' title="bbox 400 3366 1490 3440; baseline 0.004 -20"><span class='ocrx_word' id='word_1_201' title='bbox 400 3366 440 3436; x_wconf 88' lang='lat' dir='ltr'>(l)</span> <span class='ocrx_word' id='word_1_202' title='bbox 451 3367 572 3421; x_wconf 84' lang='lat' dir='ltr'>Possunt</span> <span class='ocrx_word' id='word_1_203' title='bbox 581 3368 711 3435; x_wconf 82' lang='lat' dir='ltr'>conferri,</span> <span class='ocrx_word' id='word_1_204' title='bbox 724 3385 796 3439; x_wconf 87' lang='lat' dir='ltr'>quae</span> <span class='ocrx_word' id='word_1_205' title='bbox 810 3369 838 3422; x_wconf 91' lang='lat' dir='ltr'>in</span> <span class='ocrx_word' id='word_1_206' title='bbox 851 3369 906 3424; x_wconf 91' lang='lat' dir='ltr'>vol.</span> <span class='ocrx_word' id='word_1_207' title='bbox 914 3369 937 3422; x_wconf 93' lang='lat' dir='ltr'>ll</span> <span class='ocrx_word' id='word_1_208' title='bbox 948 3369 1148 3438; x_wconf 82' lang='lat' dir='ltr'>explicavimus</span> <span class='ocrx_word' id='word_1_209' title='bbox 1159 3370 1192 3424; x_wconf 88' lang='lat' dir='ltr'>de</span> <span class='ocrx_word' id='word_1_210' title='bbox 1203 3371 1312 3426; x_wconf 82' lang='lat' dir='ltr'>Posuit.</span> <span class='ocrx_word' id='word_1_211' title='bbox 1320 3370 1490 3440; x_wconf 84' lang='lat' dir='ltr'>Apostolica,</span> 
     </span>
     <span class='ocr_line' id='line_1_26' title="bbox 313 3470 1491 3546; baseline 0.004 -22"><span class='ocrx_word' id='word_1_212' title='bbox 313 3486 383 3541; x_wconf 88' lang='lat' dir='ltr'>quae</span> <span class='ocrx_word' id='word_1_213' title='bbox 402 3470 492 3525; x_wconf 88' lang='lat' dir='ltr'>serius</span> <span class='ocrx_word' id='word_1_214' title='bbox 510 3475 620 3525; x_wconf 87' lang='lat' dir='ltr'>tantum</span> <span class='ocrx_word' id='word_1_215' title='bbox 639 3471 694 3525; x_wconf 84' lang='lat' dir='ltr'>fuit</span> <span class='ocrx_word' id='word_1_216' title='bbox 713 3473 875 3539; x_wconf 87' lang='lat' dir='ltr'>constituta,</span> <span class='ocrx_word' id='word_1_217' title='bbox 894 3473 936 3526; x_wconf 87' lang='lat' dir='ltr'>uti</span> <span class='ocrx_word' id='word_1_218' title='bbox 956 3473 1075 3527; x_wconf 86' lang='lat' dir='ltr'>officium</span> <span class='ocrx_word' id='word_1_219' title='bbox 1102 3474 1238 3544; x_wconf 84' lang='lat' dir='ltr'>privative</span> <span class='ocrx_word' id='word_1_220' title='bbox 1264 3474 1421 3529; x_wconf 89' lang='lat' dir='ltr'>ordinatum</span> <span class='ocrx_word' id='word_1_221' title='bbox 1440 3491 1491 3546; x_wconf 92' lang='lat' dir='ltr'>pro</span> 
     </span>
     <span class='ocr_line' id='line_1_27' title="bbox 312 3574 1299 3647; baseline 0.003 -18"><span class='ocrx_word' id='word_1_222' title='bbox 312 3578 371 3631; x_wconf 84' lang='lat' dir='ltr'>loro</span> <span class='ocrx_word' id='word_1_223' title='bbox 390 3576 510 3630; x_wconf 87' lang='lat' dir='ltr'>intorno.</span> <span class='ocrx_word' id='word_1_224' title='bbox 530 3575 569 3629; x_wconf 85' lang='lat' dir='ltr'>Cf.</span> <span class='ocrx_word' id='word_1_225' title='bbox 592 3576 660 3629; x_wconf 89' lang='lat' dir='ltr'>Van.</span> <span class='ocrx_word' id='word_1_226' title='bbox 681 3577 781 3647; x_wconf 82' lang='lat' dir='ltr'>Espen.</span> <span class='ocrx_word' id='word_1_227' title='bbox 802 3578 859 3632; x_wconf 81' lang='lat' dir='ltr'>Ina.</span> <span class='ocrx_word' id='word_1_228' title='bbox 882 3577 948 3632; x_wconf 82' lang='lat' dir='ltr'>Can.</span> <span class='ocrx_word' id='word_1_229' title='bbox 975 3574 1053 3631; x_wconf 82' lang='lat' dir='ltr'>Unio.</span> <span class='ocrx_word' id='word_1_230' title='bbox 1073 3579 1104 3633; x_wconf 91' lang='lat' dir='ltr'>P.</span> <span class='ocrx_word' id='word_1_231' title='bbox 1124 3579 1180 3644; x_wconf 81' lang='lat' dir='ltr'>Ill,</span> <span class='ocrx_word' id='word_1_232' title='bbox 1199 3582 1237 3632; x_wconf 82' lang='lat' dir='ltr'>tit.</span> <span class='ocrx_word' id='word_1_233' title='bbox 1260 3580 1299 3632; x_wconf 80' lang='lat'>11.</span> 
     </span>
    </p>

    <p class='ocr_par' dir='ltr' id='par_1_7' title="bbox 311 3677 1493 4492">
     <span class='ocr_line' id='line_1_28' title="bbox 401 3677 1491 3752; baseline 0.006 -21"><span class='ocrx_word' id='word_1_234' title='bbox 401 3679 440 3748; x_wconf 84' lang='grc'>(2)</span> <span class='ocrx_word' id='word_1_235' title='bbox 460 3678 626 3748; x_wconf 81' lang='lat' dir='ltr'>Antiquiore</span> <span class='ocrx_word' id='word_1_236' title='bbox 654 3677 803 3750; x_wconf 89' lang='lat' dir='ltr'>disciplina</span> <span class='ocrx_word' id='word_1_237' title='bbox 827 3682 1022 3752; x_wconf 83' lang='lat' dir='ltr'>frequentatae</span> <span class='ocrx_word' id='word_1_238' title='bbox 1050 3686 1116 3734; x_wconf 91' lang='lat' dir='ltr'>sunt</span> <span class='ocrx_word' id='word_1_239' title='bbox 1144 3681 1334 3750; x_wconf 87' lang='lat' dir='ltr'>poenitentiae</span> <span class='ocrx_word' id='word_1_240' title='bbox 1362 3682 1491 3752; x_wconf 87' lang='lat' dir='ltr'>publicae</span> 
     </span>
     <span class='ocr_line' id='line_1_29' title="bbox 311 3783 1492 3856; baseline 0.004 -21"><span class='ocrx_word' id='word_1_241' title='bbox 311 3783 434 3837; x_wconf 88' lang='lat' dir='ltr'>inflictae</span> <span class='ocrx_word' id='word_1_242' title='bbox 453 3787 516 3851; x_wconf 89' lang='lat' dir='ltr'>post</span> <span class='ocrx_word' id='word_1_243' title='bbox 534 3783 738 3838; x_wconf 83' lang='lat' dir='ltr'>contessionem</span> <span class='ocrx_word' id='word_1_244' title='bbox 756 3785 843 3838; x_wconf 87' lang='lat' dir='ltr'>etiam</span> <span class='ocrx_word' id='word_1_245' title='bbox 855 3784 1105 3850; x_wconf 87' lang='lat' dir='ltr'>sacramentalem,</span> <span class='ocrx_word' id='word_1_246' title='bbox 1124 3789 1153 3839; x_wconf 89' lang='lat' dir='ltr'>et</span> <span class='ocrx_word' id='word_1_247' title='bbox 1171 3784 1327 3840; x_wconf 89' lang='lat' dir='ltr'>huiusmodi</span> <span class='ocrx_word' id='word_1_248' title='bbox 1348 3787 1492 3856; x_wconf 88' lang='lat' dir='ltr'>poeniten·</span> 
     </span>
     <span class='ocr_line' id='line_1_30' title="bbox 312 3887 1490 3962; baseline 0.004 -19"><span class='ocrx_word' id='word_1_249' title='bbox 312 3890 369 3944; x_wconf 89' lang='lat' dir='ltr'>tiae</span> <span class='ocrx_word' id='word_1_250' title='bbox 386 3887 545 3942; x_wconf 78' lang='lat' dir='ltr'>voluntarie</span> <span class='ocrx_word' id='word_1_251' title='bbox 563 3890 726 3944; x_wconf 84' lang='lat' dir='ltr'>ferebantur</span> <span class='ocrx_word' id='word_1_252' title='bbox 745 3907 763 3943; x_wconf 87' lang='lat' dir='ltr'>a</span> <span class='ocrx_word' id='word_1_253' title='bbox 780 3889 899 3959; x_wconf 86' lang='lat' dir='ltr'>publicis</span> <span class='ocrx_word' id='word_1_254' title='bbox 919 3891 1112 3959; x_wconf 85' lang='lat' dir='ltr'>peccatoribus</span> <span class='ocrx_word' id='word_1_255' title='bbox 1132 3908 1181 3946; x_wconf 83' lang='lat' dir='ltr'>seu</span> <span class='ocrx_word' id='word_1_256' title='bbox 1200 3890 1428 3962; x_wconf 87' lang='lat' dir='ltr'>delinquentibus</span> <span class='ocrx_word' id='word_1_257' title='bbox 1446 3894 1490 3949; x_wconf 82' lang='lat' dir='ltr'>vel</span> 
     </span>
     <span class='ocr_line' id='line_1_31' title="bbox 312 3995 1492 4064; baseline 0.003 -14"><span class='ocrx_word' id='word_1_258' title='bbox 312 3995 413 4051; x_wconf 86' lang='lat' dir='ltr'>saltem</span> <span class='ocrx_word' id='word_1_259' title='bbox 432 4012 449 4049; x_wconf 87' lang='lat' dir='ltr'>a</span> <span class='ocrx_word' id='word_1_260' title='bbox 468 3995 578 4064; x_wconf 90' lang='lat' dir='ltr'>publice</span> <span class='ocrx_word' id='word_1_261' title='bbox 597 3997 729 4054; x_wconf 80' lang='lat' dir='ltr'>confessis</span> <span class='ocrx_word' id='word_1_262' title='bbox 748 3997 778 4051; x_wconf 89' lang='lat' dir='ltr'>in</span> <span class='ocrx_word' id='word_1_263' title='bbox 796 3997 929 4052; x_wconf 86' lang='lat' dir='ltr'>maiorem</span> <span class='ocrx_word' id='word_1_264' title='bbox 944 3996 1113 4052; x_wconf 88' lang='lat' dir='ltr'>humilitatis</span> <span class='ocrx_word' id='word_1_265' title='bbox 1132 4002 1161 4052; x_wconf 89' lang='lat' dir='ltr'>et</span> <span class='ocrx_word' id='word_1_266' title='bbox 1180 3999 1357 4052; x_wconf 86' lang='lat' dir='ltr'>contritionis</span> <span class='ocrx_word' id='word_1_267' title='bbox 1376 4004 1492 4056; x_wconf 86' lang='lat' dir='ltr'>attesta-</span> 
     </span>
     <span class='ocr_line' id='line_1_32' title="bbox 312 4085 1493 4175; baseline 0.004 -20"><span class='ocrx_word' id='word_1_268' title='bbox 312 4102 426 4156; x_wconf 74' lang='lat' dir='ltr'>tionem·</span> <span class='ocrx_word' id='word_1_269' title='bbox 446 4102 516 4156; x_wconf 85' lang='lat' dir='ltr'>Nam</span> <span class='ocrx_word' id='word_1_270' title='bbox 535 4101 601 4174; x_wconf 90' lang='lat' dir='ltr'>quia</span> <span class='ocrx_word' id='word_1_271' title='bbox 618 4085 693 4157; x_wconf 84' lang='lat' dir='ltr'>salds</span> <span class='ocrx_word' id='word_1_272' title='bbox 712 4103 867 4158; x_wconf 86' lang='lat' dir='ltr'>animarum</span> <span class='ocrx_word' id='word_1_273' title='bbox 887 4105 916 4158; x_wconf 94' lang='lat' dir='ltr'>in</span> <span class='ocrx_word' id='word_1_274' title='bbox 936 4104 1062 4160; x_wconf 85' lang='lat' dir='ltr'>Ecclesia</span> <span class='ocrx_word' id='word_1_275' title='bbox 1082 4110 1125 4160; x_wconf 87' lang='lat' dir='ltr'>est</span> <span class='ocrx_word' id='word_1_276' title='bbox 1144 4106 1308 4175; x_wconf 86' lang='lat' dir='ltr'>praecipuus</span> <span class='ocrx_word' id='word_1_277' title='bbox 1326 4105 1405 4170; x_wconf 88' lang='lat' dir='ltr'>finis,</span> <span class='ocrx_word' id='word_1_278' title='bbox 1425 4110 1493 4160; x_wconf 88' lang='lat' dir='ltr'>tune</span> 
     </span>
     <span class='ocr_line' id='line_1_33' title="bbox 312 4207 1493 4280; baseline 0.003 -20"><span class='ocrx_word' id='word_1_279' title='bbox 312 4207 453 4276; x_wconf 88' lang='lat' dir='ltr'>temporis,</span> <span class='ocrx_word' id='word_1_280' title='bbox 472 4209 599 4263; x_wconf 79' lang='lat' dir='ltr'>fervente</span> <span class='ocrx_word' id='word_1_281' title='bbox 619 4209 771 4274; x_wconf 85' lang='lat' dir='ltr'>charitate,</span> <span class='ocrx_word' id='word_1_282' title='bbox 791 4227 824 4264; x_wconf 87' lang='lat' dir='ltr'>ea</span> <span class='ocrx_word' id='word_1_283' title='bbox 842 4227 914 4280; x_wconf 88' lang='lat' dir='ltr'>qnae</span> <span class='ocrx_word' id='word_1_284' title='bbox 933 4214 1042 4264; x_wconf 87' lang='lat' dir='ltr'>tantum</span> <span class='ocrx_word' id='word_1_285' title='bbox 1067 4210 1206 4264; x_wconf 89' lang='lat' dir='ltr'>contineri</span> <span class='ocrx_word' id='word_1_286' title='bbox 1232 4214 1362 4279; x_wconf 88' lang='lat' dir='ltr'>poterant</span> <span class='ocrx_word' id='word_1_287' title='bbox 1384 4211 1412 4263; x_wconf 94' lang='lat' dir='ltr'>in</span> <span class='ocrx_word' id='word_1_288' title='bbox 1431 4211 1493 4264; x_wconf 87' lang='lat' dir='ltr'>soro</span> 
     </span>
     <span class='ocr_line' id='line_1_34' title="bbox 312 4315 1493 4382; baseline -0.001 -13"><span class='ocrx_word' id='word_1_289' title='bbox 312 4315 509 4382; x_wconf 86' lang='lat' dir='ltr'>conscientiae,</span> <span class='ocrx_word' id='word_1_290' title='bbox 522 4315 731 4372; x_wconf 87' lang='lat' dir='ltr'>adducebantur</span> <span class='ocrx_word' id='word_1_291' title='bbox 744 4317 778 4371; x_wconf 88' lang='lat' dir='ltr'>ad</span> <span class='ocrx_word' id='word_1_292' title='bbox 790 4320 881 4373; x_wconf 83' lang='lat' dir='ltr'>iorum</span> <span class='ocrx_word' id='word_1_293' title='bbox 901 4323 1048 4374; x_wconf 85' lang='lat' dir='ltr'>externum</span> <span class='ocrx_word' id='word_1_294' title='bbox 1067 4317 1102 4371; x_wconf 90' lang='lat' dir='ltr'>ad</span> <span class='ocrx_word' id='word_1_295' title='bbox 1122 4317 1255 4372; x_wconf 86' lang='lat' dir='ltr'>maiorem</span> <span class='ocrx_word' id='word_1_296' title='bbox 1269 4316 1393 4372; x_wconf 85' lang='lat' dir='ltr'>fidelium</span> <span class='ocrx_word' id='word_1_297' title='bbox 1414 4315 1493 4371; x_wconf 86' lang='lat' dir='ltr'>aedi·</span> 
     </span>
     <span class='ocr_line' id='line_1_35' title="bbox 312 4421 1493 4492; baseline 0.003 -20"><span class='ocrx_word' id='word_1_298' title='bbox 312 4421 470 4476; x_wconf 84' lang='lat' dir='ltr'>ficationem</span> <span class='ocrx_word' id='word_1_299' title='bbox 490 4423 525 4476; x_wconf 94' lang='lat' dir='ltr'>ob</span> <span class='ocrx_word' id='word_1_300' title='bbox 544 4421 684 4491; x_wconf 87' lang='lat' dir='ltr'>publicam</span> <span class='ocrx_word' id='word_1_301' title='bbox 703 4421 887 4477; x_wconf 86' lang='lat' dir='ltr'>ostensionem</span> <span class='ocrx_word' id='word_1_302' title='bbox 906 4438 1052 4492; x_wconf 88' lang='lat' dir='ltr'>operarum</span> <span class='ocrx_word' id='word_1_303' title='bbox 1073 4421 1219 4476; x_wconf 79' lang='lat' dir='ltr'>charitati·</span> <span class='ocrx_word' id='word_1_304' title='bbox 1243 4425 1271 4476; x_wconf 89' lang='lat' dir='ltr'>et</span> <span class='ocrx_word' id='word_1_305' title='bbox 1290 4422 1493 4492; x_wconf 85' lang='lat' dir='ltr'>poenitentiae.</span> 
     </span>
    </p>
   </div>
   <div class='ocr_carea' id='block_1_4' title="bbox 0 0 1661 5108">
    <p class='ocr_par' dir='ltr' id='par_1_8' title="bbox 0 0 1661 5108">
     <span class='ocr_line' id='line_1_36' title="bbox 0 0 1661 5108; baseline 0 0"><span class='ocrx_word' id='word_1_306' title='bbox 0 0 1661 5108; x_wconf 95' lang='lat' dir='ltr'> </span> 
     </span>
    </p>
   </div>
  </div>
 </body>
</html>
