3296 5108
450 315 452 320 ¹
549 323 593 370 DE
617 321 771 370 numeris
794 323 837 368 ET
861 321 980 370 Pontus

380 643 401 725 g
426 640 455 705 t.
480 641 530 707 De
554 641 649 708 tibris
672 641 837 728 liturqicis
860 645 893 707 et
910 639 1126 722 precatoriis,

460 819 511 860 Huc
526 816 618 862 referat.
634 823 704 874 eaput
718 817 763 860 vt1
777 818 813 860 tu.
830 817 841 860 1
855 817 888 860 its
901 817 1044 871 inscriptum.

162 1011 381 1068 summarium.
395 1041 431 1053 -
443 1011 504 1068 370.
524 1013 655 1067 Refertur
667 1023 720 1066 art.
735 1013 780 1067 18.
791 1040 825 1054 -
838 1011 899 1066 371.
913 983 1127 1064 commentatio.
1142 1037 1175 1050 -
1189 1007 1250 1062 372.
1264 1007 1348 1062 Rete-

255 1126 356 1176 runtur
372 1133 425 1176 art.
445 1121 481 1175 19
500 1132 527 1176 et
544 1122 593 1174 20.
612 1149 649 1162 -
666 1119 727 1174 373.
747 1120 962 1174 Commentatio.
1040 1195 1041 1202 ἵ

255 1339 331 1404 370.
355 1339 441 1406 Aur.
460 1339 516 1404 18:
544 1339 621 1406 «ln
644 1337 844 1404 authenticis
863 1336 1064 1404 editionibus
1084 1336 1243 1408 Missalis,
1262 1334 1347 1400 Bre-

164 1462 278 1544 uiarii‚
302 1462 459 1538 Rituatis
487 1462 753 1529 Caeremoniatis
768 1461 1027 1545 Episcoporunu
1053 1459 1261 1545 Pontifieotis
1281 1455 1347 1522 Ro·

163 1585 262 1652 mani
285 1587 501 1670 aliorumque
517 1585 683 1651 librorum
705 1586 943 1672 libcrqicornrn
966 1604 989 1650 a
1013 1582 1047 1648 S.
1066 1581 1152 1650 Sede
1176 1580 1347 1665 approba-

165 1713 280 1775 torurn
296 1729 395 1776 nemo
412 1710 602 1795 quidquam
618 1711 801 1776 immutare
812 1714 1033 1792 praesumat:
1053 1708 1192 1773 sisecus
1215 1704 1347 1787 facturn

162 1831 280 1912 fuerit,
309 1832 373 1900 hue
394 1850 503 1898 nouae
526 1831 688 1899 editiones
707 1830 934 1914 prohibentur
950 1852 981 1894 o.

257 1933 731 2022 371.1nhocarncu10'va1de
754 1954 891 2040 simplex
907 1953 1066 2019 redditum
1090 1959 1139 2020 est
1161 1955 1216 2018 ius
1237 1957 1346 2018 uetus.

168 2082 249 2147 Nam
281 2083 352 2146 iure
376 2085 487 2146 vetere
519 2080 690 2146 vetabatur
717 2101 793 2146 usus
822 2080 1015 2151 Missalium,
1046 2080 1288 2144 Breviariurum
1316 2083 1349 2142 et

168 2209 308 2290 partium
343 2225 386 2272 ex
422 2206 592 2271 Breviariu
627 2204 866 2288 desumptarum
900 2223 982 2287 quae
1017 2203 1193 2268 ederentur
1227 2201 1349 2286 absque

165 2332 274 2413 venia,
299 2333 332 2396 in
362 2333 491 2416 seriptis
523 2330 704 2404 obtinenda,
733 2331 770 2396 in
802 2329 888 2397 Urbe
918 2350 938 2394 a
968 2329 999 2396 S.
1029 2329 1128 2414 Cung.
1154 2329 1285 2422 Rituum
1317 2331 1350 2392 et

165 2460 270 2520 entra
291 2454 413 2522 Urbem
436 2455 476 2520 ab
493 2454 669 2522 Ordinariu
685 2475 766 2538 quae
782 2455 878 2520 venia
893 2453 998 2518 danda
1014 2473 1079 2519 non
1096 2457 1167 2518 erat
1183 2455 1242 2518 nisi
1260 2454 1349 2518 taeta

166 2577 342 2644 collatione
357 2597 430 2642 cum
450 2577 589 2643 editione
608 2580 734 2663 typioa;
752 2577 902 2643 obtentae
925 2580 1033 2642 autem
1050 2578 1164 2642 veniae
1185 2577 1347 2644 attestatio

167 2698 383 2787 imprimenda
406 2706 478 2764 erat
501 2701 534 2765 iu
550 2702 639 2764 initio
655 2701 707 2765 vel
727 2699 791 2766 flne
806 2699 890 2765 libri.
908 2701 1000 2766 Haec
1024 2705 1207 2766 statuerunt
1223 2699 1348 2766 Consti·

167 2797 308 2888 tationes
333 2858 351 2871 -
378 2823 473 2894 Quod
504 2843 526 2888 a
553 2823 650 2890 nobis
674 2859 691 2871 -
717 2824 749 2889 S.
775 2822 827 2888 Pii
850 2823 892 2896 V,
919 2859 936 2872 -
968 2823 1054 2889 Cum
1085 2823 1121 2888 in
1153 2823 1305 2890 Ecclesia
1331 2857 1350 2869 -

166 2945 268 3014 Clem.
285 2947 380 3028 VIII,
398 2951 430 3012 et
451 2981 468 2997 -
489 2929 650 3013 Divinum
669 2948 902 3031 psalmodiam
915 2984 931 2995 -
949 2946 1071 3014 Urbani
1087 2947 1182 3012 Vlll.
1202 2980 1219 2996 -
1238 2945 1350 3020 Quoad

166 3071 249 3135 alios
264 3070 364 3136 libros
383 3071 560 3156 liturgicus,
578 3071 678 3135 veluti
695 3069 844 3137 Officium
862 3073 897 3138 B.
916 3072 1040 3137 Mariae
1057 3071 1213 3156 Virginis,
1232 3068 1348 3136 Officia

166 3195 373 3277 Sanctorum,
392 3196 501 3260 Horae
517 3196 667 3270 Diuinae,
691 3194 841 3262 Officium
859 3195 1089 3262 Hebdomadas
1106 3195 1251 3262 Sanctae
1275 3200 1347 3269 etc..

170 3319 264 3403 plura
279 3317 438 3385 cavebant
452 3318 595 3385 Decreta
611 3320 653 3385 de
669 3319 764 3387 libris
776 3320 956 3403 prohibitis
975 3340 1038 3386 neo
1052 3321 1090 3386 in
1106 3321 1223 3386 Indice
1243 3321 1349 3387 nomi·

168 3440 278 3506 natint
306 3441 491 3524 expressis.
517 3443 622 3506 Porro
645 3441 741 3507 hodie
765 3442 980 3528 prohibentur
1002 3442 1171 3507 dumtaxat
1193 3441 1349 3508 eiusmodi

167 3559 327 3627 librorum
357 3561 581 3647 liturgieurum
612 3562 767 3629 editiones
790 3583 872 3648 quae
895 3564 1045 3630 referunt
1071 3563 1274 3631 mutationes
1290 3564 1347 3650 (l),

169 3685 280 3749 habita
303 3685 543 3770 comparatione
567 3706 640 3751 cum
664 3685 856 3752 editionibus
879 3688 1084 3754 authenticis.
1110 3689 1190 3753 Nam
1215 3690 1351 3754 intentio

168 3810 302 3876 articuli
325 3815 374 3875 est
397 3809 590 3895 prohibendi
611 3811 768 3876 editiones
790 3831 897 3880 nouas
914 3832 978 3878 nun
995 3813 1189 3896 conformes
1208 3814 1351 3879 anthen-

169 3927 256 4010 ticis,
283 3948 348 3994 nun
379 3930 464 4014 ipsas
493 3931 695 3996 authenticas
724 3935 892 4016 postquam
922 3932 985 3997 hae
1019 3933 1122 3999 luerit
1155 3935 1351 3999 immutatae.

262 4121 302 4192 (l)
321 4121 436 4194 inquam
457 4125 624 4178 mutationes
643 4125 828 4179 substantiam
847 4125 1027 4194 attingentes,
1047 4125 1113 4196 quia
1133 4128 1253 4180 mendae
1272 4131 1354 4196 typo-

171 4223 325 4295 graphicae
347 4233 423 4282 certe
447 4245 503 4283 non
528 4229 709 4284 attenduntur
732 4230 766 4284 ad
793 4231 922 4286 effectum
942 4230 1144 4301 prohibitionis.
1166 4229 1354 4284 Nihilominus

171 4335 259 4390 etiam
269 4353 379 4407 paruae
391 4338 561 4392 mutationes
574 4343 639 4392 sunt
652 4339 789 4393 obnoxias
801 4338 999 4409 prohibitioni,·
1017 4340 1095 4394 iubet
1107 4341 1182 4394 enim
1194 4340 1254 4396 lex:
1271 4357 1354 4394 nemo

173 4457 323 4506 autunum
341 4449 492 4500 immutare
506 4457 681 4516 praesumat.
