3266 5102
522 309 565 356 ns
589 308 741 356 sanioris
765 311 808 357 ar
832 311 951 358 pomus
1264 290 1328 356 139

140 433 177 497 in
201 433 276 498 foro
300 437 437 498 externo
452 433 640 500 aestimetur
656 453 731 498 reus
748 438 780 498 et
795 433 872 498 binc
889 438 1090 507 consumtus,
1108 434 1134 498 si
1153 453 1326 499 censuram

140 563 289 644 spernat,
314 559 386 625 aliis
410 543 521 645 poenis
544 560 769 644 compescitur,
791 564 824 624 et
840 579 941 646 grave
961 558 1063 624 infert
1086 559 1271 624 scandalum
1288 558 1328 623 ob

140 705 282 770 gravem
306 685 540 750 inobedientiae
564 690 671 750 actum
687 687 720 749 in
737 684 927 749 Ecclesiam.
954 685 1026 750 Huc
1043 688 1167 769 spectat
1190 684 1328 749 celebris

141 809 309 902 sententia
331 809 481 892 Gregorii
505 805 615 894 Papae
631 845 649 857 -
666 807 793 876 Hamil.
809 809 868 880 26,
893 809 998 872 relata
1020 828 1040 872 a
1056 809 1148 874 Grai.
1173 827 1264 874 catus.
1281 808 1326 880 11,

142 949 177 1015 q.
211 929 236 996 3
267 950 342 997 can.
375 932 413 1013 1;
444 951 576 1017 nempe:
611 951 628 994 «
655 931 828 998 Sententia
854 933 1018 1005 Pastoris,
1043 931 1112 998 rive
1143 932 1230 997 irrata
1259 932 1329 998 rire

142 1056 274 1121 iniusta
295 1056 412 1138 suerit,
430 1057 580 1124 timenda
604 1063 699 1133 est»,
721 1059 873 1123 nimirum
897 1057 1001 1142 quoad
1021 1057 1127 1123 iorum
1144 1064 1327 1138 externum,

143 1180 204 1244 etsi
228 1177 365 1252 iniusta,
390 1199 431 1244 ne
454 1201 555 1266 grave
579 1177 634 1246 fiat
656 1181 855 1248 scandalum.
882 1181 1060 1256 Quocirca,
1087 1183 1211 1246 remoto
1235 1199 1326 1244 scan-

143 1301 229 1374 dalo,
254 1304 325 1385 quis
348 1323 384 1368 se
407 1301 529 1368 habere
552 1309 666 1388 potest,
691 1306 780 1388 quasi
804 1324 868 1368 non
890 1309 1108 1385 censuratum,
1129 1305 1205 1387 quin
1230 1303 1328 1367 ullam

143 1425 296 1492 incurrat
317 1427 592 1513 irregularitatem
609 1447 673 1493 non
689 1428 890 1494 observando
906 1449 1087 1493 censuram.
1105 1464 1120 1474 -
1137 1425 1326 1500 Praeterea,

144 1551 262 1635 quippe
296 1570 418 1635 poenae
444 1571 561 1616 revera
596 1549 686 1617 locus
720 1572 785 1617 non
817 1557 874 1625 est,
911 1571 1051 1617 censura
1085 1551 1176 1616 nulla
1199 1553 1232 1614 in
1255 1549 1328 1614 foro

144 1675 290 1758 interme,
308 1676 443 1742 dicenda
459 1683 507 1742 est
523 1697 628 1763 neque
643 1678 786 1743 adimere
803 1679 924 1744 clerico
944 1677 1205 1750 iurisdictionem,
1223 1695 1328 1759 nequo

143 1800 479 1866 ecccommunieutum
496 1799 632 1866 reddere
646 1803 833 1886 incapacem
847 1799 1012 1867 beneflciis
1028 1801 1080 1864 rel
1097 1801 1209 1864 officiis
1226 1799 1326 1864 eccle·

143 1927 283 1991 siasticis
297 1927 507 2012 recipiendis;
525 1929 616 1992 iuxta
631 1929 821 1992 sententiam
835 1927 931 2014 longe
956 1924 1204 2012 probabiliorem
1229 1945 1325 2009 quam
1387 2007 1399 2030 '

143 2049 217 2114 fuse
249 2051 391 2136 explicat
419 2051 548 2124 Suarez,
581 2051 675 2135 Disp.
701 2053 763 2117 IV.
789 2053 886 2118 7-26.
912 2087 929 2100 -
953 2056 998 2118 At
1021 2053 1054 2116 in
1084 2051 1157 2116 foro
1184 2056 1328 2116 externo

144 2177 293 2260 apposita
316 2181 390 2240 acta
405 2177 451 2240 uti
467 2175 556 2241 nulla
572 2175 750 2252 habentur;
766 2178 867 2242 veluti
882 2174 1001 2242 nullius
1023 2175 1143 2240 valoris
1166 2174 1328 2240 habentur

143 2297 378 2365 beneficiorum
412 2301 615 2377 collationem
643 2302 852 2386 quamobrem
886 2303 980 2367 irrita
1014 2303 1076 2367 ista
1109 2305 1183 2366 acta
1217 2300 1327 2367 decla-

144 2431 263 2489 rantur
287 2431 320 2490 et
342 2425 437 2491 alteri
461 2427 513 2492 vel
535 2425 728 2494 beneficium
751 2428 804 2494 vel
828 2429 966 2492 officium
984 2428 1162 2493 confertur.
1183 2463 1201 2476 -
1219 2428 1328 2502 Quare

144 2547 275 2614 definiri
307 2549 403 2615 debet
432 2571 474 2616 an
505 2551 685 2617 huiusmodi
716 2552 866 2624 decreta,
898 2553 1104 2634 collationes,
1128 2553 1329 2637 provisiones

143 2673 284 2739 dicenda
315 2675 379 2740 sint
408 2672 505 2759 plene
534 2676 647 2742 valere
678 2676 731 2742 vel
762 2677 867 2761 potius
899 2677 992 2740 irrita
1015 2695 1096 2741 esse.
1124 2711 1140 2724 -
1165 2673 1271 2740 Porro
1294 2675 1326 2738 in

142 2800 210 2864 hac
240 2800 338 2874 lucta,
363 2801 438 2884 quia
460 2820 619 2867 censurae
643 2823 716 2867 cum
746 2804 860 2886 primis
883 2807 1031 2887 spectant
1055 2801 1097 2866 ad
1125 2801 1244 2883 forum
1267 2821 1328 2866 eor·

143 2928 303 2996 remum,
337 2929 370 2988 et
400 2925 530 3010 expedit
565 2925 762 3010 reipublicae
797 2925 891 2990 firma
925 2931 958 2992 et
990 2931 1060 2990 rata
1095 2925 1210 2990 haberi
1245 2943 1328 3008 quae

141 3047 290 3132 legitime
313 3047 533 3115 decernuntur
556 3049 595 3116 ab
619 3053 811 3116 auctoritate
835 3051 955 3124 sociali,
981 3053 1012 3115 in
1037 3050 1100 3115 hac
1123 3050 1211 3116 lucta
1237 3069 1328 3134 prae-

142 3169 236 3236 valet
258 3171 419 3238 ordinatio
441 3173 504 3238 fori
528 3175 659 3240 externi
682 3180 714 3239 et
738 3177 888 3260 exigente
911 3175 995 3240 bono
1025 3174 1184 3260 pubblico‚
1210 3176 1329 3239 rescin-

144 3297 268 3363 duntur
291 3303 364 3362 acta
387 3298 515 3364 aliunde
538 3299 654 3373 valida,
677 3306 708 3366 et
732 3307 804 3364 rata
827 3300 989 3366 habentur
1014 3321 1062 3374 ea,
1087 3320 1169 3384 quae
1192 3297 1261 3365 sola
1284 3301 1327 3365 in·

143 3427 258 3507 specta
281 3424 428 3496 veritate,
453 3425 548 3490 irrita
571 3430 690 3490 essent.
715 3424 762 3492 cf.
789 3425 919 3502 Suarez,
947 3427 967 3490 l.
993 3447 1020 3491 c.
1044 3448 1077 3491 n.
1103 3425 1163 3490 27.

238 3547 383 3630 Denique
406 3567 545 3614 censura
564 3550 659 3614 etiam
683 3549 764 3614 serri
786 3551 874 3616 valet
892 3549 954 3616 sub
970 3550 1170 3621 conditione,
1196 3556 1229 3614 et
1251 3553 1329 3614 tunc

145 3687 287 3734 censura
310 3689 385 3733 suas
408 3671 515 3736 exerit
541 3673 638 3747 vires,
668 3671 838 3758 purificata
866 3672 1068 3747 conditione,
1094 3677 1126 3736 et
1149 3672 1212 3737 hoc
1236 3691 1328 3756 posse

144 3791 220 3859 fieri
243 3793 412 3860 indubitati
434 3796 514 3861 iuris
537 3803 596 3862 est.
620 3798 815 3866 Dubitationi
842 3797 878 3864 fit
908 3799 998 3864 locus
1030 3798 1157 3882 quando
1180 3799 1329 3883 superior

144 3918 341 3982 seutentiam
372 3917 437 3983 edit
464 3938 622 3986 censurae
653 3922 715 3989 sub
739 3923 948 3998 conditione;
981 3927 1013 3986 et
1035 3923 1165 3988 interim
1189 3923 1242 4005 qui
1265 3922 1329 3987 hoc

145 4041 280 4108 decreto
303 4045 522 4128 praevenitur,
551 4047 670 4112 desinit
699 4067 768 4112 esse
796 4046 941 4112 subditus
963 4047 1049 4112 illius
1077 4047 1130 4132 qui
1158 4067 1328 4112 censuram

143 4163 220 4229 tulit
246 4165 301 4230 vel
328 4166 393 4230 alia
426 4170 552 4234 ratione
583 4190 619 4236 se
649 4170 845 4236 subtrahere
875 4169 1012 4235 intendit
1042 4170 1082 4235 ab
1113 4171 1249 4256 imperio
1280 4171 1328 4235 iu·

144 4285 238 4352 dicis.
262 4287 326 4353 Sed
348 4287 388 4353 de
415 4289 466 4357 his
497 4291 692 4359 disseremus
723 4297 858 4380 agentes
881 4293 920 4358 de
944 4291 1088 4358 subiecto
1118 4294 1226 4360 activo
1251 4314 1328 4358 cen-

145 4406 309 4479 surarum.
