3290 5100
544 349 587 397 aa
613 343 765 395 oamerrs
794 347 836 396 ar
860 344 979 396 renuis
1063 399 1067 410 ,
1286 327 1352 396 517

176 472 268 536 naria
292 477 325 537 et
348 472 410 538 lori
434 477 563 539 externi
588 471 644 558 (1),
673 473 818 556 quamvis
845 473 1040 557 temporalis.
1066 473 1147 537 Nam
1177 472 1353 556 antiquitus

176 595 232 659 sed
263 597 358 661 bodie
381 596 427 682 (2)
455 598 561 676 etiam,
591 603 723 682 praeter
751 596 931 660 Ecclesiam
958 596 1145 675 Romanam,
1178 597 1353 661 nonnullae

177 720 343 786 Ecclesiae
367 723 418 786 vel
444 719 608 802 beneficia,
633 721 793 786 adnexam
818 719 978 797 habebant
1002 721 1054 784 vel
1079 719 1198 784 habent
1222 719 1351 785 iurisdi-

176 845 315 910 etionem
339 852 371 909 et
394 847 591 930 spiritualem
609 851 641 909 et
656 846 795 910 civilem.
816 845 963 927 -ltaque
987 845 1352 909 excommunicationem

177 971 267 1034 istam
292 973 438 1036 incurret
463 971 734 1056 Archiepiscopus
764 972 817 1053 qui
847 967 1066 1054 suffraganeis
1090 971 1155 1034 suis
1185 989 1224 1035 ea
1252 972 1352 1036 inter·

172 1091 285 1159 dicere
308 1096 386 1160 velit
410 1096 485 1180 ipsis
508 1096 724 1180 competentia
748 1095 778 1157 vi
802 1114 878 1158 suae
902 1095 1130 1160 iurisdictionis
1158 1095 1351 1169 ordinariae,

176 1225 231 1287 aut
255 1221 430 1305 Episcopus
454 1223 506 1305 qui
536 1221 654 1287 Abbati
677 1221 806 1286 auttias
830 1221 882 1284 vel
906 1221 1004 1305 quasa
1027 1221 1155 1286 nultius
1179 1242 1218 1287 ea
1240 1222 1351 1308 probi-

177 1345 253 1408 bere
277 1347 450 1412 contendat
481 1349 549 1430 ipsi,
575 1350 648 1412 iure
672 1347 846 1426 ordinario,
871 1346 1033 1412 attributa.
1060 1381 1077 1394 -
1105 1347 1155 1412 Ob
1179 1348 1351 1432 specialem

176 1475 433 1558 praerogativam
467 1473 635 1538 Ecclesiae
668 1473 832 1537 Romanae
864 1474 1031 1538 articulus
1057 1474 1101 1537 12
1127 1492 1195 1558 aeq.
1220 1473 1350 1559 speciali

175 1602 338 1665 mentione
361 1597 606 1682 comprehendit
618 1603 812 1681 usurpantes
827 1597 979 1662 ditionem
995 1598 1133 1669 civilem.
1151 1619 1208 1662 seu
1224 1599 1350 1663 civilem

174 1725 390 1809 principatum
415 1725 583 1790 Ecclesiae
608 1724 791 1797 Romanam
816 1723 941 1806 dequo
966 1722 1060 1787 infra.

264 1851 337 1914 449.
364 1849 540 1915 Concilium
565 1849 651 1913 Trid.
677 1852 710 1913 in
728 1847 820 1916 'Seaa
845 1849 905 1922 22,
931 1869 1005 1932 cop.
1029 1850 1074 1925 11,
1093 1852 1351 1916 excommunica-

173 1975 260 2037 tione
284 1976 453 2036 reservata
477 1972 569 2036 ltom.
588 1972 681 2037 Pont.
698 1971 972 2038 animadverterat
995 1973 1028 2035 in
1053 1991 1269 2057 quoscumque
1289 1995 1350 2057 pa·

174 2098 260 2165 blica
291 2097 490 2164 auctoritate
522 2102 715 2182 usurpantes
738 2101 770 2162 et
794 2099 826 2160 in
850 2097 930 2162 alios
953 2116 1064 2162 omnes
1092 2097 1273 2164 detinentes
1296 2105 1351 2165 aut

173 2223 389 2288 distrahentes
412 2222 495 2286 baec
517 2226 685 2304 usurpata
708 2220 802 2301 bona,
828 2221 957 2292 reditus.
982 2221 1202 2298 obventiones,
1227 2225 1350 2289 emolu-

173 2351 282 2413 menta
306 2346 461 2411 Ecclesiis
484 2351 518 2410 et
541 2347 619 2410 locis
643 2347 702 2430 piis
726 2346 933 2430 pertinentia.

262 2471 386 2536 Verum
411 2470 450 2534 ob
474 2471 625 2556 specialia
649 2475 835 2536 nostrorum
851 2476 1032 2556 temporum
1055 2471 1215 2544 adiuncta,
1233 2473 1349 2557 quippe
1381 2443 1387 2456 ι

173 2595 267 2660 bodie
283 2595 366 2680 apud
380 2615 438 2658 nos
450 2595 482 2659 in
495 2597 544 2659 ius
561 2594 724 2679 publicum
736 2601 768 2660 et
781 2596 942 2680 privatum
959 2596 1148 2680 populorum
1165 2597 1348 2668 voluerunt,

173 2721 270 2784 veluti
284 2721 462 2804 legitimae,
481 2720 588 2785 induci
600 2719 759 2804 publicae
773 2721 998 2805 usurpationes
1014 2719 1169 2786 bonorum
1195 2722 1348 2788 ecclesia·

172 2847 326 2911 sticorum
350 2866 432 2929 qnae
461 2847 618 2929 personis
641 2845 872 2912 ecclesiasticis
902 2847 1036 2913 ratione
1066 2866 1210 2912 suoram
1233 2848 1348 2914 Ecate-

172 2971 304 3035 aarum
327 2976 387 3036 aut
410 2971 648 3056 beneficiorum
671 2972 845 3054 pertinent,
861 2969 946 3035 unde
969 2972 1058 3056 ipsae
1078 2972 1236 3054 privatae
1258 2991 1348 3037 usur·

173 3095 327 3178 pationes,
352 3093 597 3159 conniventibus
620 3093 761 3178 legibus,
786 3092 858 3159 lieri
884 3099 1070 3179 coeperunt,
1095 3095 1202 3159 (lonst.
1231 3096 1347 3178 Apost.

173 3217 279 3292 Sedis,
304 3221 667 3285 excommunicationem
692 3219 790 3284 edidit
813 3220 945 3305 speciali
969 3218 1062 3284 modo
1087 3221 1123 3284 P.
1146 3225 1347 3286 reservatam

145 3378 149 3386 ·
172 3346 204 3409 in
221 3345 303 3410 haec
327 3345 409 3410 bona
434 3351 490 3411 aut
512 3344 763 3410 iurisdictionem
786 3350 1002 3427 usurpantes.
1020 3346 1084 3410 Alii
1108 3365 1188 3409 vero
1207 3347 1261 3429 qui
1284 3347 1348 3411 alia

171 3469 255 3534 bona
278 3471 506 3540 ecclesiastica.
524 3473 751 3553 cuiuscumque
766 3471 897 3554 generis
917 3471 991 3551 sint,
1010 3475 1165 3555 usurpant
1187 3476 1244 3536 aut
1266 3471 1347 3537 deti-

172 3603 249 3670 nent
275 3603 330 3662 aut
352 3599 404 3681 qui
429 3596 612 3662 distrahunt
634 3601 689 3661 aut
712 3595 857 3661 detinent
880 3596 998 3681 prioris
1021 3598 1151 3682 generis
1175 3595 1259 3660 bona
1282 3598 1344 3661 iam

260 3845 299 3917 (1)
320 3846 434 3917 inquam
453 3876 468 3886 -
481 3848 540 3917 sort
558 3845 669 3899 externi
682 3873 695 3885 -
715 3861 778 3897 nam
792 3843 946 3898 iurisdictio
959 3861 1009 3913 per
1021 3861 1051 3900 se
1065 3845 1186 3914 pertinet
1204 3844 1238 3897 ad
1257 3846 1347 3897 forum

171 3957 316 4005 externum
336 3957 365 4006 et
384 3953 492 4006 nonnisi
517 3951 668 4021 improprie
694 3950 805 4021 parochi
825 3952 852 4005 vi
873 3952 915 4004 sni
935 3951 1064 4006 beneficii
1088 3951 1218 4005 dicuntur
1243 3951 1346 4005 babere

171 4061 391 4114 iurisdictionem
416 4059 444 4112 iu
463 4065 527 4132 soro
552 4062 677 4113 interno:
703 4057 830 4128 proprius
855 4059 929 4112 enim
955 4059 1060 4112 habeut
1084 4061 1148 4112 iura
1174 4062 1203 4113 et
1227 4075 1346 4112 manera

171 4168 324 4220 ordinaria.
343 4167 384 4219 Cf.
405 4165 586 4232 D'Aonibale,
608 4166 712 4220 Comm.
731 4185 758 4219 a.
780 4166 832 4220 56.

259 4273 299 4343 (2)
319 4273 360 4327 lta
380 4273 531 4342 Episcopus
552 4272 743 4342 Urgellensia‚
761 4271 851 4327 velati
873 4271 1008 4342 Princeps
1026 4272 1055 4326 in
1080 4272 1224 4342 republica
1247 4271 1344 4343 (vulgo

171 4380 342 4450 D'Andorra)
361 4381 390 4434 in
409 4381 543 4450 Hispania
567 4397 621 4434 non
645 4397 732 4448 pauca
758 4379 847 4432 adhuc
872 4384 985 4435 exercet
1007 4397 1122 4434 munera
1146 4379 1344 4434 iurisdictionis

170 4485 340 4555 temporalis.
