3290 5100
534 329 579 375 nu
605 328 757 376 nanrcrrs
781 329 824 376 ur
847 324 968 376 ruanis
1277 311 1344 376 479

159 449 368 534 scriptionem
396 450 517 516 Concil.
541 450 649 542 Later.
674 451 706 515 V
729 452 781 518 cui
805 452 959 520 innititur
982 452 1023 518 cl.
1047 453 1202 526 Gennari,
1229 450 1344 516 haberi

161 577 332 662 repetitam
354 579 388 641 in
411 581 476 642 art.
501 576 548 642 44
571 576 663 645 subs.

250 701 301 766 Re
316 721 395 766 sane
409 721 490 766 vera
505 702 582 768 huic
605 703 746 788 opinioni
769 702 920 768 facienda
937 707 987 768 est
1001 701 1149 768 limitatio
1171 721 1253 787 quae
1269 721 1343 768 con·

159 825 292 891 cordiae
315 845 440 910 quoque
463 828 620 893 terminus
643 827 747 892 videri
764 833 869 913 potest
884 829 970 893 inter
994 827 1072 894 duas
1095 829 1257 912 oppositas
1273 846 1343 891 sen·

160 949 287 1014 tertias.
319 951 476 1014 Nimirum
506 951 533 1016 si
563 956 679 1016 auctor
701 951 819 1017 librum
853 955 1024 1037 componat
1049 955 1082 1017 et
1111 949 1284 1016 nullimode
1309 951 1342 1014 in

159 1071 265 1137 lucem
300 1073 399 1138 edere
428 1073 582 1148 intendat,
608 1074 664 1140 sed
692 1073 733 1140 ad
762 1077 947 1143 instantiam
975 1076 1111 1140 alicuius
1142 1073 1275 1140 editoris
1306 1093 1342 1138 se

160 1195 269 1263 flectat
291 1198 331 1264 ad
362 1200 453 1266 illum
481 1199 649 1283 edendum,
676 1200 847 1266 dummodo
875 1207 984 1266 tamen
1015 1201 1083 1290 ipse
1107 1201 1211 1266 editor
1234 1202 1342 1266 omnia

160 1330 254 1390 curet
276 1325 406 1390 editioni
430 1328 625 1400 necessaria,
649 1327 847 1393 arbitramur
863 1327 952 1393 bunc
975 1333 1140 1392 auctorem
1156 1347 1220 1392 non
1238 1328 1341 1412 ipsum

160 1451 265 1515 teneri
288 1452 360 1537 lege
383 1453 536 1536 praeviae
560 1471 720 1517 censurae
742 1452 799 1518 sed
825 1452 1024 1518 solummodo
1043 1452 1211 1518 editorem.
1231 1451 1341 1526 Quare

159 1575 359 1640 arbitramur
381 1580 531 1643 auctores
561 1577 664 1641 teneri
689 1576 817 1661 quando
848 1583 881 1643 et
902 1578 960 1664 ipsi
986 1576 1084 1642 edere
1111 1576 1282 1643 intendunt
1309 1583 1342 1643 et

159 1699 291 1764 editioni
314 1699 513 1772 adlaborant,
538 1700 723 1786 satagendo,
740 1706 862 1786 utputa,
879 1700 955 1766 libri
972 1701 1117 1766 notitiam
1141 1701 1282 1766 maxime
1305 1701 1339 1764 in

158 1819 290 1905 vulgum
317 1821 437 1906 spargi.
462 1821 554 1896 Quod
584 1827 697 1907 aperte
728 1826 777 1887 est
807 1821 976 1886 conforme
1007 1821 1177 1885 intentioni
1208 1825 1340 1885 nostrae

157 1943 267 2010 const.
292 1965 374 2029 quae
402 1935 435 2009 in
462 1947 515 2012 cit.
547 1966 579 2012 u.
610 1964 642 2012 a.
675 1945 733 2020 36,
766 1945 825 2020 37,
857 1946 916 2019 40,
942 1944 991 2011 112
1023 1945 1154 2030 respicit
1185 1963 1340 2030 expresse

159 2088 270 2134 casum
292 2070 435 2135 auctoris
458 2071 511 2154 qui
534 2070 591 2137 vel
613 2070 813 2154 imprimere
835 2072 915 2152 uult,
938 2070 993 2135 vel
1019 2072 1073 2154 qui
1096 2069 1216 2154 aliquid
1243 2091 1339 2156 prae·

157 2199 246 2262 stare
273 2195 368 2261 debet
391 2199 576 2281 antequam
593 2195 744 2279 publicet
767 2196 820 2261 vel
844 2195 932 2261 edat.

248 2320 358 2384 Posita
373 2320 435 2385 hac
451 2321 726 2405 interpretatione,
738 2326 908 2406 perspecta
924 2319 1031 2386 evadit
1046 2321 1183 2386 intentio
1200 2324 1264 2386 unt.
1278 2321 1338 2403 42,

158 2461 221 2525 quo
243 2443 400 2526 specialis
422 2441 459 2509 fit
480 2442 632 2530 obligatio
655 2445 735 2508 viris
760 2465 778 2507 e
803 2443 892 2509 clero
908 2445 1072 2508 saeculari
1097 2448 1132 2508 ut
1153 2443 1188 2507 hi
1212 2461 1338 2528 nempe,

157 2573 289 2653 praeter
311 2568 539 2655 obligationem
562 2588 679 2635 omncs
701 2569 817 2655 fideles
840 2569 1078 2653 respicientem,
1103 2573 1213 2633 certos
1237 2567 1338 2633 libros

155 2689 346 2756 subiiciendi
361 2691 515 2776 praeviae
529 2710 697 2765 censurae,
711 2695 885 2758 teneantur
899 2694 1075 2776 praecepto
1091 2689 1192 2755 libros
1209 2709 1335 2774 quoque

155 2812 282 2898 quide
305 2813 435 2880 artibus
457 2812 669 2899 scientiisque
697 2832 791 2880 mere
820 2812 1037 2878 naturatibus
1061 2817 1210 2879 tractant
1237 2848 1254 2860 -
1272 2821 1337 2877 non

156 2937 266 3012 edere,
283 2939 481 3006 inconsultis
503 2939 575 3006 suis
595 2939 798 3005 Ordinariis.
815 2937 1033 3014 Quamobrem
1055 2939 1238 3024 Legislator
1261 2960 1338 3006 usus

156 3065 207 3126 est
229 3062 262 3124 in
286 3067 351 3127 art.
366 3061 407 3126 41
430 3060 571 3127 dictione
586 3097 605 3109 -
620 3081 736 3142 omnes
758 3061 874 3146 fideles
892 3097 909 3109 -
927 3065 963 3125 ut
977 3060 1038 3125 hos
1058 3059 1273 3147 distingueret
1296 3061 1336 3127 ab

154 3185 347 3271 exceptione
371 3205 434 3270 qua
456 3185 687 3271 percelluntur,
702 3185 736 3248 in
754 3189 822 3249 nrt.
838 3183 899 3260 42,
915 3183 983 3248 uiri
1008 3203 1026 3250 e
1049 3185 1138 3250 clero
1154 3184 1336 3250 saeculari.

245 3309 372 3376 Verum
395 3309 499 3394 quoad
522 3309 581 3374 hos
603 3308 704 3374 libros
728 3327 793 3373 non
813 3309 1000 3401 exquiritur
1022 3307 1167 3391 prcueoiu
1192 3328 1337 3375 censura

155 3431 214 3498 sed
236 3433 349 3498 notitia
370 3432 477 3498 danda
498 3453 556 3498 suo
573 3435 733 3518 Episcopo
750 3431 790 3498 de
806 3432 958 3498 eiusmodi
978 3431 1061 3497 libro
1078 3433 1109 3496 in
1127 3432 1234 3498 lucem
1252 3435 1336 3519 pari·

154 3563 229 3622 turo
253 3561 289 3622 ut
310 3557 423 3624 clerici
441 3555 650 3642 obsequentis
667 3555 776 3623 enimi
792 3575 876 3643 erpa
893 3556 970 3623 illos
987 3555 1205 3642 (Ordinarios)
1221 3575 1334 3622 enem-

150 3683 252 3766 ptum
276 3683 476 3766 praebeant.
507 3683 625 3758 Quare,
659 3681 733 3746 data
765 3683 889 3756 notitia,
923 3681 1129 3767 expectanda
1159 3688 1209 3747 est
1238 3684 1336 3748 venia

154 3802 280 3870 edendi.
298 3841 313 3854 ·
329 3804 431 3879 Quam
455 3825 520 3870 non
542 3811 654 3890 petere
677 3809 822 3870 autnon
847 3809 1035 3889 expectare,
1054 3809 1102 3869 est
1127 3825 1204 3870 sane
1228 3824 1336 3870 exem-

153 3929 242 4015 plum
257 3931 355 3995 animi
371 3933 475 3996 minus
491 3931 695 4015 obsequentis
715 3929 771 3996 sed
786 3949 852 3995 non
877 3929 997 3996 exinde
1020 3930 1105 3996 liber
1130 3931 1237 3996 evadit
1260 3951 1333 4016 pro-

152 4055 283 4122 hibitus.
301 4057 369 4120 lmo
385 4057 411 4121 si
427 4057 554 4121 veniam
571 4055 686 4120 edendi
702 4053 972 4120 irrationabiliter
988 4053 1129 4140 deneget
1144 4056 1332 4141 Episcopus

153 4177 275 4244 clerico
300 4183 389 4264 patet
414 4181 468 4244 via
489 4199 643 4244 recursus
665 4177 706 4243 ad
731 4177 881 4243 Sanctam
910 4176 1035 4242 Sedem.
1062 4177 1110 4244 Cf.
1134 4176 1332 4253 Pennacchi,

146 4321 186 4386 p.
203 4301 288 4368 230.
308 4303 448 4368 -Porro
472 4323 574 4390 grave
593 4307 643 4368 est
664 4307 873 4388 praeceptum
901 4301 975 4366 inde
995 4301 1118 4367 lactum
1135 4302 1271 4378 clericis,
1289 4323 1331 4368 ne

152 4425 251 4493 edant
272 4427 462 4496 inconsultis
486 4426 679 4496 Ordinariis.
