3266 5102
508 304 553 350 nn
577 301 731 350 onuroms
755 303 798 350 nr
820 301 941 349 eonius
1250 279 1316 344 185

136 427 242 492 nibale
257 428 298 512 (Ι.
316 426 389 493 348
400 447 432 492 n.
446 425 508 512 33)
525 425 728 492 manentibus
744 426 900 495 censuris,
917 428 1052 510 peccata
1068 422 1193 488 absolvi
1209 441 1314 508 posse,

135 571 252 638 nempe
275 551 447 620 indirecte.
481 551 638 635 Equidem
662 557 711 616 est
734 569 835 637 grave
859 549 1095 615 incommodum
1123 567 1316 636 permanere

134 681 342 742 censuratum
373 695 416 740 ex
446 674 582 761 simplici
618 675 748 740 defectu
783 676 895 760 copiae
918 674 1113 760 superioris;
1137 678 1171 738 at
1199 674 1232 737 in
1255 672 1319 738 hoc

135 799 286 866 consistit
310 817 431 884 poena;
455 817 560 882 neque
583 799 644 862 ista
672 797 799 864 videtur
817 795 980 864 sufficiens
999 797 1080 861 ratio
1096 815 1198 881 quare
1213 794 1253 860 ab
1270 796 1317 858 in-

136 924 258 989 teriore
282 925 353 1008 quis
378 923 566 989 absolvatur
590 925 651 988 etsi
672 923 770 990 breve
793 929 916 988 tantum
936 923 1039 988 obstet
1056 920 1318 1008 impedimentum

136 1047 277 1113 adeundi
290 1049 500 1134 superiorem.
514 1048 546 1114 S.
560 1047 715 1133 Alphons.
731 1047 785 1124 Vl,
798 1048 882 1114 265.
896 1047 985 1122 -Qui
998 1067 1077 1112 vero
1090 1044 1318 1112 uiammovel

135 1172 231 1238 breui
254 1172 404 1237 laborant
427 1171 661 1258 impedimento,
683 1175 709 1238 si
731 1172 952 1246 absolvantur,
974 1171 1167 1257 imponenda
1189 1190 1318 1257 semper

135 1311 185 1363 est
199 1298 355 1384 obligatio
378 1298 530 1364 adeundi
554 1300 588 1364 S.
605 1296 727 1365 Sedem
751 1299 797 1364 act
820 1299 892 1364 eius
915 1298 1081 1364 inundata
1101 1295 1318 1380 suscipiendo

135 1443 195 1508 pro
219 1443 366 1509 congrua
389 1425 607 1490 satisfactione
632 1423 798 1490 reddenda
830 1424 929 1488 semel
956 1443 994 1488 ao
1018 1422 1195 1488 cessaverit
1219 1423 1318 1506 impe-

135 1547 332 1622 dimentum
356 1551 407 1612 cui
431 1547 607 1613 conditioni
630 1549 656 1612 si
683 1567 747 1612 non
763 1547 963 1634 obtemperet
989 1547 1153 1612 absolutus
1169 1544 1320 1611 reincidit

135 1672 167 1734 in
191 1669 340 1736 eamdem
368 1691 553 1744 censuram,
578 1691 653 1758 nvp.
679 1693 705 1738 c.
730 1692 758 1738 c.
785 1673 832 1754 ΙΙ,
856 1671 905 1738 58
929 1671 981 1736 De
1004 1675 1085 1736 rent.
1110 1689 1239 1736 eecom.
1264 1669 1298 1734 X
1304 1689 1318 1751 ;

134 1802 166 1860 et
182 1795 227 1858 22
241 1797 323 1860 eius.
342 1797 388 1860 tit.
406 1797 443 1862 io
458 1797 489 1862 6.
506 1796 708 1870 -Quaerunt
725 1799 787 1861 DI).
801 1817 843 1862 an
860 1799 941 1862 haec
957 1799 1087 1883 vigeant
1104 1798 1199 1862 etiam
1212 1795 1317 1879 quoad

134 1939 231 1985 casus
255 1927 439 1986 reservatos
463 1922 641 2008 Episcopis,
665 1923 737 1988 iure
761 1922 963 1994 dioecesano,
988 1923 1040 1987 vel
1057 1922 1137 1986 alias
1155 1923 1226 1986 iure
1250 1941 1319 2006 spe·

135 2045 222 2110 ciali.
241 2046 394 2110 Nonnulli
410 2053 546 2132 negant3
570 2049 671 2113 veluti
695 2049 815 2114 Suarez
832 2047 881 2113 De
897 2047 1027 2114 Poeuit
1053 2047 1116 2120 30,
1134 2046 1168 2120 3,
1185 2047 1242 2130 11;
1262 2047 1319 2112 alii

132 2167 317 2243 affirmant,
342 2175 376 2234 et
398 2171 469 2234 iure
493 2171 608 2236 merito
633 2173 708 2254 quia
731 2191 758 2238 c.
783 2193 810 2238 c.
837 2172 885 2236 29
909 2171 958 2237 De
981 2177 1062 2238 seul.
1081 2191 1210 2238 emcom.
1228 2171 1270 2236 X.
1286 2178 1319 2236 et

133 2294 187 2358 22
210 2295 317 2360 eiusd.
342 2296 389 2362 tit.
414 2295 452 2360 in
475 2296 506 2360 6.
532 2301 659 2370 cavent,
684 2296 718 2359 in
734 2315 866 2382 genere,
891 2294 929 2359 de
954 2297 1101 2360 censuris
1126 2295 1317 2371 reservatis;

134 2421 177 2484 ct.
205 2419 299 2504 Gury
324 2419 480 2486 Ballerini
506 2421 548 2485 11.
573 2421 649 2486 575.
675 2426 708 2486 et
732 2419 931 2486 D'Annibale
957 2423 982 2485 l.
1007 2421 1089 2486 348.
1122 2419 1214 2486 Haec
1245 2440 1319 2486 sen·
1364 2501 1368 2510 Ι

132 2547 239 2610 tentia
265 2566 325 2631 pro
349 2547 444 2630 praxi
467 2552 537 2612 tuta
563 2553 621 2612 est.

229 2668 303 2733 126.
330 2670 405 2734 lure
428 2669 693 2768 accesit-popm
718 2670 844 2737 casibus
868 2671 981 2755 quibus
1000 2671 1092 2736 adest
1115 2671 1320 2756 impedimen-

132 2795 205 2856 tum
229 2791 282 2855 vel
301 2755 832 2874 perfflssveldiotmmum,
856 2795 908 2858 vel
933 2793 1032 2860 breue
1063 2793 1215 2859 inductae
1246 2799 1321 2859 sunt

133 2919 249 2990 certae
266 2917 558 3001 praescriptiones,
583 2938 665 3001 quae
689 2924 799 3004 utpote
822 2920 970 2983 invectae
988 2885 1145 3003 expresse
1171 2917 1256 3002 quod
1279 2918 1320 2984 ad

132 3059 232 3104 casus
256 3039 348 3104 Rom.
381 3040 475 3105 Pont.
509 3047 706 3122 reservatos
739 3041 871 3107 extendi
902 3062 967 3105 non
999 3047 1131 3126 possunt
1159 3041 1199 3106 ad
1227 3062 1320 3108 casus

133 3166 323 3226 reservatos
338 3161 529 3238 Ordinariis,
547 3183 589 3228 ex
602 3165 672 3228 iure
697 3165 838 3250 speciali.
855 3200 872 3213 -
890 3166 995 3228 Porro
1010 3165 1093 3250 apud
1109 3169 1238 3230 veteres
1254 3165 1319 3230 DD.

132 3289 282 3372 quaestio
306 3294 377 3354 erat
399 3308 441 3352 an
465 3290 536 3374 quis
559 3290 729 3375 impeditus
752 3290 843 3354 adire
875 3291 1095 3378 Superiorem,
1121 3291 1235 3378 saltem
1254 3310 1321 3374 per

133 3413 269 3479 litteras
291 3411 331 3476 ab
354 3432 392 3477 eo
416 3419 571 3498 expetere
595 3420 765 3480 teneretur
788 3415 916 3479 veniam
940 3413 1158 3479 absolutionis.
1177 3416 1320 3480 Auctore

133 3546 166 3612 S.
195 3545 363 3630 Alpbonso
386 3543 402 3633 (
410 3547 457 3612 VI
462 3547 560 3622 563,
586 3547 617 3612 d.
643 3547 679 3632 3)
704 3549 905 3644 communior
935 3549 1095 3612 sententia
1122 3545 1320 3623 affirmabat;

133 3689 222 3754 quae
250 3673 408 3737 sententia
441 3672 528 3737 iacta
559 3682 617 3746 est,
648 3643 805 3759 processu
841 3637 1012 3760 temporis,
1043 3674 1321 3748 crirnmunissima;

132 3796 214 3879 quia
244 3795 374 3862 facilior
397 3787 497 3881 usque
520 3797 630 3864 habita
654 3803 703 3863 est
726 3803 759 3866 et
781 3800 881 3864 tutior
905 3800 987 3864 ratio
1010 3799 1192 3864 litterarum
1222 3819 1322 3884 expe-

132 3917 329 3984 diendarum
353 3925 386 3986 et
409 3921 678 4006 recipiendarum.
796 3969 797 3975 κ

230 4044 362 4110 Interea
395 4041 428 4110 S.
465 4043 564 4132 Gong.
594 4047 625 4113 S.
652 4047 688 4113 U.
714 4048 934 4132 inquisitionis
969 4047 1073 4132 quoad
1097 4067 1191 4113 casus
1214 4045 1321 4112 absol·

134 4167 261 4234 vendos
283 4168 404 4253 Papae
426 4175 625 4252 reservatos,
650 4172 807 4238 satisfecit
829 4172 880 4237 bis
897 4173 1000 4238 dubiis
1015 4173 1077 4238 sub
1102 4173 1156 4238 die
1167 4171 1219 4237 23
1243 4173 1320 4237 lon.

135 4291 240 4366 1886,
265 4312 380 4379 nempe
403 4295 429 4360 I.
452 4293 572 4362 Utrum
596 4301 665 4363 tuto
690 4297 803 4364 adbuc
819 4297 926 4363 teneri
945 4298 1052 4381 possit
1075 4297 1241 4364 sententio
1266 4297 1322 4364 clo-

134 4432 218 4483 cens
241 4415 288 4482 au
310 4415 521 4501 Episcopum
544 4423 606 4484 out
628 4419 676 4484 ad
698 4419 877 4506 quemlibet
902 4419 1122 4487 Sacerdotem
1154 4418 1324 4504 approbo·
