3312 5108
537 328 580 374 ns
605 323 759 373 cauieris
784 321 826 368 ar
850 317 969 366 Possis
1301 294 1343 356 77

162 458 277 524 Nooit.
297 455 387 522 13·X
404 453 454 518 De
473 449 542 516 iud.
557 447 613 532 (ΙΙ,
629 447 674 531 l);
688 442 842 511 eiusmodi
859 445 932 507 sunt
952 437 1180 510 hornicidiuns,
1199 437 1344 520 furtiua,

165 581 342 650 columnia
363 586 396 646 et
420 584 551 644 caetera
574 573 699 647 similia,
728 569 883 654 siquidem
907 567 1075 632 continent
1105 570 1171 630 tam
1199 571 1345 650 apertam

164 707 340 772 laesionem
375 703 457 787 legis
479 699 608 766 divinae
640 704 675 762 nt
701 694 921 760 secumserant
948 691 1221 758 deordinationem
1249 692 1345 757 etiam

164 831 328 898 societatis
352 828 466 892 eccles.

255 955 309 1021 45.
334 955 512 1018 Praeterea
541 947 658 1014 adsunt
685 947 822 1012 crimina
852 945 953 1012 mixti
982 944 1053 1027 fori
1082 963 1165 1028 quae
1193 943 1288 1008 simul
1313 959 1346 1007 et

168 1082 355 1145 societatem
389 1075 574 1160 religiosam
613 1070 746 1137 laedunt
781 1075 814 1135 et
844 1069 930 1134 cirili
969 1067 1167 1154 reipublicae
1198 1068 1347 1134 (lemnum

168 1213 263 1290 atque
277 1204 429 1269 iniuriam
445 1200 598 1274 inferunt
615 1195 794 1264 huiusmodi
812 1201 887 1260 sunt
900 1194 1109 1278 periurium,
1127 1194 1346 1278 blasphemio.

170 1327 372 1412 superstitio,
397 1324 518 1390 delicta
534 1340 687 1392 *venemo
706 1325 739 1387 et
754 1320 879 1384 similia.
902 1319 1030 1384 Etenim
1047 1319 1129 1384 haec
1145 1318 1269 1384 sitrecte
1293 1318 1348 1384 sed

172 1451 230 1518 sub
246 1449 376 1515 diverso
399 1451 548 1532 respectu
572 1444 705 1512 subsunt
721 1449 753 1508 et
777 1441 1017 1508 ecclesiasticae
1033 1447 1067 1505 et
1082 1441 1169 1506 civili
1190 1443 1349 1525 potestati.

174 1579 211 1640 ln
243 1577 340 1661 praxi
366 1592 445 1638 vero
472 1569 618 1634 normale
648 1568 841 1634 exercitium
870 1565 966 1630 huius
997 1567 1161 1650 potestatis
1193 1564 1310 1650 pendet
1332 1585 1353 1628 a

173 1697 348 1764 concordia
364 1694 540 1763 Sacerdotii
557 1699 590 1759 et
602 1693 745 1777 Imperii.
762 1712 820 1782 sen
844 1689 1015 1756 Ecclesiae
1031 1695 1063 1755 et
1080 1691 1187 1756 Status
1211 1709 1250 1754 eo
1274 1709 1349 1754 con·

173 1823 245 1886 silio
267 1821 416 1886 ordinata
439 1823 473 1883 ut
490 1835 641 1901 -quaeque
664 1821 805 1901 potestas
828 1834 887 1880 suo
910 1812 966 1878 fini
990 1813 1183 1898 respondeat
1207 1813 1262 1898 (1).

262 1997 304 2066 (l)
324 1999 362 2050 nt
380 1995 505 2058 historia,
525 1993 600 2046 malo
614 1993 681 2054 lato,
695 1991 766 2045 hane
779 1989 954 2044 concordiam
969 1991 1049 2044 docet
1061 1990 1279 2060 quamplurimas
1297 1993 1356 2046 lere

174 2120 284 2174 semper
308 2103 469 2158 deturbasse
495 2105 544 2154 aut
568 2099 725 2169 impediisse
748 2098 860 2166 Imperii
879 2096 1082 2152 aemulationes
1107 2102 1134 2151 et
1154 2098 1354 2152 contentiones.

175 2211 241 2264 lnde
260 2209 378 2262 materia
396 2210 483 2261 mi'xtn
500 2207 629 2277 paenulis
647 2177 768 2258 obnoxla
787 2221 841 2260 non
855 2203 941 2258 semel
953 2205 1007 2258 fuit
1027 2203 1136 2272 legibue
1155 2204 1355 2259 interimimus

175 2323 205 2372 et
225 2315 448 2370 Ecclesiasticam
467 2318 633 2384 potestatem
652 2313 833 2367 concordatis.
853 2314 908 2366 Pro
926 2311 978 2366 hac
997 2313 1117 2367 ineunda
1136 2313 1290 2380 concordia,
1305 2313 1355 2366 sub

178 2422 289 2478 saeculo
314 2438 332 2476 x
357 2427 386 2476 et
415 2437 444 2476 xi
471 2423 499 2475 in
529 2421 678 2474 Germania
712 2425 740 2474 et
769 2419 872 2488 Anglia
900 2420 1053 2474 constitute
1087 2425 1151 2473 sunt
1192 2421 1359 2474 Tribuuctiu

178 2533 274 2596 inimo,
294 2528 402 2582 seilicet
417 2545 449 2583 ex
461 2527 671 2597 magistratibus
690 2526 888 2581 ecclesiasticis
905 2531 934 2582 et
954 2527 1032 2580 laicis
1055 2527 1248 2592 coalescentia,
1269 2531 1297 2580 et
1311 2527 1357 2580 isti

180 2653 235 2688 una
262 2633 376 2688 insimul
403 2634 581 2704 inquirebant
609 2636 638 2686 et
665 2632 694 2686 in
722 2649 912 2702 puiueremque
942 2631 1059 2685 crimina
1090 2632 1357 2687 animadvertebant.

181 2739 221 2794 Re
240 2757 307 2794 sane
328 2755 393 2793 vera
411 2755 501 2802 omne,
515 2739 630 2802 crimen,
646 2737 691 2790 vel
711 2737 882 2806 religiosum,
895 2737 1106 2806 Rempnblioam
1120 2737 1229 2792 civilem
1246 2737 1361 2792 offendit

179 2849 207 2896 et
220 2859 302 2896 omne
316 2843 430 2908 crimen,
449 2841 549 2896 saltem
568 2845 678 2912 quaest
693 2847 846 2910 peccatum,
861 2840 1038 2910 Religionem
1052 2840 1138 2895 laedit
1151 2845 1179 2896 et
1193 2842 1359 2910 pessumdat.

182 2947 288 3002 Exinde
313 2947 416 3016 passim
436 2965 452 3000 a
471 2935 582 3001 saeculo
602 2961 653 3000 vin
674 2963 759 3015 nsque
779 2946 812 2998 ad
826 2960 876 2999 uni
895 2945 1037 2999 saeculnm
1058 2946 1143 3000 tacita
1168 2947 1213 3000 vel
1232 2963 1361 3016 expressa

183 3053 376 3116 conventione,
397 3053 570 3121 recognitum
589 3053 643 3104 init
661 3050 736 3104 ultro
755 3052 880 3120 citroque
899 3053 933 3104 ab
954 3068 1008 3104 una
1027 3057 1056 3105 et
1069 3050 1159 3106 altera
1172 3054 1305 3106 societate
1318 3055 1362 3106 ius

180 3159 398 3228 praeventionis,
418 3161 449 3210 nt
468 3156 598 3226 poenales
617 3172 715 3209 causas
740 3155 868 3210 deliniret
887 3155 937 3209 ille
956 3157 1039 3210 index
1058 3157 1104 3226 qui
1125 3158 1200 3226 prior
1219 3159 1362 3227 negotium

185 3265 411 3332 praeoccuparet
430 3263 463 3314 cf.
479 3261 585 3326 Valter,
604 3263 739 3315 liciauole
753 3263 783 3313 di
796 3261 897 3314 Dii-itte
915 3261 1022 3314 Eccles.
1035 3272 1052 3315 t.
1068 3261 1091 3326 J,
1106 3263 1151 3317 lid.
1167 3263 1218 3327 IV,
1232 3281 1290 3333 cap.
1306 3263 1364 3330 m,

185 3367 283 3432 §185
302 3367 387 3419 «Dei
411 3367 559 3420 Tribuimli
584 3367 786 3422 Ecclesiae».
807 3367 923 3428 Limites
950 3385 1019 3437 quos
1047 3369 1127 3422 modo
1155 3371 1364 3438 praefinivimus

186 3471 392 3540 competentiae
418 3471 543 3540 poenalis
566 3473 663 3528 eccles.
688 3474 846 3527 innituntur
872 3475 923 3542 ipsi
949 3476 1142 3530 c‹·›nstitutioni
1169 3477 1310 3532 Ecclesiae
1337 3485 1365 3532 et

187 3577 260 3644 hinc,
280 3582 379 3648 suopte
399 3577 468 3644 iure,
488 3584 554 3632 sunt
571 3583 688 3645 oeterni,
707 3597 762 3635 non
779 3580 870 3634 minus
890 3599 921 3634 ao
943 3581 1079 3651 principia
1104 3583 1173 3636 iuris
1198 3585 1275 3638 crim.
1295 3601 1366 3654 qua·

187 3689 269 3737 tenus
288 3684 393 3738 crimen
413 3687 455 3737 est
474 3701 522 3738 ens
541 3687 699 3740 ius-idicem.
719 3716 735 3726 -
756 3685 830 3741 Haeo
850 3687 963 3742 adverto
983 3689 1048 3758 quia
1068 3689 1149 3743 hodie
1172 3691 1274 3758 passim
1293 3691 1366 3759 apud

189 3795 318 3844 auctores
336 3788 447 3844 aliunde
467 3791 601 3856 cordatos,
622 3793 661 3844 uti
681 3791 807 3859 Cartare,
828 3793 910 3848 facile
931 3795 1064 3848 asseritur
1083 3795 1188 3849 limites
1208 3803 1367 3866 competen-

188 3896 245 3950 tiae
264 3893 343 3964 eccl.,
363 3894 460 3966 quales
479 3896 639 3951 Decretales
657 3898 881 3966 assignant,esse
901 3900 1066 3969 repetendos
1085 3902 1174 3970 magis
1197 3904 1232 3955 ab
1252 3905 1368 3956 historia

190 4020 273 4074 quarn
292 4022 311 4057 a
330 4006 400 4058 iure.
420 4003 463 4058 Ita
481 4005 634 4070 Carrara§
656 4008 698 4058 53
718 4017 771 4060 not.
791 4009 808 4059 ί·
830 4006 975 4062 historiam
998 4009 1066 4061 iuris
1092 4010 1246 4064 criminalis
1266 4011 1293 4064 in
1313 4013 1368 4064 triu

192 4114 283 4166 stadia
307 4113 468 4182 distinguit3
495 4129 593 4183 nempe
612 4115 640 4167 in
665 4116 877 4185 Theolopicum,
898 4117 926 4169 in
945 4118 1192 4188 Methoplipsicum‚
1212 4121 1240 4173 in
1259 4121 1368 4174 lictbe-

191 4217 333 4270 mancum.
347 4243 362 4255 -
375 4215 405 4268 ln
425 4217 590 4286 Theolopico
604 4219 644 4271 ait
657 4219 792 4272 contineri
807 4224 932 4289 tempora
949 4237 1004 4290 qno
1019 4220 1132 4276 decreta
1145 4222 1266 4276 eduntur
1284 4240 1301 4275 a
1320 4239 1370 4292 po-

193 4325 296 4374 testate
316 4320 450 4390 religiosa
468 4324 518 4376 sub
537 4324 671 4377 instinctu
691 4328 719 4378 et
738 4326 834 4378 afflatu
855 4326 965 4381 divinae
979 4329 1171 4393 auctoritatis3
1191 4334 1219 4384 et
1239 4328 1291 4382 hoc
1310 4331 1370 4383 fieri

195 4421 222 4474 in
243 4423 402 4492 primordiis
420 4425 599 4496 populorum
625 4428 654 4481 in
677 4429 867 4498 rlseiophysico
894 4431 1089 4500 comprehendi
1115 4437 1237 4488 aetatem
1263 4422 1373 4502 quando
