3202 5104
468 317 513 364 nn
536 315 692 364 nntrcrrs
716 317 758 364 cr
781 315 900 364 nonnis
1212 293 1279 360 203

100 438 280 504 nicationis.
295 438 407 506 Veluti
426 439 610 506 anathema
626 439 744 504 inferri
760 439 936 510 consuevit,
953 437 1087 523 pulsatis
1103 437 1277 522 campanis,

29 579 34 594 ·
99 567 244 630 accensis
267 570 300 630 et
323 565 474 631 extinctis
504 565 646 630 candelis
676 565 811 650 aliisque
843 562 994 630 adhibitis
1021 561 1202 628 huiusmodi
1233 561 1280 628 ri·

99 687 180 755 tibus
193 689 356 776 publicam
372 692 614 756 execrationem
629 688 894 776 significantibus.
911 689 1125 773 Prosequitur
1145 687 1279 752 Benedi-

99 819 167 880 ctus
189 815 286 888 XIV,
311 815 371 882 loc.
396 817 451 882 ar.
475 817 613 880 remita
637 813 829 900 explicando
856 813 1034 899 «Simplex
1058 814 1279 879 excommuni-

100 941 179 1004 catio
203 945 237 1006 et
260 941 434 1006 anathema
456 941 490 1006 in
513 940 576 1006 hoc
604 939 772 1005 dumtaxat
802 941 888 1004 inter
911 959 946 1004 se
969 935 1171 1012 differebant,
1195 937 1280 1023 quod

100 1065 152 1130 illa
175 1066 243 1132 solo
268 1066 369 1131 verbo
393 1066 617 1152 proferretur:
642 1065 825 1132 anathema
839 1079 924 1131 uero¹
940 1069 1214 1152 pronunciaretur
1230 1083 1280 1129 ce·

101 1189 178 1256 lebri
191 1191 332 1274 quadam
346 1192 591 1267 solemnitate...;
603 1189 813 1256 maranatha
824 1195 930 1257 autem
943 1190 1006 1256 hoc
1018 1189 1214 1256 anathemati
1227 1185 1282 1256 ad-

102 1314 191 1381 debat
207 1321 243 1380 ut
260 1318 558 1382 excommunicatus
574 1316 673 1380 solius
689 1316 746 1380 Dei
762 1314 878 1381 iudicio
895 1313 1038 1397 relictus,
1056 1313 1095 1380 ab
1111 1315 1281 1382 Ecclesiae

102 1441 522 1538 communioneuseparatus,
539 1459 733 1527 permanere
750 1439 917 1505 iuberetur
932 1458 1031 1522 usque
1047 1439 1087 1503 ad
1106 1439 1280 1505 adventum

102 1565 233 1642 Domini,
251 1585 312 1632 seu
331 1565 372 1631 ad
394 1565 478 1631 diem
501 1565 626 1647 Iudicii,
648 1565 732 1650 quod
755 1585 798 1630 er
821 1565 890 1649 ipsa
912 1565 1050 1629 nominis
1073 1564 1281 1649 ethimologia

103 1689 207 1755 elicuit
223 1691 426 1776 Augustinus
447 1690 531 1777 apud
548 1691 668 1757 Suarez
685 1690 736 1756 De
752 1688 906 1756 censuris
924 1686 1022 1770 Dicp.
1042 1689 1074 1768 8,
1093 1691 1170 1754 sect.
1187 1687 1222 1760 2,
1248 1691 1281 1754 et

103 1813 310 1898 explicarunt
340 1815 458 1880 Patres
481 1814 615 1882 Concilii
640 1813 787 1878 Toletani
808 1813 858 1880 1v
881 1831 958 1876 mox
980 1810 1141 1896 allegandi
1165 1815 1226 1876 etc.
1248 1830 1279 1876 >.

190 1939 265 2004 137.
289 1937 433 2013 Verum,
457 1939 532 2012 etsi,
556 1938 676 2022 absque
701 1937 928 2003 anathematis
951 1957 1008 2002 seu
1030 1935 1178 2022 publicae
1201 1953 1281 2002 exo-

103 2065 255 2130 crationis
281 2062 529 2130 denunciatione
551 2067 718 2148 irrogetur
734 2063 1035 2143 excommunicata,
1051 2061 1153 2126 nihilo
1176 2061 1282 2126 secius

103 2192 147 2251 est
168 2186 270 2272 longe
294 2189 435 2253 omnium
459 2188 653 2273 gravissima
676 2205 790 2272 poena,
815 2206 872 2250 seu
896 2185 1030 2271 gravior
1053 2185 1124 2270 ipsa
1146 2182 1282 2268 depaci-

104 2310 188 2375 tione
218 2315 252 2375 et
285 2309 541 2396 daqradatioaa
568 2332 588 2373 e
602 2311 697 2376 altra
728 2328 845 2394 quam,
869 2306 927 2393 (uti
958 2308 1101 2392 loquitur
1129 2326 1203 2389 cap.
1226 2306 1281 2382 10,

103 2434 150 2502 De
170 2435 242 2502 iod.
271 2433 306 2498 X
326 2432 382 2522 (ΙΙ,
401 2436 433 2520 l)
456 2437 607 2502 Ecclesia
631 2454 701 2503 aaa
725 2434 825 2500 habet
847 2434 998 2517 amptius
1021 2433 1105 2518 qaid
1127 2434 1235 2518 factat
1249 2454 1280 2498 >.

104 2559 224 2646 Quippe
247 2558 353 2626 fidelis
376 2562 671 2626 excommunicatus
695 2566 744 2625 est
767 2558 946 2624 membrum
969 2558 1170 2624 demortuum
1192 2565 1224 2624 et
1239 2577 1283 2624 ex

103 2703 238 2770 corpore
263 2685 432 2751 Ecclesiae
455 2689 646 2752 resecatum.
673 2684 721 2750 of.
747 2683 912 2749 Benedict.
934 2683 1020 2749 XIV
1042 2683 1093 2749 De
1114 2703 1188 2768 spa.
1213 2684 1236 2748 t,
1253 2704 1281 2750 c.

191 2811 268 2875 138.
294 2811 347 2876 Ex
369 2810 432 2876 hac
455 2829 609 2894 suprema
631 2809 794 2895 gravitate
817 2808 1161 2874 excommunicationis
1176 2809 1282 2891 sequi-

103 2935 154 3000 tur
175 2933 240 2999 hoc
265 2933 405 2998 maxime
429 2931 658 2999 attendendum
682 2931 902 3004 corollarium,
921 2951 1049 3015 nempe,
1066 2932 1284 2996 excommuni·
1408 2965 1411 2972 ·

104 3060 263 3125 actionem
286 3079 352 3124 non
367 3077 463 3144 posse
486 3055 587 3143 infligi
604 3058 667 3122 nisi
682 3057 736 3152 ‘uti
761 3076 952 3130 carnarum,
969 3075 1133 3140 nunquam
1149 3056 1195 3120 uti
1211 3075 1284 3141 poc-

104 3201 177 3248 nam
200 3203 259 3251 sau
278 3183 524 3269 privationem
549 3181 704 3267 siquidem
729 3183 1036 3257 excommunicatus,
1064 3182 1091 3246 si
1114 3182 1284 3268 resipiscat

105 3327 125 3371 a
145 3329 204 3374 sua
227 3308 441 3382 contumacia,
465 3308 572 3373 statim
596 3305 783 3372 liberandus
811 3311 861 3372 est
888 3325 908 3370 a
935 3306 1126 3392 gravissimo
1154 3326 1282 3372 excom·

106 3435 329 3500 manicationis
345 3434 475 3500 vincula
490 3440 523 3500 et
537 3434 571 3499 in
586 3435 881 3538 sinumchclesiae
903 3433 1130 3508 restituendus,
1148 3438 1184 3501 ut
1206 3453 1283 3500 suae

106 3557 282 3640 prospiciat
311 3554 407 3620 saluti
434 3559 589 3620 aeternae
617 3553 658 3620 de
689 3573 752 3638 qua
775 3553 925 3618 Ecclesia
947 3555 1051 3639 primo
1076 3558 1108 3619 et
1131 3553 1284 3620 directius

107 3681 154 3742 est
175 3677 324 3745 sollicita.
350 3679 494 3764 Namque
515 3681 542 3744 si
566 3680 637 3763 quis
660 3681 769 3764 posset
793 3679 1067 3743 excommunicari
1090 3679 1124 3743 in
1147 3697 1284 3763 poenam

107 3822 162 3868 seu
188 3805 317 3890 privari
348 3805 382 3867 in
410 3809 600 3890 perpetuum
623 3803 678 3870 vel
706 3802 747 3870 ad
776 3807 901 3868 certum
930 3807 1055 3888 tampus
1083 3803 1285 3870 vindicatioe

106 3947 165 3992 usu
195 3927 337 3992 omnium
364 3925 522 3992 bonorum
550 3945 633 4010 quae
660 3931 736 3992 sunt
765 3927 800 3991 in
828 3925 1066 4011 dispensatione
1088 3925 1226 3992 interna
1252 3930 1287 3993 et

107 4055 250 4117 aalma
266 4051 433 4124 Ecclesiae
449 4051 530 4116 adeo
545 4055 581 4116 ut
596 4069 661 4116 non
684 4051 819 4122 valeret,
836 4049 1019 4115 recedendo
1036 4069 1056 4114 a
1072 4051 1284 4126 contumacia,

109 4175 223 4242 iterum
248 4175 314 4242 frui
336 4161 523 4242 eorumdem
545 4197 615 4250 usu,
632 4180 710 4243 tunc
733 4193 836 4260 poena
852 4173 1033 4238 huiusmodi
1049 4176 1182 4260 gravior
1199 4180 1287 4240 exta·

109 4306 160 4366 ret
185 4305 220 4367 et
247 4299 428 4367 abhorrens
458 4319 479 4365 a
500 4299 565 4366 flne
588 4301 757 4366 Ecclesiae
779 4298 966 4386 principali,
990 4299 1157 4366 sciliceta
1180 4301 1286 4367 salute

110 4427 337 4511 cuiuscumque
360 4424 463 4494 fidelis
485 4427 644 4512 spirituali
667 4431 699 4492 et
722 4430 866 4492 aeterne.
