3302 5100
315 293 383 364 oco
760 312 969 364 annuemus
994 311 1046 362 ιιι.

403 435 429 490 2
448 434 525 490 Libri
544 437 745 504 apostatarum,
765 432 980 500 haereticorum,
997 432 1240 490 schismaticorum
1258 437 1498 503 stqumomcum·
1587 423 1590 428 ’

314 558 370 614 qno
387 541 554 611 scriptorum
582 539 719 596 baeresim
738 540 784 594 vsl
802 539 925 595 schisma
951 545 1171 611 propugnantes
1194 539 1326 608 antipas
1351 537 1500 607 religionis

315 646 496 704 inndsmsnta
514 651 665 717 utcumque
687 651 857 711 evertentes,
875 646 990 702 omnino
1009 643 1205 716 probibentur.

404 747 430 803 3.
449 749 518 805 lteru
538 749 701 819 proibeatur
718 748 941 806 acatholicorum
960 748 1035 817 libri,
1048 749 1096 821 qui
1110 765 1143 804 ex
1164 750 1290 818 professo
1307 747 1342 803 ds
1360 747 1501 816 religione

315 861 448 924 trsctsnt,
466 857 521 912 nisi
539 861 650 912 constet
668 856 740 912 nihil
759 858 788 912 io
807 856 849 914 sis
867 863 966 912 contra
987 856 1070 912 tidem
1098 855 1269 912 catholicum
1296 856 1447 912 cnumcri.

404 965 429 1020 4.
450 963 527 1020 Libri
555 963 715 1020 eorumdem
742 969 899 1030 sucturum,
923 965 971 1036 qui
1000 981 1036 1021 ex
1062 966 1189 1035 pruteno
1215 963 1252 1022 tls
1277 963 1419 1034 religione
1445 978 1502 1016 non

316 1075 449 1138 uacum,
475 1071 523 1128 ssd
541 1073 634 1128 obiter
660 1077 771 1128 tantum
794 1071 858 1129 fidei
877 1073 1014 1128 veritates
1040 1072 1197 1142 attingunt,
1222 1072 1284 1128 iure
1307 1069 1505 1128 ecclesiastico

316 1177 450 1250 prohibiti
468 1195 525 1235 non
543 1179 710 1250 habeantur,
722 1179 810 1236 donec
825 1179 940 1250 specieli
954 1179 1069 1236 decreto
1082 1179 1232 1250 proscripti
1245 1177 1318 1232 hund
1336 1177 1453 1242 luerint.

834 1392 933 1448 curun
953 1392 986 1448 ll.

407 1535 448 1590 De
469 1533 643 1590 Editionibus
660 1545 753 1589 tectus
772 1535 921 1605 cripiuclis
940 1545 966 1590 ct
984 1538 1146 1589 versionum
1165 1551 1221 1589 uon
1239 1536 1409 1606 culpurium

757 1643 863 1698 Sacrae
882 1641 1055 1713 Scripturas.

407 1819 434 1874 5.
453 1818 596 1874 Editionss
615 1822 709 1874 textus
732 1817 879 1889 originalis
898 1823 928 1874 et
945 1819 1124 1890 antiquarum
1153 1819 1317 1878 versionum
1343 1817 1503 1872 catholicu-

318 1941 381 1980 mm
399 1923 500 1980 Sacrae
518 1923 688 1994 Scriptum,
706 1925 792 1980 etism
810 1923 954 1981 Ecclesiae
973 1924 1134 1998 Orisntulis,
1146 1926 1182 1980 ab
1195 1923 1363 1979 acatholicis
1380 1923 1502 1994 quibus·

313 2049 432 2104 cumque
452 2031 620 2102 publicatae,
639 2033 691 2087 etsi
712 2031 833 2088 fideliter
850 2036 880 2087 et
899 2033 1010 2102 integre
1034 2033 1127 2088 sditss
1158 2036 1320 2104 sppureuut,
1339 2031 1375 2086 iis
1392 2031 1504 2086 dumta-

318 2143 377 2206 καί,
395 2137 442 2210 qui
461 2137 560 2194 studiis
578 2136 745 2207 theologicis
758 2137 804 2192 vel
818 2137 929 2192 biblicis
942 2137 1012 2194 dant
1029 2153 1152 2208 oporam,
1171 2137 1319 2192 dummodo
1337 2142 1434 2192 umen
1448 2151 1502 2192 nou

318 2247 518 2316 impugnentur
537 2245 565 2300 in
583 2244 790 2316 prolegomenis
803 2249 852 2300 sut
865 2243 1093 2300 adnotationibus
1106 2243 1264 2300 catholicae
1277 2243 1343 2298 fidei
1361 2243 1504 2313 dogmata,

321 2349 529 2420 permittuntur.

409 2457 810 2520 c.Esdsm1·suces‚stsnb
835 2456 933 2512 iisdem
961 2457 1178 2524 conditionibus,
1204 2457 1408 2526 permittuntur
1429 2455 1505 2512 alise

321 2567 462 2624 versiones
490 2565 637 2622 Succorum
665 2564 819 2622 Bibliorum
844 2566 903 2624 sive
922 2565 1022 2632 latins,
1040 2565 1101 2622 sive
1118 2565 1178 2620 alis
1196 2564 1294 2636 lingua
1316 2579 1373 2621 non
1391 2563 1503 2634 vulgari

319 2672 356 2727 ab
375 2671 540 2728 acatholicis
558 2671 657 2730 editae.

829 2861 926 2922 Cnrur
946 2859 991 2921 111'.

535 3007 578 3063 De
603 3007 782 3062 versionibus
800 3007 965 3064 sumentur
990 3007 1095 3064 Sacros
1114 3006 1287 3077 scripturae.

392 3208 419 3262 7.
437 3205 507 3262 Cum
526 3205 719 3277 experimento
748 3203 927 3260 manifestum
946 3205 992 3274 sit,
1011 3204 1034 3260 si
1054 3179 1140 3258 Sacra
1158 3203 1252 3258 Biblis
1267 3202 1380 3273 vulgari
1405 3200 1506 3273 lingua

323 3315 424 3386 passim
444 3315 504 3370 sinc
522 3314 685 3369 discrimine
704 3313 913 3384 permittantur,
924 3311 986 3382 plus
1004 3311 1069 3367 inds
1087 3313 1124 3366 ob
1142 3310 1285 3366 hominum
1305 3312 1506 3378 temeritatem,

321 3421 492 3488 detrimenti,
509 3438 594 3493 quarn
618 3420 753 3475 utilitatis
777 3411 864 3486 oriri3
882 3419 1024 3474 versiones
1051 3434 1149 3496 ornnes
1171 3417 1199 3472 in
1219 3416 1318 3487 lingue
1345 3417 1506 3483 vernacule,

321 3529 408 3584 etism
425 3545 444 3583 a
461 3528 529 3583 viris
554 3526 702 3582 catholicis
730 3527 883 3590 conlectae,
912 3525 1025 3580 omnino
1053 3522 1247 3594 prohibentur,
1265 3523 1318 3578 nisi
1343 3524 1452 3578 fuerint
1469 3525 1505 3578 sb

323 3635 486 3707 Apostolica
505 3635 569 3692 sede
587 3635 767 3705 approbatus,
789 3638 838 3687 aut
857 3633 950 3688 editae
967 3632 1018 3688 sub
1042 3631 1193 3702 vigilantia
1222 3631 1422 3701 Episcoporum
1441 3647 1505 3684 cnm

323 3741 554 3797 adnotationibus
578 3741 732 3812 desumptis
750 3757 785 3794 ex
804 3737 914 3796 Sanctis
934 3737 1077 3793 Ecclesiae
1096 3737 1343 3810 Patribusstque
1360 3751 1397 3791 cx
1415 3735 1506 3790 doctis

322 3833 525 3917 catholicisque
543 3846 734 3915 scriptoribus.

401 3953 438 4010 ,8.
457 3953 664 4010 Interdicuntur
687 3953 830 4008 versiones
848 3967 944 4006 omncs
963 3949 1111 4004 Sacrorum
1140 3947 1305 4012 Bibliorum,
1323 3947 1424 4018 quavis
1441 3947 1506 4002 vul·

321 4061 387 4132 gsri
403 4061 500 4130 lingua
512 4061 548 4114 ab
567 4058 732 4114 acatholicis
743 4059 963 4130 quibuscumque
976 4059 1225 4128 coniecturamque
1243 4055 1311 4110 illue
1330 4055 1505 4124 praesertim,

314 4185 394 4239 ,quus
413 4184 462 4237 per
479 4165 635 4221 Societates
654 4165 785 4231 Biblicas,
798 4181 815 4219 a
830 4163 963 4219 Romanis
977 4161 1166 4218 Pontificibus
1184 4177 1240 4217 non
1258 4159 1347 4216 semel
1359 4159 1506 4214 mnnita

315 4271 513 4342 divulgantur,
537 4285 600 4325 cum
625 4269 654 4324 in
678 4269 715 4325 iis
739 4267 941 4324 saluberrimus
969 4266 1113 4323 Ecclesiae
1136 4264 1215 4336 leges
1238 4263 1273 4322 ds
1296 4265 1401 4320 divinis
1425 4263 1504 4320 libris

325 4378 437 4434 mendis
455 4377 579 4433 funditus
598 4376 827 4447 posthabeuntur.
