3296 5108
557 300 599 346 nn
624 300 777 347 onurcrrs
801 299 842 346 nr
867 299 985 346 Porrus
1296 279 1362 346 375

274 419 507 497 descendentes,
532 423 672 488 maxime
703 421 742 488 ob
774 423 922 487 timorem
953 421 1057 486 serius
1088 423 1176 487 ocius
1208 441 1363 508 superve-

185 547 302 611 nientis
324 548 498 620 caecitatis,
517 566 582 612 non
599 548 705 613 solent
728 547 964 632 dispensatione
983 546 1106 620 donari,
1131 548 1176 612 uti
1196 546 1362 612 decretum

186 671 247 736 fuit
269 673 302 736 in
327 671 515 738 Vercellen.
540 673 596 740 die
618 672 668 738 28
692 673 900 756 lulii18605
923 675 955 736 in
980 671 1210 739 Carcassonen.
1235 672 1290 739 die
1313 672 1363 738 27

185 796 264 862 Feb.
281 797 381 865 1869.
401 835 417 845 -
437 798 487 864 Ad
511 819 579 865 rem
595 801 685 864 iuvat
708 799 836 864 referre
860 799 1054 884 rescriptum
1078 818 1181 883 nuper
1202 797 1320 863 editum
1344 817 1364 862 a

186 922 218 988 S.
235 920 269 988 C.
287 922 321 988 Ο.
338 923 372 986 in
390 925 578 1008 Augustana
601 922 655 988 die
679 921 721 987 17
745 921 945 988 loaii1899
968 923 1111 1007 quamvis
1134 921 1229 1007 plane
1245 921 1362 988 haben·

185 1045 259 1112 dum
283 1048 325 1114 sit
348 1048 548 1133 exceptionis
571 1049 683 1113 instar.
709 1046 846 1122 Quidam
869 1047 971 1113 laicus
994 1047 1043 1120 N.,
1068 1049 1101 1112 in
1125 1051 1231 1114 aetate
1250 1047 1364 1113 2411-

186 1193 310 1244 norum,
335 1173 476 1238 moribus
506 1178 539 1239 et
568 1173 715 1239 doctrina
744 1173 844 1258 probe
867 1175 1053 1246 instructus,
1078 1181 1112 1238 at
1139 1175 1240 1239 oculis
1263 1195 1364 1261 prope

186 1299 298 1377 captus
326 1291 497 1378 expetebat
522 1297 592 1358 «ut
613 1292 760 1358 omnibus
791 1292 956 1358 ordinibus
987 1293 1108 1359 initiari
1139 1295 1238 1379 possit
1268 1299 1363 1380 atque

185 1416 226 1482 ob
251 1416 370 1483 dictum
398 1417 559 1482 defectum
583 1416 643 1482 sibi
674 1418 771 1482 liceat
801 1420 929 1483 missam
955 1419 990 1482 B.
1016 1419 1059 1483 M.
1087 1418 1126 1484 V.
1151 1420 1203 1484 vel
1227 1439 1287 1504 pro
1310 1420 1363 1485 de-

186 1542 305 1609 functis
329 1543 497 1609 celebrare
521 1563 560 1608 ac
575 1540 714 1608 officium
732 1543 767 1606 B.
785 1543 829 1607 M.
848 1541 888 1606 V.
907 1545 1045 1608 recitare
1065 1544 1136 1608 loco
1153 1547 1249 1610 trtius
1265 1545 1365 1611 divini

186 1665 282 1733 officii
298 1688 330 1730 1.
356 1669 490 1732 Interim
513 1668 567 1732 hic
589 1667 716 1732 iuvenis
738 1668 904 1752 ingressus
927 1673 976 1732 est
998 1667 1156 1751 quoddam
1187 1669 1365 1735 institutum

187 1795 293 1859 caecis
316 1793 439 1859 alendis
456 1798 488 1859 et
503 1792 688 1858 erudiendis
704 1793 897 1858 destinatum
914 1798 946 1858 et
962 1799 1053 1858 certa
1069 1795 1216 1859 exsoluta
1231 1813 1364 1865 summa,

186 1919 233 1985 ibi
251 1939 319 2004 per
341 1925 446 1986 totam
470 1919 576 1985 citam
594 1919 824 2002 permanendi
840 1919 894 1984 ius
907 1917 971 1985 sibi
994 1919 1215 2000 comparavit.
1240 1954 1258 1967 -
1284 1918 1366 2004 Ope·
1495 2007 1500 2016 Ι

189 2061 258 2106 ram
288 2039 375 2108 dedit
404 2041 515 2107 studiis
538 2041 729 2126 theologicis
753 2045 785 2104 et
809 2039 1013 2106 referebatur
1036 2042 1068 2105 in
1097 2041 1245 2126 Episcopi
1277 2059 1365 2106 com-

187 2165 382 2231 mendatitiis
406 2165 523 2230 litteris
549 2186 567 2228 ‹
585 2163 759 2231 Oratorem
782 2165 946 2250 possidere
968 2163 1067 2230 biblia
1090 2184 1194 2238 sacra,
1211 2166 1366 2231 nonnulla

187 2311 302 2358 sacrae
325 2291 502 2372 doctrinae,
519 2311 634 2375 nempe
656 2290 867 2377 dogmaticae,
889 2291 1044 2358 historiae
1068 2293 1182 2358 eccles.
1202 2292 1365 2378 liturgiae,

186 2419 346 2485 asceticae
370 2417 590 2504 compendia...
614 2417 758 2501 aliosque
780 2415 881 2482 libros
911 2419 1111 2483 necessarios
1142 2419 1195 2503 qui
1227 2418 1366 2504 praefati

188 2561 299 2607 ornnes
322 2542 449 2606 exarati
473 2549 547 2607 sunt
569 2543 657 2628 typis
680 2541 815 2606 elevatis
840 2561 1011 2606 caecorum
1028 2541 1203 2608 conditioni
1219 2562 1366 2608 accomo-

188 2669 301 2735 datis..
338 2687 399 2734 nec
437 2687 502 2732 non
534 2667 629 2734 facile
664 2668 776 2754 legere
805 2668 936 2734 Missale
966 2667 1006 2732 ad
1038 2689 1129 2733 usum
1164 2668 1367 2735 sacerdotum

188 2794 436 2860 caecutientium
470 2792 743 2859 accommodatum
781 2797 814 2858 et
852 2812 925 2858 cum
964 2793 1196 2888 approbatione
1231 2793 1262 2860 S.
1302 2795 1366 2858 ltit.

189 2918 288 3000 Cong.
320 2915 516 2982 Ratisbonae
545 2934 565 2978 a
597 2915 710 2980 Postet
739 2915 947 3001 typographo
982 2914 1100 2980 editum
1125 2937 1156 2980 1.
1190 2917 1369 2983 Praeterea

189 3039 403 3111 referebatur,
437 3055 530 3124 posse
565 3038 738 3105 Oratorem
770 3038 901 3102 Missam
937 3040 1169 3103 convenienter
1200 3038 1368 3104 celebrare

189 3168 222 3229 et
236 3163 382 3230 fidelibus
405 3165 636 3229 convenienter
652 3163 684 3230 S.
701 3163 962 3229 Communionem
986 3163 1224 3229 administrare.
1247 3164 1369 3230 Deinde

189 3289 339 3375 precibus
370 3291 415 3356 ita
446 3291 637 3375 rescriptum
669 3267 730 3353 fuit
756 3287 858 3356 «Pro
889 3289 1005 3374 pratia
1035 3289 1295 3372 dispensationis
1325 3290 1369 3357 ab

189 3413 453 3502 irregularitatis
484 3413 616 3498 defectu
640 3413 826 3480 dummodo
858 3419 975 3481 orator
1006 3413 1248 3481 celebratatae
1278 3413 1368 3481 adsi-

189 3537 309 3604 stentia
334 3538 475 3604 alterius
498 3535 694 3604 Sacerdotis
715 3537 806 3619 sacto
830 3537 931 3604 verim
956 3557 1034 3604 carc
1058 3535 1164 3606 samo
1188 3560 1218 3601 ›.

280 3664 329 3732 Ob
353 3663 513 3729 defectum
530 3665 623 3728 unius
638 3661 733 3736 oculi,
750 3668 786 3728 ut
809 3669 885 3749 puta
908 3662 1053 3729 funditus
1070 3665 1164 3738 eruti,
1182 3665 1215 3729 in
1238 3664 1368 3730 homine

190 3810 255 3864 non
278 3790 378 3856 semel
401 3795 491 3855 tanta
515 3795 564 3855 est
586 3788 774 3856 deformitas
798 3795 833 3856 ut
856 3790 1055 3856 stomachum
1076 3793 1213 3864 moveat,
1237 3795 1268 3854 et
1291 3795 1369 3855 tunc

190 3932 256 3978 non
279 3913 467 3980 conceditur
490 3911 696 3998 dispensatio.

281 4041 460 4104 Praeterea
482 4037 604 4104 attendi
627 4038 721 4104 debet
744 4059 786 4104 an
809 4037 937 4104 deficiat
959 4039 1071 4104 oculus
1093 4037 1231 4104 meister
1254 4039 1306 4121 qui
1323 4037 1366 4104 di·

189 4166 275 4230 citur
297 4163 447 4238 caucam,
464 4183 505 4228 an
522 4165 651 4229 dernier.
669 4163 803 4238 Quando
826 4164 917 4230 deest
940 4164 1054 4229 oculus
1074 4163 1195 4228 dacter
1210 4161 1286 4246 quin
1305 4163 1370 4228 ulla

189 4286 340 4374 specialis
362 4285 467 4352 obstet
490 4286 677 4384 deformitas
700 4291 733 4352 et
762 4285 898 4353 ambiar
928 4287 1027 4371 pollet
1056 4287 1185 4371 integra
1214 4284 1370 4352 facultate

189 4411 292 4476 visiva
315 4411 404 4476 nulla
427 4411 516 4476 adest
535 4410 778 4496 irregularitas;
803 4411 829 4476 si
846 4429 948 4482 secus,
967 4429 1060 4475 casus
1075 4408 1215 4474 babetur
1231 4409 1370 4474 hominis
