3226 5106
312 303 375 370 108
837 321 920 370 runs
946 321 967 368 1.

309 458 385 518 tunc
409 455 558 538 apertum
582 457 640 520 est,
674 469 794 535 poenas
818 469 890 516 esse
915 452 935 516 l.
960 466 999 525 s.;
1023 451 1097 534 quia
1120 453 1189 536 ipsa
1203 452 1260 517 lex
1285 457 1318 517 et
1348 452 1494 518 decernit

310 581 343 642 et
361 596 496 661 poenam
523 595 579 640 reo
604 573 728 660 infligit.
750 575 813 638 -Ε
837 579 952 641 contra
976 575 1002 640 si
1027 576 1495 660 calamaneumque,

311 701 646 782 eoecommunicctur5
678 697 811 782 aliisque
844 703 953 765 utatur
988 699 1169 765 huiusmodi
1200 699 1348 766 formulis
1379 701 1494 786 quibus

310 823 407 890 iudex
430 823 558 889 iubetur
580 843 715 908 poenam
740 822 898 908 infligere,
923 829 1000 887 tunc
1024 843 1128 908 poena
1158 821 1308 888 habenda
1335 830 1385 889 est
1414 823 1439 906 f.
1464 845 1490 891 s.

311 947 393 1022 Quia
415 968 495 1012 vero
526 967 697 1014 versamur
728 949 760 1012 in
793 947 928 1029 odiosis,
953 949 986 1011 in
1017 946 1112 1012 dubio
1135 947 1307 1034 benignior
1337 950 1497 1014 sententia

310 1071 450 1136 tenenda
481 1077 546 1141 ast,
572 1073 725 1136 nimirum
757 1092 894 1156 poenam
926 1092 989 1135 non
1013 1073 1035 1137 t.
1059 1091 1086 1136 s.
1111 1071 1168 1136 sed
1197 1071 1222 1154 f.
1247 1092 1272 1137 s.
1306 1093 1386 1137 esse.
1417 1073 1498 1137 Rem
1582 1073 1583 1080 ’

312 1196 422 1276 latina,
449 1195 504 1260 sed
536 1195 648 1260 forsan
679 1215 743 1260 non
773 1197 893 1261 clarius
925 1202 1107 1282 exponunt,
1141 1197 1276 1270 Suarez,
1302 1198 1351 1262 Dc
1377 1197 1499 1264 Ceram-
1584 1281 1585 1284 Ἴ

313 1320 374 1401 ris,
398 1321 465 1392 ΙΙΙ,
490 1319 585 1401 3-6.;
608 1318 755 1403 idemque
779 1320 828 1386 De
852 1321 998 1406 Leqibus
1021 1319 1094 1386 Lib.
1128 1321 1162 1392 V,
1188 1321 1221 1402 6,
1238 1321 1296 1385 26.
1314 1357 1331 1368 -
1349 1321 1497 1386 Berardi.
1585 1403 1586 1406 Ἴ

313 1445 374 1509 luc
407 1445 490 1509 Con.
529 1443 623 1508 Unio.
656 1442 747 1508 Dius.
780 1443 848 1508 ΙΙΙ.
883 1443 978 1508 ‹De
1012 1445 1081 1510 reis
1110 1463 1178 1526 per
1211 1463 1374 1510 caesuras
1404 1465 1499 1510 coer·

312 1569 428 1635 cendia
453 1589 470 1632 a
495 1569 533 1633 ia
557 1569 595 1633 L.
622 1569 656 1632 V.

401 1693 454 1757 70.
480 1693 587 1756 Nihilo
603 1693 709 1758 secius
735 1693 935 1766 advertatur,
954 1695 1050 1758 etiam
1075 1695 1107 1758 in
1132 1693 1320 1759 criminibus
1337 1694 1499 1758 mulctatis
1589 1761 1590 1768 q

313 1837 416 1902 poena
439 1819 507 1902 ipso
531 1814 603 1882 iure
627 1817 834 1888 incurrenda‚
852 1819 1054 1884 intervenire
1077 1819 1270 1883 sententiam
1293 1817 1409 1883 iudicis
1434 1837 1499 1882 non

314 1942 630 2008 condemnatoriam
646 1947 680 2006 ut
704 1944 736 2007 in
754 1962 831 2006 casu
850 1961 984 2025 poenae
1002 1942 1028 2026 s.
1045 1948 1139 2016 sent,
1158 1944 1214 2009 sed
1233 1943 1501 2009 declaratortcm

312 2087 435 2152 poenae
452 2069 515 2132 iam
537 2069 698 2133 incursae.
717 2069 871 2142 Quamvis
896 2071 982 2134 enim
998 2089 1103 2154 poena
1119 2069 1139 2134 l.
1156 2088 1182 2135 s.
1200 2073 1311 2133 teneat
1327 2071 1396 2154 ipso
1414 2069 1501 2134 facto

315 2189 551 2275 delinquentem
576 2193 719 2256 criminis
744 2191 803 2256 sibi
828 2193 1010 2272 conscium,
1033 2197 1142 2258 tamen
1172 2179 1306 2258 interest
1337 2194 1501 2260 societatis

315 2321 350 2380 ut
366 2315 434 2401 ipsa
456 2318 577 2381 certior
593 2313 650 2381 flat
665 2313 769 2381 officio
785 2315 907 2396 iudicis,
926 2317 1017 2382 illum
1034 2319 1137 2382 civem
1154 2335 1289 2402 poenam
1310 2319 1500 2389 incurrisse,

316 2458 452 2524 eumque
476 2443 563 2512 sciat,
581 2439 679 2506 certis
702 2440 834 2510 iuribus.
863 2442 896 2504 in
924 2461 1059 2527 poenam
1084 2441 1245 2526 privatum
1268 2461 1348 2506 esse.
1375 2442 1501 2506 Verum

316 2567 384 2628 tcto
408 2565 497 2628 coelo
523 2560 675 2630 differunt
698 2567 784 2629 inter
807 2585 842 2629 se
859 2565 1150 2632 condemnatoria‘
1164 2565 1329 2631 sordentia
1345 2571 1378 2632 et
1393 2566 1504 2631 docto·

315 2690 470 2772 rotoria;
497 2709 568 2753 cum
606 2687 739 2754 effectus
770 2691 949 2754 sententiae
981 2689 1265 2754 condemnatoriae
1296 2691 1453 2774 incipiant
1483 2709 1503 2754 a

317 2813 368 2877 die
400 2832 462 2897 qua
491 2813 575 2878 haec
605 2813 749 2899 legitime
779 2814 947 2899 profertur
976 2815 1021 2879 ita
1044 2824 1080 2878 ut
1110 2815 1137 2879 si
1161 2815 1322 2878 sententia
1349 2815 1390 2878 sit
1414 2813 1504 2878 nulla

318 2938 412 3003 etiam
446 2935 485 3000 ob
517 2935 643 3000 formae
667 2937 844 3008 defectum,
870 2937 958 3001 nulla
983 2938 1172 3003 incurratur
1199 2955 1316 3021 poena;
1340 2956 1360 3001 e
1387 2943 1504 3002 contra

317 3063 351 3123 in
367 3063 528 3126 sententia
552 3061 779 3142 declaratoria,
796 3079 900 3146 poena
916 3063 937 3126 t.
955 3081 980 3126 s.
998 3067 1088 3126 tenet
1103 3081 1123 3125 a
1137 3061 1188 3125 die
1204 3063 1322 3147 patrati
1346 3063 1501 3128 criminis,

319 3185 397 3249 adeo
413 3190 448 3249 ut
464 3187 532 3249 eius
556 3187 650 3250 valor
665 3189 698 3251 et
713 3183 847 3250 effectus
870 3181 1089 3252 tantummodo
1113 3185 1332 3268 declarentur,
1348 3185 1435 3249 unde
1455 3188 1504 3250 vis

318 3309 498 3374 huiusmodi
529 3311 707 3374 sententiae
739 3309 971 3374 retrotrahitur
998 3309 1038 3374 ad
1072 3309 1156 3374 diem
1188 3310 1315 3375 admissi
1348 3310 1502 3374 criminis.

319 3433 429 3507 Quare
444 3436 470 3498 si
487 3427 655 3499 sententia
670 3433 899 3501 declaratorio
915 3453 958 3497 ex
981 3433 1088 3518 aliquo
1113 3433 1243 3498 defectu
1266 3433 1392 3498 formae
1416 3434 1504 3498 nulla

215 3589 218 3598 ·
319 3559 368 3638 sit,
393 3579 457 3622 non
481 3557 642 3624 habentur
670 3556 803 3624 effectus
819 3560 999 3623 sententiae
1029 3557 1296 3638 declaratorioe‚
1321 3557 1377 3624 sed
1400 3577 1504 3643 poena

316 3684 352 3746 in
368 3701 425 3747 sua
448 3685 480 3746 vi
503 3689 673 3769 permanet
688 3688 721 3748 et
736 3686 834 3769 viget
861 3683 988 3767 quando
1012 3681 1142 3747 aliunde
1159 3682 1238 3748 illud
1255 3684 1379 3747 crimen
1396 3687 1503 3768 patra·

319 3815 385 3872 tum
403 3810 453 3890 sit,
469 3815 565 3893 atque
581 3809 654 3892 ipso
669 3809 761 3892 facto
778 3827 901 3894 poenae
917 3808 1018 3873 illatio
1035 3813 1146 3873 secuta
1162 3809 1212 3882 sit,
1228 3827 1271 3872 ex
1288 3809 1357 3892 ipso
1374 3805 1503 3872 decreto

319 3934 408 4020 legis

409 4057 460 4123 Ad
483 4059 674 4125 sententiam
691 4057 957 4124 declaratom'am
973 4056 1055 4141 quod
1069 4062 1202 4142 spectat,
1216 4057 1357 4121 maxime
1370 4057 1504 4120 interest

320 4185 496 4268 inquirere,
524 4203 566 4248 an
589 4189 622 4249 et
645 4183 773 4267 quando
798 4185 858 4248 ista
881 4183 1066 4246 necessario
1090 4179 1327 4266 interponenda
1350 4157 1402 4246 sit.¹
1427 4181 1505 4244 Nam

321 4308 403 4373 haec
419 4308 567 4374 obiicitur
590 4307 751 4393 quaestio:
770 4307 896 4391 quando
921 4327 1025 4391 poena
1049 4311 1098 4371 est
1121 4308 1141 4371 l.
1158 4327 1184 4372 s.
1210 4312 1242 4370 et
1265 4305 1336 4388 quis
1357 4305 1417 4370 sibi
1433 4323 1503 4368 con·

321 4435 405 4499 scius
429 4440 477 4500 est
501 4433 540 4499 de
570 4435 707 4499 crimine
730 4431 868 4496 admisso
893 4432 944 4496 cui
976 4431 1050 4496 talis
1077 4449 1180 4516 poena
1203 4429 1332 4495 adnexa
1356 4434 1420 4500 est.
1445 4447 1507 4492 nec
