3296 5108
788 601 901 666 Garun
927 599 968 664 ll.

480 795 525 848 DE
544 793 800 849 PROHlBlTIONE
821 793 865 846 ΕΤ
885 791 1057 848 censent
1079 790 1280 845 einnonem.

289 1008 512 1066 summarium.
531 1037 567 1052 -
585 1007 648 1063 336.
671 1007 709 1062 De
735 1007 839 1063 recenti
859 1007 952 1061 Const.
970 1005 1158 1060 «Officiorum
1179 1021 1212 1058 ac
1230 1019 1414 1058 munerum».
1432 1032 1475 1046 -

377 1117 438 1172 337.
452 1117 595 1179 Quodnam
614 1117 651 1171 sit
670 1117 713 1170 ius
731 1114 813 1170 hodie
825 1115 932 1184 vigens.
954 1141 988 1155 —
1007 1112 1067 1167 338.
1087 1113 1131 1166 An
1151 1111 1265 1180 uigeant
1284 1111 1475 1180 particulares

377 1223 597 1312 consuetudines

378 1420 458 1486 336.
485 1423 522 1485 ln
551 1441 588 1485 re
618 1422 699 1484 tanti
732 1419 882 1486 momenti
914 1418 1009 1484 hodie
1037 1418 1157 1484 utimur
1180 1418 1252 1482 iure
1279 1421 1475 1503 nuperrime

286 1543 424 1610 inducto
447 1563 506 1629 per
529 1543 637 1610 Const.
665 1565 684 1604 ι
703 1541 897 1626 officiorum
926 1561 968 1608 ac
990 1559 1208 1606 merneram»
1233 1559 1316 1625 quae
1348 1541 1477 1626 prodiit

293 1665 349 1731 die
372 1665 424 1731 23
447 1665 607 1731 Ianuarii
628 1665 719 1731 1897
736 1663 791 1750 (l).
817 1699 835 1713 -
863 1661 987 1750 Scopus
1017 1663 1112 1729 huius
1135 1661 1379 1730 constitutionis
1407 1663 1473 1729 luit

287 1794 434 1855 veterem
469 1789 668 1874 disciplinam
698 1791 855 1853 innovare
886 1787 1095 1872 eamdemque
1126 1789 1256 1854 mutatis
1285 1793 1472 1872 temporum

290 1911 450 1980 adiunctis
466 1915 569 2000 magis
582 1912 853 1980 accommodatam
871 1911 1017 1978 reddere.
1036 1912 1128 1978 Haec
1143 1913 1296 1998 leguntur
1311 1913 1344 1976 in
1362 1913 1472 1978 Bulla:

291 2057 309 2099 ‹
325 2037 450 2102 Verum
467 2038 579 2104 salutis
595 2037 742 2123 publicae
758 2039 841 2103 ratio
865 2055 947 2120 quae
963 2035 1106 2122 Regulus
1122 2037 1328 2102 Tridentinus
1344 2057 1470 2122 genue-

288 2169 350 2234 rat,
375 2163 488 2226 novari
521 2161 640 2246 aliquid
670 2164 704 2225 in
734 2162 791 2233 eis,
815 2159 998 2226 labentibus
1028 2159 1196 2232 aetatibus.
1221 2160 1334 2226 eadem
1364 2163 1471 2228 iussit.

287 2284 503 2360 Quamobrem
527 2284 663 2349 Romani
689 2282 863 2350 Pontifices
886 2285 1073 2350 nominatim
1096 2283 1246 2352 Clemens
1269 2285 1365 2366 VIII,
1390 2286 1471 2352 Ale·

287 2411 413 2476 rander
429 2410 507 2490 Vll,
523 2410 716 2476 Benedictus
731 2410 824 2484 XIV,
841 2412 935 2496 gnari
952 2415 1132 2495 temporum
1156 2416 1189 2476 et
1211 2429 1372 2478 memores
1387 2432 1472 2498 pru-

288 2534 416 2599 dentiae
431 2535 528 2620 plura
542 2533 758 2600 decreverunt
773 2553 855 2619 quae
878 2534 918 2599 ad
943 2553 998 2599 eas
1022 2533 1231 2620 explicandas
1252 2541 1349 2620 atque
1372 2555 1469 2602 noco·

288 2657 461 2724 modandas
483 2661 620 2744 tempori
643 2661 860 2724 valuerunt...

381 2785 507 2860 «Quae
529 2791 640 2870 postea
659 2791 834 2852 consecuta
859 2789 943 2858 sunt,
967 2803 1062 2850 nemo
1077 2787 1190 2850 nescit.
1207 2785 1371 2852 Videlicet
1392 2807 1473 2853 cum

287 2905 439 2973 adiuncta
469 2927 581 2973 rerum
610 2913 706 2992 atque
733 2908 898 2974 hominum
923 2910 1042 2974 sensim
1065 2911 1255 2975 mutavisset
1285 2909 1363 2982 dies,
1387 2910 1474 2978 fecit

288 3027 319 3093 id
344 3030 493 3096 Ecclesia
516 3028 702 3115 prudenter,
728 3049 818 3094 more
842 3050 909 3110 suo,
934 3029 1028 3113 quod,
1049 3036 1221 3115 perspecta
1243 3037 1362 3097 natura
1384 3037 1469 3098 tem·

287 3171 411 3237 porum,
442 3154 545 3239 magis
575 3151 731 3238 expedire
753 3159 850 3237 atque
875 3153 952 3219 utile
976 3171 1046 3218 esse
1071 3151 1235 3220 hominum
1259 3154 1353 3220 saluti
1377 3155 1471 3222 vide·

288 3285 390 3345 retur.
408 3278 523 3344 Plures
547 3279 746 3365 Regvdarum
768 3278 886 3344 lndicis
909 3280 1183 3364 praescriptiones
1199 3297 1281 3364 quae
1299 3280 1473 3348 excedisse

287 3403 525 3486 opportunitate
555 3402 691 3486 pristina
713 3399 906 3467 videbantur
929 3400 981 3468 vel
1006 3401 1138 3468 decreto
1161 3404 1232 3488 ipsa
1262 3403 1389 3468 sustulit
1410 3405 1469 3470 vel

287 3545 379 3592 more
409 3545 532 3610 usuque
562 3526 680 3608 alicubi
712 3527 934 3592 invalescente
956 3529 1120 3612 antiquari
1142 3526 1281 3614 benigne
1309 3530 1473 3596 simulne

289 3651 422 3736 provide
446 3653 530 3716 sivit.
548 3652 744 3719 Recentiore
760 3654 915 3718 memoria
938 3653 1019 3719 datis
1042 3653 1083 3718 ad
1107 3653 1379 3740 Archiepiscopos
1394 3655 1471 3740 Epi·

286 3795 464 3862 scoposque
488 3797 506 3842 e
529 3779 709 3864 principatu
733 3775 894 3865 pontificio
917 3779 1044 3860 litteris,
1073 3779 1152 3844 Pius
1176 3781 1226 3846 IX
1250 3780 1410 3866 Regulam
1433 3783 1473 3849 X

286 3920 404 3987 magna
428 3922 470 3967 ex
494 3909 587 3988 parte
613 3904 780 3989 mitigavit.
811 3903 990 3969 Praeterea
1020 3905 1199 3989 propinquo
1228 3905 1292 3970 iam
1321 3905 1475 3972 Concilio

376 4095 416 4163 (l)
437 4093 489 4148 Sed
516 4095 545 4148 in
564 4093 646 4149 Bulla
670 4096 818 4165 apponitur
836 4110 853 4151 t(
871 4096 971 4150 ilatum
991 4095 1141 4151 Romae...
1167 4113 1241 4152 anno
1265 4097 1476 4154 lncarnationis

288 4201 448 4256 Dominicae
474 4203 624 4257 millesimo
650 4207 874 4274 octr'npentesimo
898 4206 1077 4274 nonapesimo
1103 4219 1207 4269 snxro,
1233 4206 1299 4275 qnia
1323 4206 1351 4258 in
1378 4203 1474 4258 Bullis.

288 4325 378 4362 annus
397 4309 517 4363 sumitur
535 4310 736 4365 lucarnationis
754 4312 833 4364 cuius
850 4311 961 4365 initium
981 4315 1024 4366 est
1042 4311 1100 4366 dies
1117 4313 1163 4364 25
1174 4314 1278 4366 murrii.
1291 4341 1305 4354 ·
1325 4309 1473 4381 lntegrum

291 4420 399 4470 textum
421 4415 639 4473 Constitutionis
659 4423 687 4473 et
706 4417 762 4472 alia
780 4418 946 4474 documenta
964 4419 1057 4474 affinia
1075 4420 1227 4475 referemus
1249 4420 1278 4474 in
1297 4421 1475 4490 Appendice.
1570 4473 1572 4478 .
