3202 5104
565 295 608 342 ns
632 293 788 344 onurcrrs
811 297 854 344 ar
877 297 997 344 eonius
1304 283 1370 350 259

190 417 469 501 participationem
503 417 686 484 divinorum
720 421 807 486 inter
837 420 942 488 laicos
972 422 1228 490 recensebantur
1257 423 1317 510 (l).
1351 461 1370 476 ·

192 541 350 627 Deinceps
373 542 486 608 clerici
510 543 618 608 taliter
641 543 787 627 depositi,
804 546 856 630 qui
877 565 967 610 more
990 546 1144 612 laicorum
1169 548 1202 612 in
1223 549 1372 615 Ecclesia

190 667 326 749 posthac
349 668 537 732 conversari
561 667 729 743 debebant,
744 671 898 756 expoliati
921 677 996 736 sunt
1024 671 1167 738 clericali
1191 673 1371 759 privilegio,

188 809 293 874 quare
316 809 334 854 e
357 789 459 875 gradu
482 789 597 855 deiecti
621 811 677 856 seu
701 792 883 878 depredati
906 793 1024 859 curiae
1048 795 1220 861 saeculari
1236 796 1285 879 (2)
1309 802 1373 862 tra·

189 914 349 980 debentur
373 913 532 980 iudicandi
557 921 589 980 et
612 916 773 1002 puniendi.
798 917 847 983 Cf.
871 937 899 984 c.
925 937 952 984 c.
977 919 1010 988 8.
1036 919 1086 985 De
1109 920 1206 986 crim
1229 920 1313 1002 salsi
1327 922 1370 994 X.

187 1037 247 1122 (V,
271 1038 326 1124 20)
351 1044 384 1104 et
407 1038 459 1114 27,
485 1040 536 1106 De
560 1039 651 1108 verb.
674 1039 790 1126 siqnif.
815 1041 857 1122 Χ,
882 1038 938 1125 (V,
964 1042 1031 1128 40).

282 1215 321 1284 (Ι)
341 1216 478 1270 Nimirum
497 1216 658 1271 conceditur
676 1216 808 1286 depositis
827 1220 982 1270 communio
998 1219 1080 1282 laica,
1093 1235 1163 1289 quae
1176 1219 1308 1273 adimitur
1324 1235 1373 1290 per

188 1325 513 1378 excommunicationem.
542 1323 607 1377 lude
635 1327 712 1392 patet
739 1323 875 1394 quomodo
904 1325 1156 1378 excommunicatio
1185 1325 1221 1379 sit
1242 1293 1372 1380 ¹omnium

189 1429 356 1498 gravissima
376 1445 472 1498 poena.
500 1429 608 1484 Revera
631 1430 774 1500 depositus
798 1429 843 1484 vel
868 1431 1048 1500 depredatus,
1076 1429 1128 1484 etsi
1153 1430 1182 1484 in
1207 1435 1388 1506 perpetuum·

188 1553 331 1592 carcerem
351 1537 523 1602 detrudatur,
541 1543 635 1592 tamen
655 1536 849 1591 communione
874 1537 976 1592 fruitur
1001 1535 1104 1602 laicali,
1128 1537 1168 1592 uti
1191 1541 1280 1604 cavel,
1299 1539 1373 1594 iuter

189 1648 301 1699 ceteros
325 1646 497 1712 innumeros,
523 1660 611 1698 canon
635 1645 662 1711 7,
688 1643 770 1698 Cone.
796 1642 1005 1698 Aurelianensis
1030 1641 1065 1696 ΙΙΙ
1091 1641 1130 1713 (a.
1152 1643 1236 1712 538),
1262 1643 1373 1700 edicens

188 1765 209 1808 tt
225 1753 255 1808 Si
278 1755 339 1822 quis
363 1752 539 1806 adulterasse
564 1760 611 1804 out
636 1755 780 1822 consessus
803 1751 893 1821 fuerit
917 1759 965 1802 aut
990 1751 1147 1814 conuictus,
1172 1751 1314 1820 depositus
1338 1754 1374 1806 ali

188 1857 289 1930 efficio,
308 1861 501 1912 communione
519 1873 657 1922 concessa,
675 1856 705 1910 in
722 1859 891 1910 monasterie
912 1865 966 1908 toto
985 1857 1060 1909 uitae
1085 1871 1154 1909 suae
1181 1865 1306 1925 tempore
1324 1874 1371 1912 re·

188 1969 325 2020 trudatur
337 1981 362 2024 rt.
383 1969 406 2019 Α
425 1966 618 2019 communione
638 1964 735 2018 laicali
752 1963 948 2032 distinguenda
971 1967 1013 2017 est
1039 1963 1197 2017 communio
1218 1967 1372 2036 perepriua

188 2091 263 2145 quae
282 2074 415 2128 clericum
434 2089 488 2127 non
508 2072 628 2126 eiciebat
646 2089 663 2124 a
676 2071 759 2137 clero,
777 2070 824 2125 sed
844 2087 915 2136 eum,
931 2070 1120 2140 poenitentiae
1136 2087 1228 2138 causa,
1242 2073 1374 2126 censebat

192 2185 253 2238 iure
266 2182 360 2236 clerici
370 2183 525 2253 perecrini.
536 2181 571 2234 Hi
581 2180 675 2235 clerici
687 2184 784 2249 utpote
794 2179 881 2248 ignoti
893 2183 922 2234 et
932 2179 1058 2234 destituti
1070 2179 1173 2234 litteris
1182 2183 1312 2252 formatis
1324 2198 1372 2236 seu

190 2289 427 2346 testimonialibus
441 2304 495 2343 non
508 2289 726 2342 admittebantur
739 2303 827 2357 neque
837 2286 871 2340 ad
886 2287 1083 2355 partecipanda
1096 2304 1186 2358 neque
1199 2288 1234 2342 ad
1246 2288 1373 2344 obeunda

186 2415 272 2452 sacra
291 2399 433 2469 mysteria.
453 2395 577 2450 Clericus
594 2396 625 2448 in
638 2411 761 2465 poenam
779 2392 908 2448 redactus
926 2393 960 2446 ad
979 2393 1204 2450 communionem
1233 2397 1373 2462 laicalem

192 2506 221 2558 in
241 2504 293 2558 bac
313 2503 507 2574 perseverabat
526 2503 670 2556 dumtaxat
689 2500 722 2553 ud
742 2505 851 2569 tempus
866 2516 915 2554 seu
937 2515 1080 2571 quousque
1106 2504 1169 2554 acta
1191 2502 1373 2570 poenitentia,

190 2629 242 2683 per
266 2612 470 2667 absolutionem
496 2609 691 2664 restitueretur
716 2609 744 2661 in
770 2607 916 2676 pristinum
942 2607 1065 2674 gradum.
1090 2607 1130 2660 Cf.
1151 2606 1246 2676 Soglia
1273 2609 1319 2680 qui
1344 2610 1371 2662 in

191 2719 259 2773 Iasi.
285 2721 340 2774 iur.
362 2723 437 2789 prio.
457 2723 474 2782 ἓ
496 2715 546 2772 148
571 2715 657 2770 refert
681 2712 771 2784 quoad
796 2712 974 2782 presbyteros
999 2714 1149 2779 apostatas,
1174 2711 1220 2782 qui
1247 2717 1372 2782 tempore

188 2829 345 2885 eversionis
369 2844 461 2882 rerum
486 2823 660 2895 publicarum
685 2823 713 2875 in
738 2820 831 2874 Gallia
855 2819 930 2872 omni
954 2818 1070 2872 crimine
1095 2835 1125 2873 se
1150 2819 1370 2888 maculaverant,

187 2935 218 2987 S.
238 2935 336 2989 Sedem
355 2933 550 2986 instructiones
574 2929 681 2984 dedisse
700 2927 734 2980 ad
753 2925 913 2979 Ordinarios
938 2928 969 2977 ut
991 2925 1060 2976 istos
1085 2939 1197 2977 suorum
1225 2924 1372 2978 criminum

191 3044 368 3112 poenitentes
385 3039 571 3104 absolverent,
589 3041 619 3090 at
638 3037 749 3094 eosdem
767 3034 804 3086 ad
823 3031 978 3102 simplicem
993 3031 1131 3084 laicorum
1148 3033 1372 3086 communionem

191 3153 244 3206 boc
261 3152 322 3220 ipso
342 3150 483 3202 traductos
502 3162 562 3200 esse
573 3161 625 3198 nec
636 3159 693 3196 non
706 3141 831 3194 omuibus
844 3138 952 3192 iuribus
968 3145 993 3192 et
1008 3136 1169 3206 priuileqiis
1188 3136 1371 3192 clericalibus

191 3275 311 3330 prorsus
330 3257 462 3327 spoliatos
477 3269 658 3326 pemnanere.

284 3365 323 3438 (2)
342 3365 439 3434 Neque
456 3361 522 3415 buie
541 3356 712 3412 conclusioni
730 3352 923 3408 contradicunt
938 3350 956 3404 l.
969 3350 1014 3416 39,
1035 3351 1098 3404 Cod.
1118 3351 1219 3403 Tbeod.
1235 3351 1276 3404 De
1289 3353 1372 3420 episc.

191 3483 221 3526 et
238 3473 342 3534 cleric,
363 3470 382 3522 l,
402 3468 445 3520 53
464 3471 482 3534 5
501 3467 523 3518 1.
544 3467 604 3519 eod.
624 3465 676 3524 ric,
696 3462 755 3515 eod.
775 3457 890 3512 Iustina.
910 3455 938 3509 in
966 3455 1065 3526 quibus
1085 3454 1117 3506 iit
1142 3453 1247 3506 mentio
1265 3454 1301 3508 de
1318 3456 1373 3508 cle·

191 3579 253 3632 rico
272 3579 368 3632 curiae
385 3575 497 3636 tradita·
515 3589 578 3624 nam
599 3569 628 3623 in
646 3567 690 3620 his
708 3564 784 3630 locis,
805 3565 900 3617 curiae
920 3563 1033 3614 tradere
1059 3573 1112 3612 rron
1139 3557 1280 3626 significat
1300 3557 1373 3610 eddi·

191 3703 258 3742 cere
276 3689 340 3756 soro
358 3683 509 3746 saeculari,
522 3679 563 3732 uti
577 3675 702 3747 pluribus
722 3673 751 3726 Ι).
766 3671 796 3724 D.
810 3669 947 3740 persuasit
965 3667 1104 3736 ignoratio
1123 3665 1310 3736 antiquitatis,
1327 3667 1373 3720 sed
1464 3669 1472 3692 ⁸

188 3793 334 3864 signifieat
352 3795 483 3860 cooptare
502 3788 531 3841 in
549 3803 583 3840 ea
601 3781 722 3850 collegia
740 3779 880 3835 destinata
898 3775 1016 3858 publicis
1034 3773 1195 3826 muneribus
1222 3770 1373 3840 expedien-

189 3901 243 3967 dis,
262 3919 279 3955 a
297 3901 397 3971 quibus
416 3899 491 3951 cives
509 3895 578 3948 adeo
596 3889 785 3946 abhorrebant
802 3889 834 3938 ut
852 3883 962 3938 nonnisi
982 3881 1081 3945 coacti,
1100 3879 1176 3949 quasi
1198 3879 1226 3932 in
1246 3894 1374 3947 poenam,

189 4009 289 4064 eadem
313 4009 492 4076 susciperent.
512 4001 553 4055 Cf.
581 4001 599 4054 l.
619 3997 669 4065 39,
687 3997 727 4051 tit.
745 3997 774 4061 2,
800 3995 847 4048 lib.
867 3991 912 4058 16,
935 3990 999 4045 Cod.
1024 3988 1128 4042 Theoti.
1153 3989 1182 4040 et
1207 3990 1375 4039 commenta·

191 4118 264 4171 rium
283 4113 444 4170 Gotboiredi
458 4111 491 4164 ad
505 4109 629 4165 eamdem
641 4106 742 4174 legem.
757 4131 772 4142 -
784 4099 891 4163 Devntt,
903 4098 971 4150 last.
989 4095 1053 4150 Con,
1069 4095 1116 4147 lib.
1131 4091 1155 4153 Ι.
1168 4092 1208 4145 tit.
1224 4091 1253 4152 8,
1264 4100 1331 4145 sect.
1345 4093 1375 4156 4,

193 4226 274 4294 521,
294 4234 349 4277 not.
368 4223 397 4288 2,
415 4219 554 4290 opinatur,
574 4216 615 4270 uti
634 4211 758 4284 regulam
779 4205 947 4279 generalem,
968 4202 1063 4258 clerici
1084 4198 1262 4255 traditionem
1278 4198 1375 4251 curiae

190 4331 337 4387 soeculari
354 4346 403 4383 seu
422 4331 485 4397 soro
507 4319 603 4376 laicali
621 4335 676 4373 non
694 4331 755 4372 esse
773 4311 958 4383 antiquiorem
978 4305 1139 4361 Innocentio
1158 4301 1204 4368 ΙΙΙ,
1223 4302 1271 4373 qui
1296 4316 1374 4355 eam-

192 4437 256 4493 dem
275 4436 422 4495 constituit
439 4435 468 4486 in
487 4447 547 4500 cap.
567 4427 588 4481 8
607 4428 649 4480 De
668 4423 748 4478 crim.
767 4420 837 4492 falsi
857 4417 895 4472 X.
