3306 5102
524 311 567 355 nn
591 309 744 356 namorrs
769 311 810 356 nr
834 307 952 355 eoams
1260 289 1327 353 315

151 438 201 498 est
222 435 363 498 intentu
381 433 462 518 legis
484 431 683 499 sufficienter
705 453 904 518 expressum.
931 433 974 496 At
989 433 1138 517 principii
1162 436 1210 496 est
1232 431 1326 495 nimis

149 559 256 642 rigida
277 559 448 643 applicatio
471 557 597 641 quando
621 561 683 623 iam
707 563 901 640 constater
923 561 1042 622 natura
1064 557 1324 642 irregularitatis,

145 703 213 765 per
234 684 463 750 necessariam
487 683 761 769 consequentiam
785 685 873 766 sequi
897 682 1156 769 impedimentum
1181 679 1221 746 ab
1244 679 1326 746 ordi-

151 808 244 873 nibus
268 811 330 874 iam
353 811 525 896 susceptis;
550 809 635 875 unde
659 829 732 874 cum
755 809 797 874 11.
821 808 986 894 Gasparri,
1010 827 1063 890 op.
1082 807 1134 873 cit.
1162 807 1195 882 V,
1213 807 1240 878 1,
1258 805 1325 871 331

151 936 228 1015 puto
251 931 365 998 falsam
389 952 460 998 esse
483 933 569 1000 hanc
591 935 793 1014 sententiam,
816 951 878 999 nec
901 931 1044 1017 practice
1074 933 1184 1003 tutam,
1209 929 1325 1014 quippe

151 1056 183 1124 S.
209 1058 243 1123 Ο.
267 1057 365 1124 Cone.
388 1059 426 1123 in
449 1057 612 1131 Murano,
631 1057 912 1144 irregularitatis,
937 1056 978 1122 14
1001 1055 1086 1123 Nou.
1110 1055 1325 1139 11161111-

150 1180 224 1244 dam
248 1180 448 1246 sacerdotem
471 1185 597 1248 temere
628 1181 878 1266 rebaptizantem
901 1180 1118 1270 irregularem
1149 1178 1328 1244 declaravit

149 1326 208 1371 seu
225 1306 408 1392 impeditum
424 1307 464 1371 ab
480 1307 645 1374 ordinibus
668 1305 907 1380 ministrandis;
931 1325 1004 1369 nam
1028 1305 1198 1391 prepositis
1213 1302 1325 1370 dubiis:

153 1451 172 1490 c
192 1425 224 1494 1⁰
242 1433 292 1496 An
308 1437 420 1495 orator
436 1431 613 1494 incurrerit
632 1431 906 1516 irregularitatem
924 1447 966 1493 ex
981 1429 1152 1493 iteratione
1169 1425 1326 1512 baptismi;

149 1551 186 1618 2⁰
203 1559 254 1618 An
271 1556 312 1620 sit
334 1554 422 1620 locus
438 1555 665 1640 dispensationi
682 1557 715 1620 in
731 1575 816 1620 casu.
842 1553 872 1620 S.
891 1554 925 1621 (1.
942 1553 1085 1638 reposuit
1100 1551 1140 1616 ad
1159 1551 1327 1635 1111Αῇ1-

149 1679 277 1744 mntiue
298 1677 338 1744 ad
362 1677 422 1743 211ῃ
435 1677 655 1763 affirmative,
676 1678 825 1761 pauens
847 1675 1019 1744 cannitiis
1041 1671 1278 1758 spiritualibus
1294 1693 1325 1735 a.

150 1803 201 1868 Cf.
218 1801 342 1870 Giraldi
365 1807 419 1886 epi.
437 1803 489 1868 cit.
505 1803 545 1868 P..
563 1803 590 1876 l,
616 1801 700 1869 Sect.
718 1801 791 1868 812.
811 1838 828 1850 -
847 1799 910 1867 Sed
926 1821 968 1866 ex
984 1799 1077 1864 modo
1093 1819 1156 1884 quo
1171 1803 1329 1883 concepta

150 1934 203 1994 est
234 1929 399 2015 responsio
423 1925 476 2012 (cf.
505 1947 537 1992 n.
564 1927 639 2014 188)
672 1947 736 1992 non
768 1933 857 1993 certe
887 1923 1174 2012 deducitur,‚inibi
1204 1925 1257 2008 agi
1288 1923 1328 1988 de

148 2052 299 2134 propria
329 2053 586 2137 irregularitate;
618 2053 771 2136 quocirca
802 2052 903 2136 magis
933 2051 1108 2116 insistimus
1138 2050 1171 2112 in
1203 2048 1328 2113 ratione

149 2177 331 2242 intrinseca
353 2178 442 2242 iuris.

244 2303 296 2366 Ex
326 2302 389 2368 hac
419 2301 607 2387 particulari
642 2292 827 2386 quaestione
857 2303 953 2368 liceat
983 2300 1160 2366 ascendere
1192 2300 1231 2364 ad
1263 2300 1327 2364 cri-

148 2428 269 2491 terium
297 2427 450 2511 genarale
482 2427 571 2492 circa
599 2427 843 2513 intelligentiam
868 2427 1018 2512 principii
1050 2427 1084 2489 in
1107 2425 1170 2489 hac
1193 2424 1329 2489 materia

149 2551 416 2624 fundamentalis,
453 2552 579 2617 scilieet
612 2553 883 2638 irregularitates
916 2571 988 2617 nou
1022 2549 1156 2618 incurri
1189 2549 1257 2614 nisi
1289 2549 1328 2612 in

148 2676 227 2741 iure
247 2675 315 2740 siat
332 2693 528 2758 capressina
551 2695 626 2740 nam
647 2675 748 2740 verba
770 2674 852 2760 legis
875 2674 1052 2740 suboscura
1067 2673 1119 2738 vel
1144 2675 1269 2738 incerta
1286 2692 1328 2736 en

149 2799 247 2883 praxi
278 2801 438 2864 communi
466 2803 498 2862 et
530 2799 688 2862 communi
720 2798 881 2863 sententia
906 2797 1078 2862 Doctorum
1109 2797 1240 2861 luerunt
1267 2797 1326 2860 ali-

149 2923 280 3006 quando
309 2922 508 2989 sufficienter
538 2921 702 2988 declarata
726 2923 771 2986 uti
795 2921 912 3006 probat
936 2917 1028 2985 Reiff.
1055 2921 1074 2984 1.
1100 2937 1170 3003 sep.
1196 2920 1259 3003 cit,
1283 2921 1328 2984 ita

149 3054 188 3112 ut
212 3047 313 3113 Sacra
336 3047 423 3112 Trih.
450 3049 552 3133 magis
584 3046 784 3112 inhaeserint
815 3044 1037 3110 consuetudini
1068 3043 1149 3129 legis
1179 3044 1329 3110 declara·

151 3171 242 3236 tinae
257 3177 290 3236 et
305 3173 466 3236 communi
482 3171 648 3236 doctorum
665 3171 852 3242 sententiae,
870 3185 964 3252 quam
989 3168 1117 3232 litterae
1131 3168 1222 3253 legis.
1249 3169 1328 3232 Nam

149 3297 344 3381 prohibetur
367 3297 591 3380 interpretatio
618 3296 787 3360 extensive
809 3291 865 3359 sed
889 3297 939 3360 est
961 3293 1146 3360 necessaria
1168 3294 1327 3378 interpre-

151 3421 232 3484 tatio
249 3419 458 3486 decturatiua
470 3439 532 3504 qua
545 3420 625 3506 legis
637 3419 731 3484 nimis
743 3417 1009 3484 indeterminatae
1020 3387 1193 3503 exponitur
1205 3437 1327 3492 seusun

151 3538 200 3610 ita
222 3548 468 3630 argumentatur
491 3545 620 3616 Suarea,
645 3541 866 3609 1118111111.
890 3543 990 3625 Bapt.
1014 3543 1102 3626 disp.
1119 3540 1172 3616 31,
1195 3548 1272 3608 sect.
1293 3543 1327 3617 5,

150 3669 323 3734 num.17.

243 3796 318 3860 218.
346 3789 489 3880 Denique
506 3795 696 3880 irregularis
718 3800 768 3860 est
791 3796 843 3878 qui
859 3793 1049 3879 baptismum
1065 3795 1206 3878 suscepit
1227 3813 1247 3858 a
1269 3795 1329 3858 mi·

151 3923 261 3988 nistre
286 3923 453 3989 haeretico
474 3923 520 3987 uti
544 3921 689 3988 decrevit
713 3921 806 3986 Felix
830 3922 879 3985 lll
908 3921 998 3985 Rom.
1017 3921 1110 3984 Pont.
1136 3921 1168 3983 in
1193 3920 1328 4004 epistola

152 4047 331 4134 approbata
351 4069 370 4112 1
387 4051 483 4113 (lonc.
502 4067 580 4112 rom.
598 4052 631 4112 et
646 4049 742 4111 missa
757 4047 798 4111 ad
813 4048 983 4112 universos
1000 4047 1175 4131 Episcopos
1193 4044 1232 4124 (a.
1251 4045 1327 4132 487)

154 4172 258 4237 relata
289 4175 406 4258 partim
437 4174 474 4237 in
502 4192 576 4238 can.
602 4173 654 4254 10,
678 4191 769 4237 caus.
795 4173 821 4244 1,
846 4191 878 4255 q.
904 4172 936 4244 7,
962 4190 1044 4256 quae
1074 4173 1119 4235 ita
1150 4192 1184 4235 se
1212 4170 1325 4238 habet:

157 4295 257 4366 «Qui
278 4296 317 4361 in
340 4295 488 4381 qualibet
510 4301 618 4362 celate
641 4295 722 4360 alibi
745 4313 850 4378 qnam
866 4295 904 4360 in
920 4296 1069 4361 Ecclesia
1089 4295 1254 4362 catholica
1268 4301 1329 4360 aut

154 4419 318 4502 baptizati
340 4426 412 4486 aut
441 4420 644 4504 rebaptizati
676 4426 770 4495 sunt,
803 4421 849 4486 111
879 4421 1139 4488 ecclesiasticam
1171 4421 1327 4485 militiam
