3202 5104
267 303 334 369 266
786 325 870 372 rans
895 325 916 370 r.

359 450 430 516 182.
446 450 493 516 De
508 451 634 516 mulctis
649 451 682 516 in
699 471 836 536 paenam
852 449 982 516 inflictis
998 451 1080 515 haec
1096 454 1279 517 teneantur.
1294 484 1313 498 ·
1332 449 1445 534 Loqui·

266 591 339 637 mur
351 572 535 640 demutatis
547 573 893 657 inpoenaminflictia
905 579 940 638 ut
952 593 1087 659 poenam
1101 573 1321 658 pecuniariam
1336 571 1445 637 distin·

266 716 400 782 guamus
422 717 443 762 a
465 697 732 764 condemnatione
755 699 788 762 in
813 704 936 763 certam
967 717 1122 764 summam
1145 696 1375 763 exsolvendam
1403 695 1445 760 ab

265 820 520 888 indemnitatem
536 822 762 908 praestandam
774 823 912 906 privato
929 824 1003 887 civi.
1017 822 1126 896 Quare
1142 821 1321 887 huiusmodi
1338 841 1446 906 poena

264 945 332 1012 lata
353 947 386 1010 in
409 947 582 1012 vindictam
607 947 750 1014 criminis
779 946 951 1030 publicam
975 949 1123 1012 converti
1146 945 1242 1014 debet
1264 948 1296 1010 in
1324 945 1443 1011 bonurn

260 1069 447 1152 publicum,
464 1091 522 1136 seu
541 1073 677 1156 pecunia
700 1071 774 1136 inde
798 1070 973 1136 obveniens
997 1070 1187 1136 destinanda
1207 1074 1256 1134 est
1272 1071 1304 1134 in
1321 1089 1446 1135 cumas

260 1193 340 1275 pias
364 1191 419 1278 (l).
446 1195 516 1260 Hoc
541 1195 631 1259 iussit
655 1193 742 1258 Trid.
766 1213 844 1260 sess.
869 1193 932 1276 25,
957 1211 1031 1276 cap.
1052 1192 1077 1258 3
1100 1194 1150 1259 De
1172 1191 1236 1276 ref.
1262 1191 1443 1256 decernens

268 1337 285 1378 a
302 1317 414 1384 Liceat
429 1319 475 1381 eis
499 1315 700 1402 (Episcopis)‚
717 1318 744 1381 si
761 1316 915 1402 expedire
933 1316 1104 1389 videbitur,
1122 1318 1155 1381 in
1172 1317 1277 1381 causis
1294 1315 1445 1380 civilibus

264 1439 305 1506 ad
328 1441 435 1506 iorum
463 1441 764 1508 ecclesiasiasticum
795 1439 1032 1526 quomodolibet
1059 1438 1302 1525 pertinentibus,
1326 1445 1444 1504 contra

264 1585 490 1651 quoscumque,
507 1569 602 1632 etiam
619 1568 728 1640 laicos,
743 1587 802 1652 per
817 1567 953 1632 mulctas
969 1567 1173 1652 pecuniarias
1189 1584 1271 1650 quae
1285 1566 1366 1630 locis
1381 1566 1444 1648 piis

264 1690 306 1755 ibi
329 1691 541 1758 existentibus
564 1712 603 1758 eo
626 1695 694 1778 ipso
718 1711 780 1776 quo
805 1697 922 1757 exacta
944 1691 1066 1756 luerint
1088 1691 1336 1777 assignentur».
1352 1689 1442 1754 ldem

263 1817 439 1884 Concilium
462 1838 540 1886 sess.
567 1821 599 1900 6,
624 1839 697 1901 cap.
722 1821 741 1883 1
763 1819 817 1884 De
838 1818 903 1901 ref.
928 1837 1032 1903 poena
1055 1819 1245 1902 pecuniaria
1268 1837 1323 1882 seu
1348 1819 1442 1880 amis·

263 1943 353 2008 sione
376 1949 510 2028 quartae
534 1945 634 2029 partis
657 1944 820 2010 fructuum
844 1938 938 2009 unius
957 1944 1033 2008 anni
1050 1963 1127 2009 suae
1142 1941 1347 2027 praebendae
1363 1943 1444 2006 mul·

263 2071 363 2136 ctavit
385 2068 562 2156 Episcopos
593 2072 663 2136 sine
686 2089 784 2135 causa
806 2071 950 2155 legitima
977 2090 997 2134 a
1019 2089 1077 2134 sua
1103 2069 1242 2136 dioecesi
1272 2068 1442 2147 absentes;

263 2200 295 2261 et
317 2195 443 2262 fructus
466 2195 510 2260 ita
533 2193 695 2261 detractos
710 2197 810 2276 iussit,
827 2195 993 2260 Ecclesiae
1015 2198 1072 2259 aut
1089 2192 1284 2279 pauperibus
1299 2193 1363 2258 loci
1381 2214 1444 2278 per

262 2424 384 2478 moribus
401 2423 471 2478 haec
490 2423 645 2494 indignatio
664 2428 707 2480 est
726 2425 832 2494 species
851 2425 1056 2494 deprecationis
1075 2440 1123 2478 seu
1142 2423 1349 2478 maledictionis
1373 2439 1442 2492 pro-

261 2527 336 2582 latae
354 2545 373 2581 a
387 2538 470 2598 patre
488 2530 518 2580 in
535 2529 635 2598 filium.
651 2559 665 2568 -
679 2529 748 2584 Item
768 2528 832 2594 DD.‚
846 2528 887 2582 uti
906 2528 999 2582 videre
1019 2533 1062 2582 est
1080 2527 1151 2596 apud
1168 2526 1350 2594 Thesaurum,
1370 2527 1401 2580 P.
1418 2527 1444 2591 l,

261 2651 283 2686 c.
304 2651 325 2687 c.
345 2635 398 2699 35,
417 2633 468 2698 39,
488 2639 634 2690 recensent
659 2635 731 2690 inter
757 2651 859 2704 poenas
881 2637 1068 2690 irritationem
1088 2644 1228 2700 actarum,
1249 2637 1278 2688 et
1296 2637 1441 2687 intestabi-

262 2741 377 2794 litatem.
398 2771 412 2780 -
433 2740 527 2801 Quoad
546 2742 731 2797 irritationem
750 2747 875 2796 actorum
895 2741 918 2796 si
937 2746 1038 2812 agatur
1057 2742 1091 2796 de
1109 2742 1217 2795 iuribus
1233 2743 1289 2794 iam
1308 2744 1442 2812 quaesitis

260 2845 401 2900 reducitur
420 2845 453 2900 ad
469 2849 657 2916 privationem
669 2848 786 2912 iurium3
806 2848 829 2901 si
842 2848 876 2902 de
889 2849 1056 2918 quaerendis
1069 2852 1179 2916 agatur,
1191 2847 1334 2901 reducitur
1347 2849 1382 2900 ad
1399 2853 1443 2901 in·

259 2952 440 3006 habilitatem.
455 2953 578 3014 -Quoad
601 2969 717 3022 poenam
739 2955 963 3020 intestabilitatis,
982 2971 1030 3009 seu
1056 2952 1243 3008 inhabilitatis
1267 2954 1302 3007 ad
1321 2955 1442 3008 conden-

258 3057 323 3111 dum
342 3063 542 3114 testamentum
567 3057 636 3115 haec
661 3060 820 3115 decernitur
844 3062 905 3115 iure
930 3077 989 3114 can.
1010 3061 1037 3113 in
1063 3059 1219 3114 haereticos
1242 3076 1301 3128 urg.
1322 3078 1382 3130 cap.
1403 3062 1442 3114 13

260 3171 277 3232 ἓ
299 3169 321 3220 5
341 3169 381 3222 Dc
400 3169 555 3234 haereticis,
577 3171 606 3222 X
624 3169 670 3238 (V,
688 3167 725 3238 7).
746 3169 783 3222 At
802 3169 963 3224 testamenti
983 3169 1068 3223 factio
1087 3167 1209 3238 pertinet
1228 3168 1261 3220 ad
1280 3168 1325 3220 ius
1344 3168 1441 3232 civile,

260 3274 288 3326 et
307 3271 373 3341 quia
390 3271 472 3326 hodie
490 3273 534 3325 ius
553 3272 645 3336 civile,
666 3271 765 3327 saltem
784 3288 867 3340 penes
889 3289 946 3338 nos,
966 3278 995 3328 et
1014 3289 1083 3342 pene
1102 3272 1206 3341 ubique
1226 3271 1359 3336 locorum,
1382 3287 1438 3326 uon

259 3375 378 3445 amplius
397 3378 535 3431 consentit
554 3393 616 3430 cum
635 3377 696 3433 iure
714 3377 857 3442 canonico,
877 3379 968 3447 prouti
984 3377 1051 3431 olim
1071 3378 1115 3431 ius
1133 3377 1216 3433 civile
1235 3394 1390 3445 romanum,
1409 3379 1438 3432 in

259 3480 390 3536 edicenda
410 3482 461 3536 hac
480 3501 559 3552 pena,
579 3483 692 3552 proinde
712 3482 781 3538 haec
799 3484 909 3539 videtur
927 3483 1104 3539 absolevisse.

347 3589 386 3658 (l)
406 3590 437 3644 ln
454 3591 514 3646 iure
534 3592 694 3662 germanico
713 3591 759 3662 (ci.
777 3609 866 3662 supra
883 3610 910 3645 n.
925 3591 964 3658 9),
983 3593 1048 3662 quia
1063 3593 1185 3661 priuatis
1203 3591 1310 3644 civibus
1323 3593 1438 3660 permis-

259 3709 319 3745 sum
344 3693 397 3748 fuit
421 3712 530 3750 sumere
548 3697 700 3751 vindictam
719 3697 752 3752 de
771 3697 942 3764 criminibus,
961 3695 1066 3750 mulcta
1090 3697 1265 3752 considerata
1290 3701 1333 3752 est
1356 3699 1436 3768 quasi

258 3797 423 3852 indemnitas
442 3799 531 3869 quoad
551 3799 681 3854 damnum
697 3804 809 3871 priuato
829 3801 884 3854 civi
902 3817 936 3855 ex
955 3800 1073 3855 crimine
1091 3801 1257 3856 obveniens:
1278 3801 1437 3855 huiusmodi

257 3903 363 3958 mulcta
381 3905 456 3958 dicta
474 3910 516 3960 est
539 3907 699 3976 Werepelcl.
719 3907 759 3960 ct.
774 3905 908 3978 Sauigny,
921 3907 1029 3961 Histoir
1047 3908 1085 3960 du
1104 3909 1187 3974 droit,
1208 3917 1274 3960 torn.
1291 3909 1313 3973 l,
1333 3925 1392 3978 cap.
1406 3910 1436 3974 3,

257 4011 337 4065 Paris
358 4011 434 4078 1839,
454 4017 483 4068 et
502 4013 654 4080 Boneville,
669 4015 709 4067 De
729 4013 954 4080 l'amdlioratian,
972 4015 1027 4068 ool.
1044 4017 1071 4082 2,
1087 4032 1118 4085 p.
1137 4015 1208 4068 249.
1222 4043 1235 4055 ·
1249 4015 1365 4070 Codices
1382 4016 1437 4069 bo·

257 4114 346 4168 dierni
370 4116 468 4170 civiles
492 4117 539 4187 qui
561 4119 695 4171 mulctam
720 4118 880 4185 admittunt,
899 4124 1033 4187 respuunt
1054 4120 1275 4189 publicationem
1300 4121 1436 4172 bonorum

257 4239 306 4276 seu
325 4225 547 4293 confiscationem
566 4226 635 4279 assis
652 4226 813 4289 familiaris3
831 4243 917 4297 quare
935 4226 1087 4281 admittunt
1112 4227 1233 4298 aliquam
1255 4233 1364 4296 partem
1383 4229 1436 4281 bo·

257 4343 356 4382 norum
374 4330 611 4399 patrimonialium
631 4333 697 4386 fisco
716 4349 795 4402 passe
814 4332 911 4398 addici,
931 4332 978 4387 sed
997 4348 1053 4386 non
1072 4333 1212 4402 integrum
1227 4332 1435 4402 patrimonium.

257 4432 298 4488 Cf.
317 4432 444 4502 carrara,
463 4439 481 4499 ἓ
503 4435 565 4488 680
583 4453 639 4509 seq.
