3296 5108
536 305 579 352 ou
604 303 756 352 nemoris
780 303 822 350 nr
846 303 964 352 eosnrs
1273 283 1338 352 447

253 426 329 492 365.
358 427 395 493 In
425 427 489 493 hoc
519 427 656 493 articulo
686 431 755 494 tres
786 427 905 494 classes
936 426 1152 513 prohibentur
1181 425 1338 493 llbrorum

159 567 338 635 eorumque
364 549 539 636 prohibitio
568 549 749 616 desumitur
779 551 904 618 directe
927 569 990 615 non
1015 569 1058 615 ex
1082 549 1209 616 deiectu
1233 549 1338 636 lepiti-

161 693 239 740 mae
262 669 489 758 &apertorum
511 673 682 740 Ecclesiae
706 673 869 746 licentiae,
894 675 938 738 uti
963 675 996 736 ln
1013 673 1151 740 articulo
1167 673 1337 758 superiori,

161 797 219 862 sed
243 817 286 862 ex
309 799 378 884 ipsa
400 797 548 864 subiecta
572 798 729 866 materia.

253 925 285 1008 l)
311 923 362 988 Ex
381 925 499 1007 plima
523 925 626 990 classe
642 923 857 1011 prohibentur
878 923 953 990 libri
978 926 1031 1008 qui
1049 959 1066 972 -
1084 923 1245 1004 duellum,
1269 924 1337 988 sni·

161 1047 289 1112 cidinm
312 1049 364 1114 oet
391 1047 576 1114 diuortium
607 1047 698 1114 licita
729 1053 882 1114 statuunt
900 1083 917 1096 -
936 1067 991 1112 seu
1015 1049 1069 1131 qui
1093 1067 1135 1111 ex
1158 1066 1254 1132 scopo
1278 1045 1337 1111 sibi

161 1172 351 1255 praestituto
367 1169 444 1256 (non
461 1169 580 1256 obiter)
595 1170 758 1238 disserunt
773 1171 813 1237 de
828 1169 918 1236 hisce
938 1169 1136 1236 facinoribus
1150 1172 1219 1236 sire
1234 1171 1337 1236 soluto

161 1312 313 1360 sermone
337 1296 407 1361 sive
431 1297 574 1360 numeris
597 1293 751 1361 adstricto
774 1296 843 1360 sive
866 1293 925 1359 sub
948 1293 1053 1360 torma
1080 1292 1237 1360 confictae
1260 1313 1336 1358 ner-

163 1419 296 1485 rationis
322 1420 524 1484 romanensis
550 1418 660 1506 (vulgo
690 1419 851 1503 romanae)
882 1417 1114 1484 contendentes
1142 1419 1337 1502 persuadere

161 1537 327 1623 lectorem,
344 1541 524 1608 huiusmodi
548 1543 636 1608 lacta
659 1541 744 1608 baud
768 1561 840 1608 esse
862 1541 1079 1628 reprobanda.

250 1665 284 1752 2)
309 1667 361 1732 Ex
383 1667 533 1734 secunda
557 1665 661 1732 classe
683 1667 897 1753 probibentur·
911 1666 986 1731 libri
1003 1668 1057 1749 qni
1073 1665 1115 1732 de
1137 1666 1233 1732 seclis
1248 1685 1336 1732 nias·

160 1791 284 1858 sonicis
307 1793 359 1858 cel
383 1793 460 1857 aliis
491 1792 641 1858 eiusdem
668 1793 804 1878 pennis
833 1791 1045 1859 societatibus
1075 1796 1183 1878 apnnt
1214 1809 1337 1874 easqne

159 1915 258 1982 utiles
281 1921 313 1982 et
334 1935 404 1982 non
426 1917 637 2000 perniciosas
659 1916 830 1983 Ecclesiae
845 1923 875 1982 et
891 1917 980 1982 cicili
1003 1916 1153 1982 societati
1172 1933 1242 1980 csse
1257 1935 1336 1981 con-

162 2039 311 2105 tendant.
327 2075 344 2088 -
364 2041 512 2106 lemvero
528 2041 624 2106 bodie
640 2039 780 2124 unquue
799 2039 958 2124 pullulant
981 2039 1143 2104 hominum
1167 2041 1336 2105 societates

160 2167 193 2227 et
216 2163 333 2230 harum
357 2166 611 2251 quamplurimae
627 2171 718 2232 certe
733 2164 836 2231 bonae
852 2165 1006 2232 dicendae
1031 2185 1096 2228 non
1119 2171 1202 2240 sunt;
1228 2169 1335 2229 tamen

161 2287 278 2355 debent
301 2291 479 2374 praescribi
503 2293 585 2357 certi
610 2289 690 2356 flues
714 2290 827 2375 quibus
850 2292 1058 2356 continentur
1081 2294 1250 2379 societates
1274 2291 1336 2356 hoc

159 2415 297 2480 articulo
313 2417 524 2501 proscrIptae.
542 2453 557 2464 -
583 2417 632 2480 lta
654 2415 824 2480 societates
847 2414 1010 2480 institutae
1037 2413 1077 2478 ad
1101 2413 1335 2498 promovendas

160 2540 356 2607 cadaverum
379 2543 594 2607 cremationes
618 2541 788 2606 damnatae
804 2545 879 2606 sunt
895 2559 914 2604 a
938 2540 969 2607 S.
993 2537 1108 2608 Officio
1124 2540 1175 2606 die
1190 2541 1234 2606 19
1249 2539 1336 2605 Maii

160 2663 250 2729 1886
256 2683 270 2746 ;
302 2665 359 2730 sed
390 2671 498 2732 tamar
531 2686 594 2730 non
625 2664 944 2750 comprehenduntur
967 2667 1130 2750 praesenti
1153 2665 1236 2750 lege,
1260 2667 1336 2749 quia

160 2787 299 2854 indolem
324 2809 387 2854 non
412 2790 560 2856 referunt
584 2795 691 2856 sectae
715 2791 922 2856 massonicae.

250 2913 365 2986 Porro,
390 2916 423 2978 in
446 2916 567 3000 primis,
584 2921 673 2982 secla
689 2913 837 3000 designet
859 2915 1023 2980 hominum
1039 2916 1225 2980 societatem
1250 2933 1333 2979 eam·

158 3035 232 3102 dem
248 3037 428 3104 doctrinam
452 3039 661 3124 eumdemque
683 3059 814 3124 scopum
831 3037 1059 3125 profitentium.
1079 3039 1150 3104 Hoc
1166 3044 1214 3104 est
1228 3057 1335 3124 paens

159 3161 215 3226 sed
233 3162 266 3226 in
281 3163 391 3245 specie
408 3163 601 3247 inquirenda
621 3171 670 3230 est
685 3173 811 3238 natura,
830 3183 891 3249 qna
908 3164 1144 3230 constituuntur
1159 3168 1266 3228 sectae
1283 3162 1336 3229 hic

159 3285 401 3353 condemnatae.

250 3409 425 3477 Difficultas
442 3433 521 3478 vero
533 3414 593 3479 has
609 3412 843 3479 determinandi
861 3413 892 3477 in
908 3414 971 3479 hoc
987 3419 1046 3488 est,
1061 3414 1134 3497 quia
1149 3411 1212 3477 hae
1227 3416 1335 3477 sectae

159 3532 255 3600 facile
278 3541 444 3602 mutantur
467 3539 500 3602 in
524 3544 668 3604 catana
691 3557 749 3602 sua
772 3536 886 3618 forma,
905 3557 941 3602 re
964 3529 1073 3602 tamen
1092 3555 1172 3600 vera
1188 3533 1333 3600 eumdem

159 3663 354 3724 conservent
384 3661 495 3735 finan,
527 3662 651 3728 scilicet
681 3661 825 3728 nocendi
857 3663 1027 3728 Ecclesiae
1057 3667 1088 3726 et
1117 3659 1334 3726 sicbaertcncti

158 3781 408 3852 ordinationem
440 3785 662 3852 christianam
698 3786 804 3852 civilis
832 3785 1009 3852 sacietatis.
1040 3785 1133 3850 Inter
1163 3787 1334 3850 innumera

159 3899 350 3970 documenta
374 3903 561 3980 Pontiflcn,
586 3926 666 3993 prae
689 3907 789 3972 oculis
813 3909 953 3972 maxime
977 3905 1124 3972 habenda
1148 3913 1195 3972 est
1218 3925 1334 3973 recens

158 4030 342 4095 constituito
359 4030 476 4096 Leonis
492 4031 578 4096 XIII
597 4065 614 4080 ·
632 4031 835 4098 Hnnnannne
850 4051 958 4118 penas
976 4067 994 4080 ·
1012 4031 1085 4096 data
1101 4031 1152 4097 die
1168 4031 1219 4096 20
1234 4032 1333 4114 Apei-

159 4152 200 4218 lis
222 4155 312 4219 1884
336 4157 369 4220 in
392 4154 629 4223 damnationem
645 4158 761 4223 harum
777 4163 938 4222 sectarum
955 4159 988 4222 in
1005 4177 1067 4241 qua
1088 4157 1234 4222 Summus
1252 4157 1333 4220 Pon-

157 4277 240 4344 tifex
266 4279 453 4348 bassecles
481 4281 611 4349 damnat
637 4285 712 4367 quia
737 4317 755 4331 ·
780 4283 950 4350 Ecclesiae
977 4281 1122 4349 Sanctae
1144 4281 1331 4365 perniciem

157 4420 271 4469 ernau
303 4423 502 4480 secernens
534 4425 733 4475 nourunrua
738 4456 789 4472 .....
822 4413 921 4494 agunt
951 4393 1038 4473 ¹enim
1064 4443 1081 4456 ·
1110 4411 1147 4472 nt
1176 4405 1333 4488 sanctitas
