3296 5108
322 271 387 336 434
843 289 927 336 raas
951 288 973 334 1.

411 411 487 478 347.
500 411 585 478 Ans.
598 411 630 476 2.
649 431 667 474 ‹
684 409 781 476 Libri
801 417 1050 494 apostatarum,
1067 411 1326 491 haecomnia,
1341 411 1504 477 schism-

321 537 476 610 imorum,
499 541 531 602 et
554 554 849 622 quorumcumque
870 537 1079 618 scriptorum
1095 535 1264 602 han-em
1279 541 1341 602 aad
1354 535 1503 602 semma

317 667 579 748 propugnantes
605 667 665 726 aut
687 661 763 744 ipra
779 661 955 746 retipionis
968 660 1200 742 fundamenta
1215 666 1397 746 atcumque
1412 680 1503 727 evers

321 793 427 855 tentes
447 786 587 853 omnino
599 785 825 870 probitaentnr
842 807 871 849 ›.
1627 747 1628 768 Χ

411 909 488 974 348.
504 908 557 973 Ex
572 907 635 973 hoc
649 907 789 972 articulo
812 909 1000 972 immutatur
1023 909 1072 972 ius
1089 913 1272 992 vetusque
1295 907 1369 973 libri
1389 927 1503 974 omnes

322 1029 419 1118 (Rep,
434 1031 480 1096 Il.
498 1030 641 1116 Indicis)
656 1030 906 1100 haereticorum,
919 1029 1020 1094 veluti
1035 1031 1069 1094 in
1085 1030 1204 1096 odium
1219 1031 1379 1103 auctoris,
1395 1030 1503 1116 prohi-

323 1152 379 1218 biti
396 1155 499 1224 erant
516 1153 575 1216 etsi
595 1149 636 1215 de
652 1151 811 1236 religione
834 1168 899 1215 non
919 1149 1130 1216 dissererent.
1148 1187 1166 1200 ·
1185 1152 1310 1217 Verum
1332 1155 1365 1216 in
1391 1159 1502 1217 nostro

322 1275 460 1342 articulo
483 1273 804 1360 comprehenduntur
826 1276 923 1338 etiam
946 1275 1153 1341 schismatici
1171 1281 1206 1340 et
1219 1295 1331 1340 omnes
1353 1275 1410 1340 alii
1425 1277 1503 1341 scri·

322 1409 431 1490 ptores
454 1400 608 1468 eiusmodi
631 1421 763 1466 errores
786 1407 1029 1486 propugnantes
1055 1403 1130 1486 quia
1153 1423 1269 1487 scopus
1299 1404 1430 1468 articuli
1454 1409 1502 1468 est

323 1549 387 1595 nou
411 1527 628 1594 condemnare
650 1525 767 1592 librum
788 1528 904 1592 intuitu
928 1546 1142 1612 personarum
1158 1547 1215 1592 seu
1231 1527 1271 1593 ob
1287 1529 1501 1612 suspicionem

321 1655 456 1725 erroris,
466 1651 522 1718 sed
534 1651 657 1718 directe
670 1653 795 1717 ratione
808 1669 967 1716 errorum.
980 1687 998 1698 -
1007 1651 1239 1736 Propnpnare
1249 1672 1329 1716 vero
1341 1653 1387 1717 uti
1400 1653 1501 1737 ipsum

322 1778 512 1845 vocabulum
536 1783 638 1850 sonat,
660 1796 725 1841 non
748 1775 909 1862 significat
932 1775 1038 1842 obiter
1051 1783 1208 1850 tractare,
1229 1777 1285 1842 sed
1300 1798 1343 1842 ex
1359 1779 1502 1843 instituto

322 1923 487 1970 assumere
521 1901 740 1968 defensionem
775 1901 920 1966 haeresis
955 1906 1011 1966 aut
1045 1903 1179 1967 erroris.
1212 1936 1231 1949 -
1260 1902 1502 1968 Fundamenta

322 2026 499 2113 religionis
521 2030 669 2091 euertere
691 2025 852 2108 importat,
869 2025 1060 2109 impugnare
1080 2025 1236 2091 veritates
1259 2023 1333 2090 fidei
1358 2046 1502 2110 praeam-

323 2150 424 2223 bulas,
441 2155 477 2215 ut
493 2155 569 2234 puta
584 2147 844 2234 spiritualitatem
860 2150 987 2214 animae
1007 2155 1063 2213 aut
1078 2151 1249 2215 veritatem
1264 2149 1422 2216 librorum
1440 2152 1503 2216 Ve-

321 2277 401 2342 teris
414 2276 610 2341 Testamenti
626 2280 681 2338 aut
695 2276 764 2359 ipsa
780 2275 854 2341 loca
870 2274 1066 2360 theologica,
1084 2276 1131 2340 uti
1148 2281 1275 2356 vocant,
1292 2281 1404 2361 utpote
1420 2296 1503 2360 qnae

323 2395 490 2468 continent
505 2403 625 2467 motiva
637 2399 859 2465 credibilitatis
871 2400 1009 2465 Nostrae
1022 2399 1212 2486 Religionis.
1227 2401 1276 2467 Gi.
1290 2402 1331 2466 cl.
1345 2403 1502 2473 Gennari,

324 2526 345 2590 l.
370 2545 398 2592 c.
418 2544 455 2608 p.
480 2523 539 2589 24.
564 2559 583 2572 -
607 2525 750 2607 Denique
772 2529 956 2607 atcumque
978 2529 1164 2590 evertentes
1186 2529 1311 2609 spectat
1333 2524 1374 2589 ad
1405 2525 1504 2589 omni·

323 2673 424 2741 genas
446 2659 535 2718 artes
557 2652 671 2736 quibus
694 2671 826 2717 errores
849 2653 1053 2736 ingeruntur.
1070 2671 1186 2736 nempe
1202 2651 1254 2717 vel
1271 2649 1504 2738 disceptatione

324 2777 494 2844 doctrinali
517 2775 570 2840 vel
590 2781 718 2862 satyras
734 2773 915 2854 scribendo,
932 2781 988 2840 aut
1007 2776 1182 2859 ingeniosis
1205 2773 1351 2841 confictis
1374 2776 1502 2850 fabulis,

324 2909 378 2969 aut
409 2900 648 2967 narrationibus
680 2897 923 2965 romanensibus
946 2899 1056 2986 (vulgo
1080 2899 1235 2986 romanzi)
1258 2899 1374 2965 additis
1405 2903 1501 2967 etiam

323 3027 452 3116 figaris,
476 3023 668 3110 imaginibus
692 3022 987 3108 quomodocumque
1011 3026 1184 3110 expressis,
1201 3027 1309 3111 prouti
1333 3045 1403 3090 mos
1427 3027 1501 3092 fert.

413 3151 489 3217 349.
513 3152 598 3218 Ans.
623 3151 654 3215 3.
674 3169 691 3212 ι
709 3149 794 3215 [tem
814 3148 1039 3232 probibentur
1058 3151 1325 3218 acatholicorum
1346 3151 1429 3219 libri
1443 3155 1503 3238 qui

324 3297 369 3344 era
388 3277 544 3361 professo
569 3275 611 3341 de
637 3273 802 3360 religione
830 3279 985 3355 tractant,
1016 3275 1084 3340 nisi
1114 3281 1240 3342 constet
1270 3277 1355 3342 nihil
1386 3277 1424 3343 in
1455 3280 1503 3344 eis

324 3407 443 3469 contra
466 3401 567 3486 fidem
591 3399 792 3467 catholicam
815 3399 981 3466 contineri
997 3421 1028 3462 ».

429 3527 505 3592 350.
530 3522 717 3592 Acatholici
739 3531 814 3588 sunt
837 3523 858 3586 ii
882 3542 993 3588 omnes
1016 3523 1165 3608 baptizati
1190 3525 1243 3608 qui
1266 3527 1336 3590 sire
1359 3526 1400 3590 ob
1429 3527 1503 3592 hae

325 3651 423 3715 resim
446 3650 515 3715 sive
538 3647 578 3714 ob
602 3647 741 3713 schisma
763 3645 803 3712 ab
828 3645 976 3712 Ecclesia
999 3649 1141 3732 separati
1168 3655 1251 3713 sunt.
1277 3647 1324 3714 Cl.
1356 3649 1503 3715 Gennari

324 3777 411 3840 inter
433 3773 637 3840 acatholicos
659 3791 724 3836 non
748 3770 992 3858 comprehendit
1014 3770 1253 3839 schismaticos.
1277 3772 1403 3838 Verum
1429 3775 1503 3859 quia

322 3896 474 3978 practice
496 3895 637 3960 schisma
659 3913 723 3958 non
747 3894 835 3978 viget
850 3891 935 3977 apud
950 3893 1097 3958 nationes
1121 3893 1181 3958 nisi
1204 3893 1384 3960 admixtum
1405 3895 1502 3959 alicui

325 4021 432 4086 errori
456 4024 571 4084 contra
593 4015 689 4082 fidem
706 4015 898 4082 catholicam
914 4016 959 4080 ita
973 4016 1061 4080 inter
1075 4017 1272 4082 acatholicos
1288 4019 1501 4104 comprehen-

325 4147 429 4210 dimus
455 4147 552 4210 etiam
587 4143 817 4210 schismaticos.
850 4141 898 4209 Gi.
923 4142 1153 4208 Vermeersch.
1183 4143 1204 4208 l.
1233 4163 1260 4209 c.
1280 4163 1319 4226 p.
1345 4144 1401 4208 74.
1428 4145 1503 4208 Tra-

326 4277 415 4338 ctare
440 4291 482 4336 ex
502 4271 658 4354 professo
683 4267 842 4356 significat
864 4273 1007 4334 tractare
1031 4288 1095 4332 non
1123 4268 1229 4336 obiter
1259 4269 1317 4336 sed
1340 4289 1386 4336 ear
1408 4269 1500 4336 insti·

326 4401 395 4463 tato
419 4416 476 4461 seu
500 4395 582 4460 data
604 4413 720 4478 opera.
738 4393 952 4458 Nihilominus
969 4391 1065 4458 dictio
1087 4412 1134 4458 em
1143 4393 1301 4477 professo
1326 4393 1501 4462 fortiorest
