3290 5100
309 298 375 364 518
824 321 908 372 ruas
933 324 955 370 1.

307 451 471 531 usurpata,
487 447 659 513 incurrunt
674 451 1037 516 excommunicationem
1054 471 1074 516 a
1090 453 1278 518 Tridentino
1293 453 1390 518 latam
1407 455 1485 516 sim-

308 571 436 656 pliciter
459 577 669 638 reservatam.

398 698 530 763 Demum
550 702 603 783 qui
627 700 698 765 iure
721 699 867 767 detinent
888 702 972 768 bona
989 703 1209 769 Ecclesiarum
1233 705 1278 769 uti
1302 703 1487 770 beneficiati

307 829 364 889 aut
389 827 581 909 quicumque
604 826 686 891 alius
709 826 791 891 haec
815 826 898 892 bona
921 827 1066 894 detineat
1088 851 1161 895 cum
1185 831 1281 894 venia
1304 830 1486 896 Ecclesiae.

308 949 419 1032 quales
439 957 513 1016 sunt
532 956 694 1035 emptores
716 951 831 1017 horum
855 952 1012 1018 bonorum
1036 953 1212 1021 accedente
1235 956 1331 1018 venia
1351 954 1383 1019 S.
1402 954 1488 1037 Apo-

309 1076 451 1147 stolicae,
475 1077 501 1140 si
525 1077 679 1157 alienent,
703 1079 877 1145 incurrunt
899 1099 1070 1145 censuram
1101 1085 1156 1146 aut
1186 1082 1266 1145 alias
1297 1100 1420 1165 poenas
1447 1080 1487 1143 ad

308 1203 468 1267 tramitem
486 1201 592 1268 Const.
611 1203 825 1271 Ambitiosae.
845 1204 973 1270 -Haec
996 1210 1071 1270 sunt
1094 1207 1192 1271 veluti
1209 1227 1361 1292 suprema
1384 1206 1487 1270 linea-

309 1331 417 1392 menta
438 1327 520 1412 legis
551 1329 789 1394 ecclesiasticae
819 1331 983 1416 punitivae
1007 1331 1039 1393 in
1064 1335 1267 1416 usurpantes,
1292 1331 1486 1403 detinentes

309 1451 526 1519 distrahentes
549 1453 634 1518 bona
656 1456 894 1540 patrimonialia
917 1456 1148 1522 ecclesiastica.
1260 1539 1266 1546 ι

397 1579 472 1644 450.
497 1579 593 1644 Modo
617 1583 825 1647 commentari
849 1580 1216 1668 aggredimur.art.11,
1239 1581 1346 1649 Goust.
1367 1583 1487 1666 Aposl.

309 1702 406 1771 Sedis
429 1706 481 1789 qui
506 1705 603 1771 habet
626 1725 685 1791 pro
709 1707 843 1780 obiecto,
859 1707 1138 1782 iurisdictionem,
1163 1708 1263 1784 bona,
1283 1707 1416 1774 reditus
1441 1709 1491 1772 ad

304 1849 472 1916 personas
494 1831 607 1898 eccles.
632 1831 766 1898 ratione
789 1851 933 1898 suarum
957 1833 1188 1899 Ecclesiamim
1219 1839 1279 1898 aut
1298 1812 1488 1918 ¹beneficio-

308 1976 388 2022 rurn
407 1955 624 2040 pertinentia.

445 2082 476 2170 l)
500 2083 583 2158 Quid
608 2084 717 2148 veniat
739 2085 867 2148 nomine
891 2085 1135 2152 iurisdictionis
1157 2085 1222 2150 iam
1242 2085 1488 2170 explicavimus.

443 2207 476 2294 2)
500 2209 599 2276 Bona
621 2229 710 2282 vere,
728 2209 883 2275 redditus
906 2214 981 2274 sunt
1001 2211 1054 2293 qui
1078 2211 1303 2295 percipiuntur
1326 2229 1346 2273 a
1369 2208 1489 2273 beneti-

310 2335 417 2400 ciariis
433 2335 558 2400 ratione
574 2335 744 2402 Ecclesiae
766 2339 822 2399 aut
845 2334 995 2420 beneficii
1002 2355 1017 2418 ;
1039 2355 1140 2419 quare
1157 2335 1374 2400 excluduntur
1389 2334 1489 2414 bona,

309 2460 431 2526 reditus
462 2461 514 2544 qui
544 2460 607 2523 alio
637 2460 732 2526 titulo
763 2453 948 2524 extrinseco
979 2460 1211 2544 percipiuntur,
1237 2460 1336 2524 veluti
1361 2459 1491 2525 reditus

308 2584 437 2661 incerti,
453 2584 567 2665 stolae,
589 2583 839 2650 distributiones
863 2583 1084 2668 quotidianae
1099 2584 1155 2670 (l).
1176 2585 1310 2649 Nomine
1335 2583 1490 2668 beneficii

307 2711 448 2778 ueniunt
462 2707 623 2796 beneficia
637 2715 702 2775 tum
719 2709 913 2775 saecularia
928 2715 995 2775 tum
1018 2709 1199 2795 reputaris
1215 2714 1247 2774 et
1262 2709 1359 2777 etiam
1376 2711 1489 2794 capel-

307 2836 413 2900 laniae
443 2836 682 2903 ecclesiasticae
713 2839 842 2900 erectae
864 2835 898 2898 in
921 2833 1060 2899 titulum.
1088 2835 1259 2901 Ecclesiae
1281 2853 1362 2899 vero
1386 2855 1490 2921 oppo-

308 2965 430 3027 nuntur
453 2959 618 3046 beneficiis
642 2959 716 3044 quia
738 2965 813 3025 suut
835 2959 1011 3024 nonnullae
1028 2959 1197 3024 Ecclesiae
1213 2959 1245 3023 in
1262 2957 1378 3043 quibus
1397 2958 1492 3023 facta

308 3104 373 3151 non
396 3092 445 3152 est
468 3087 579 3153 divisio
603 3084 861 3172 praebendarum
885 3082 942 3171 (2),
967 3085 1022 3150 sed
1041 3104 1214 3169 personae
1240 3084 1362 3149 habent
1385 3084 1489 3160 omia,

308 3213 437 3279 reditus
468 3218 626 3298 quatenus
652 3213 822 3278 Ecclesiae
852 3218 927 3278 sunt
960 3212 1125 3298 adscripti.
1156 3249 1173 3261 -
1202 3213 1245 3278 Et
1275 3214 1349 3296 quia
1380 3215 1493 3298 agitur

308 3337 347 3402 de
370 3336 463 3402 bonis
486 3337 720 3422 pertinentibus
742 3335 783 3401 ad
802 3355 972 3420 personas
998 3336 1248 3410 ecclesiasticas,
1266 3355 1347 3420 ergo
1371 3335 1492 3402 exclu-

308 3461 427 3528 duntur
448 3462 521 3526 loca
543 3463 605 3548 pia,
630 3463 915 3529 confraternitates
937 3439 1105 3532 laicorum,
1123 3461 1322 3547 capellaniae
1339 3461 1491 3531 laicales.

307 3587 392 3652 bona
415 3587 573 3653 destinata
588 3587 755 3652 Ecclesiae
779 3587 989 3673 reparandae,
1014 3591 1046 3651 et
1069 3589 1166 3652 etiam
1185 3587 1393 3668 monasteria,
1412 3589 1494 3671 quia

308 3710 396 3777 bona
420 3711 707 3778 monasteriorum
730 3711 778 3777 act
799 3708 916 3776 nullas
942 3729 1111 3794 personas
1142 3711 1385 3778 ecclesiasticos
1404 3729 1493 3794 per-

308 3837 422 3919 tinent,
438 3837 498 3904 sed
520 3839 572 3904 oct
588 3837 635 3903 ad
649 3837 725 3921 ipsa
740 3836 957 3911 monaterio,
978 3835 1031 3900 vel
1047 3835 1087 3900 ad
1103 3833 1300 3902 Romanam
1310 3835 1494 3920 pertinent

397 4048 436 4118 (l)
456 4047 508 4102 Sed
527 4065 581 4102 non
600 4063 697 4102 omnes
716 4044 770 4100 DD.
791 4046 943 4102 excludunt
961 4049 1169 4102 distributiones
1194 4049 1371 4118 quotidianas
1389 4065 1408 4101 a
1427 4053 1494 4120 fin·

309 4155 395 4206 atibus
414 4155 554 4223 beneficii3
572 4155 614 4207 uti
633 4155 791 4209 notavimus
809 4170 893 4224 supra
912 4169 937 4206 n.
959 4152 1025 4218 1653
1044 4153 1091 4208 sed
1110 4152 1140 4208 in
1159 4152 1325 4224 poenalibus
1343 4155 1494 4226 sequimur

307 4259 500 4329 benigniorem
519 4261 696 4315 sententiam.

395 4365 435 4436 (2)
454 4366 526 4422 istae
544 4369 675 4424 dicuntur
694 4368 835 4423 Ecclesiae
853 4369 1016 4438 receptitiae
1030 4377 1057 4422 et
1071 4377 1135 4422 snut
1153 4378 1320 4423 nunseratac
1335 4368 1386 4422 cel
1405 4372 1493 4422 innu-

308 4483 441 4528 mer-atae.
