3290 5100
307 305 372 372 532
826 325 908 372 rias
934 325 955 370 1.

299 451 413 531 dando,
429 471 491 516 non
509 453 595 516 hanc
606 451 662 516 sed
679 454 863 516 incurreret
874 451 970 515 aliam
987 449 1364 529 excommunicationem,
1378 449 1480 533 esopo

301 575 450 656 canonis,
480 595 561 658 quae
585 580 634 640 est
656 577 741 638 inter
766 579 950 638 reservatas
978 572 1169 658 simpliciter
1196 571 1233 636 a.
1260 572 1307 636 P..
1332 589 1481 653 quaeque

299 698 454 763 latissime
478 705 573 783 patet.
591 699 676 764 Sane
699 717 839 762 censura
861 717 907 762 eoa
930 715 1004 763 can.
1021 733 1038 745 -
1057 697 1094 762 Si
1117 696 1195 781 qais
1216 695 1379 761 modeste
1402 695 1479 760 dia·

301 825 374 893 bolo
399 864 413 872 -
440 832 554 890 contra
582 826 711 910 regulas
743 827 832 904 iuris,
858 845 900 889 ex
932 831 1062 909 recepta
1095 825 1255 888 communi
1286 825 1481 908 iuterpreta-

301 953 397 1032 tione,
415 969 508 1036 passa
531 955 579 1014 est
602 949 788 1014 latissimam
812 949 1068 1034 applicationem.
1095 951 1137 1012 At
1161 947 1242 1012 haec
1266 949 1415 1031 exceptio
1438 947 1481 1010 ad

301 1095 410 1142 casum
436 1083 579 1143 nostrum
604 1097 667 1141 non
692 1082 741 1140 est
764 1075 980 1160 producenda.

391 1203 540 1265 Attamen
566 1221 704 1266 censura
727 1201 766 1264 de
790 1221 853 1284 qua
877 1221 962 1265 nunc
978 1203 1103 1286 agimus
1127 1202 1190 1266 hoc
1213 1201 1312 1265 habet
1335 1201 1479 1285 speciale

302 1332 335 1392 ut
358 1328 399 1392 sit
421 1329 576 1392 severior.
599 1329 717 1412 quippe
740 1346 789 1408 sp.
809 1347 854 1390 m.
882 1331 1049 1390 reservata
1075 1327 1164 1390 llorn.
1184 1323 1277 1390 Pont.
1296 1360 1314 1372 -
1335 1325 1414 1390 Nam
1439 1345 1479 1390 eo

300 1457 424 1540 spectat
446 1458 482 1517 ut
496 1457 626 1516 tueatur
637 1453 855 1534 personalem
872 1452 1079 1516 securitatem
1096 1456 1128 1515 et
1143 1449 1335 1536 dignitatem
1348 1449 1478 1514 illorum

299 1579 353 1661 qui
377 1579 502 1662 potiora
532 1577 640 1641 munia
670 1581 771 1661 agunt
794 1577 825 1639 in
851 1575 1007 1646 Ecclesia,
1032 1576 1110 1640 hinc
1141 1593 1204 1640 non
1233 1594 1296 1658 qua
1327 1576 1478 1654 cameos,

299 1700 355 1764 sed
380 1721 442 1784 qua
460 1719 622 1784 proceres
645 1701 676 1763 in
702 1700 850 1765 Ecclesia
873 1701 1022 1786 protegit.
1048 1700 1158 1774 Quare
1181 1699 1352 1764 nonnullas
1375 1696 1478 1763 olien-

299 1831 405 1894 sioocs
429 1845 491 1890 non
516 1826 769 1910 comprehendit.
787 1826 914 1911 punitas
937 1845 980 1892 ex
1004 1846 1143 1892 censura
1166 1827 1345 1891 communis
1363 1823 1478 1890 Privi-

300 1953 379 2041 lepii
413 1949 560 2019 Cononis
590 1957 622 2016 et
652 1953 747 2015 etiam
779 1953 883 2016 miuus
914 1957 1001 2036 patet
1032 1953 1136 2036 quoad
1166 1971 1322 2038 personas
1357 1951 1479 2016 exinde

299 2075 458 2141 defensas.
484 2075 706 2160 Prioa'lepium
732 2076 880 2142 Cononis
911 2078 1052 2162 protegit
1083 2096 1194 2141 omnes
1225 2077 1364 2141 clericos
1385 2075 1478 2140 latis·

300 2201 380 2265 sima
403 2197 636 2285 significatione
659 2199 845 2284 appellatos,
871 2200 927 2265 sed
951 2201 1036 2265 solos
1055 2200 1211 2276 clericos;
1235 2200 1310 2266 dum
1326 2222 1344 2266 e
1360 2173 1479 2266 contra

300 2326 662 2390 excommunicationem
687 2324 781 2389 huius
805 2331 868 2388 cri.
893 2343 942 2408 sp.
958 2346 1003 2390 m.
1031 2327 1139 2411 Papae
1162 2345 1287 2392 resera.
1305 2328 1480 2392 incurrunt

298 2452 463 2518 laedentes
481 2452 589 2536 Papae
607 2451 762 2536 Legatum
786 2453 844 2516 etsi
869 2453 1005 2518 laicum.
1032 2454 1183 2518 Attamen
1207 2455 1283 2537 quia
1306 2474 1478 2518 versamur

299 2579 331 2642 in
355 2578 480 2650 odiosis,
506 2579 681 2662 Episcopos
705 2577 912 2662 intelligimus
936 2578 999 2641 iam
1024 2583 1234 2644 consecratos
1249 2583 1283 2644 et
1298 2598 1362 2643 non
1387 2599 1475 2642 corn·

299 2703 527 2790 prehendimus
551 2701 692 2768 Abbates
714 2702 861 2770 Nullius.

350 2857 352 2864 ·
387 2831 437 2896 Ad
461 2831 604 2898 ultimum
635 2830 760 2896 adverti
792 2830 896 2912 debet,
920 2833 1026 2898 teneri
1050 2833 1114 2896 hac
1137 2851 1276 2897 censura
1300 2833 1352 2915 qui
1377 2851 1476 2896 maa-

298 2959 382 3024 daat
404 2961 436 3021 et
459 2957 512 3040 qui
535 2961 651 3021 ratum
675 2955 808 3036 babeat,
835 2959 950 3042 quippe
972 2957 1169 3024 ratihabitio
1188 2956 1424 3022 retrotrahitur
1443 2963 1478 3022 et

298 3079 447 3144 mandato
470 3079 708 3163 aequiparatur,
730 3097 776 3143 eto
797 3079 920 3164 reputa
936 3079 979 3142 10
994 3075 1049 3144 De
1064 3077 1104 3143 R.
1124 3079 1149 3143 l.
1172 3079 1209 3144 ia
1229 3079 1273 3160 6,·
1296 3099 1422 3154 verum,
1441 3086 1476 3143 ut

298 3205 395 3270 habet
407 3223 481 3287 cop.
495 3202 554 3275 23,
569 3201 619 3268 De
632 3203 722 3268 Seni.
735 3221 864 3270 eccam.
878 3203 915 3269 ia
927 3203 951 3268 6
965 3239 982 3251 -
995 3222 1065 3269 noa
1078 3209 1187 3286 potest
1198 3211 1315 3270 ratum
1327 3206 1405 3290 quis
1418 3205 1476 3270 bc·

298 3331 375 3396 bere
388 3330 480 3414 quod
495 3328 566 3395 eius
582 3328 719 3395 nomine
734 3349 804 3395 aon
818 3335 950 3414 perram
965 3334 1022 3396 est.
1035 3366 1050 3376 -
1064 3329 1155 3396 Unde
1174 3335 1321 3414 ternpore
1343 3330 1476 3396 admissi

297 3459 439 3525 criminis
470 3461 597 3541 oportet
620 3455 703 3538 quod
734 3455 861 3523 adesset
883 3459 1045 3540 capacitas
1068 3455 1241 3521 habitualis
1266 3455 1476 3539 delinquendi

296 3589 328 3649 in
345 3605 383 3648 eo
400 3583 490 3647 cuius
506 3581 634 3644 nomine
650 3580 768 3663 aliquid
784 3587 907 3664 gestum
926 3583 998 3656 iuit;
1023 3581 1177 3665 siquidem
1195 3583 1323 3646 nomine
1338 3581 1476 3646 infantis

295 3709 348 3772 vel
371 3707 507 3770 amentis
523 3705 646 3769 crimen
663 3703 834 3768 admissum
859 3724 921 3769 non
948 3707 1147 3791 intelligitur.
1166 3743 1184 3755 -
1204 3709 1283 3772 Item
1308 3709 1371 3774 hac
1395 3729 1475 3774 ceo·

295 3853 373 3898 sura
395 3831 617 3917 percelluntur
641 3832 691 3913 qui
719 3829 880 3894 mandanti
898 3837 953 3896 aut
969 3833 1092 3897 crimen
1109 3837 1281 3918 exequenti
1298 3837 1475 3901 castritium

224 4041 227 4048 .
295 3964 350 4024 aut
371 3958 526 4040 favorem
542 3960 597 4021 aut
620 3955 800 4021 consilium
817 3961 991 4041 praestant,
1010 3963 1116 4022 minen
1141 3955 1258 4026 effectu
1275 3965 1422 4045 sequuto,
1440 3969 1475 4026 ut

294 4105 354 4170 par
377 4089 425 4148 est
448 4085 480 4147 in
504 4079 735 4147 criminalibus.

383 4207 458 4272 458.
484 4205 579 4270 Modo
595 4225 728 4291 agamus
744 4205 785 4271 de
800 4207 905 4272 altera
920 4226 1061 4273 censura
1076 4228 1159 4293 quae
1175 4209 1358 4296 appellatur
1372 4214 1474 4298 vulgo

294 4329 503 4414 Privilegium
527 4330 578 4424 vel
603 4331 893 4396 excommunicatio
909 4331 1058 4406 Canonis,
1082 4353 1208 4418 quaque
1228 4335 1335 4402 Consi.
1354 4336 1474 4419 Apost.

295 4455 392 4520 Sedis
415 4454 472 4519 sub
497 4475 526 4518 n.
552 4455 583 4536 2,
607 4456 693 4520 inter
716 4474 853 4532 excom,
877 4459 974 4542 simp.
1001 4459 1042 4524 P.
1058 4467 1260 4534 resarcias,
1278 4469 1473 4528 censuratos
