3266 5102
244 270 307 336 104
761 287 847 340 rnre
870 289 894 335 1.

233 414 380 480 absolute
415 418 604 499 conceptum
640 411 825 500 pessumdat
857 413 1090 498 Episcoporum
1123 410 1349 475 auctoritatem
1387 411 1422 472 et

235 540 395 625 pervertit
424 538 646 604 Ecclesiarum
678 539 834 624 regimen,
859 539 906 602 uti
929 537 1104 602 docuimus.

325 663 358 748 3)
387 665 452 730 Nos
468 683 532 728 non
550 661 731 730 inficiamur
746 683 816 728 eam
834 663 1069 730 distinctionem
1087 660 1169 748 lepis
1186 680 1206 724 a
1216 665 1419 744 praecepto,

238 790 355 874 quippe
385 797 593 874 praeceptum
623 789 793 872 aliquando
824 787 876 861 lit,
900 793 976 852 actu
1004 789 1130 873 privato
1163 791 1196 851 et
1225 785 1327 850 veluti
1359 805 1421 870 pro

237 909 309 975 foro
334 913 471 994 interno,
497 918 593 996 atque
616 912 656 977 ad
680 913 814 978 alicuius
837 912 1056 977 tantummodo
1087 910 1205 975 bonum
1236 911 1417 995 privatum;

237 1040 271 1102 et
293 1037 355 1100 hoc
378 1057 475 1102 sensu
497 1035 583 1102 istud
607 1057 670 1101 non
687 1039 783 1123 viget,
801 1041 949 1101 cessante
965 1036 1192 1121 praecipientis
1212 1035 1417 1106 auctoritate,

237 1159 293 1224 sed
322 1162 448 1225 omnino
480 1180 636 1246 negamus
662 1166 894 1244 praeceptum,
920 1161 1093 1226 decretum
1116 1180 1172 1224 seu
1199 1157 1418 1224 interdictum

238 1281 356 1346 editum
380 1303 420 1348 ea
443 1284 569 1348 ratione
585 1303 648 1367 qua
663 1284 906 1368 explicavimus,
923 1282 963 1347 ad
980 1287 1152 1348 externum
1177 1281 1343 1346 Ecclesiae
1369 1299 1420 1344 re-

237 1408 345 1491 gimen
361 1411 519 1492 spectans,
538 1409 700 1492 expirare,
718 1407 861 1472 resoluta
876 1408 1104 1492 praecipientis
1128 1405 1348 1471 iurisdictione
1361 1401 1418 1489 (l).

328 1533 363 1613 4)
386 1531 564 1597 Praeterea
592 1533 792 1597 advertimus
823 1533 1005 1616 comparari
1036 1551 1101 1595 non
1135 1549 1228 1615 posse
1256 1528 1420 1594 Praesidis

238 1659 374 1721 Romani
399 1660 623 1724 auctoritatem
647 1679 719 1722 cum
737 1659 969 1743 Episcoporum
995 1656 1224 1730 iurisdictione,
1254 1675 1339 1740 quos
1359 1674 1420 1737 po-

237 1784 306 1849 suit
317 1783 374 1866 Sp.
390 1782 534 1848 Sanctus
550 1803 669 1870 repere
686 1783 871 1849 Ecclesiam
889 1782 959 1848 Dei.
978 1818 992 1828 -
1008 1783 1148 1846 Praeses
1164 1782 1328 1845 Romanus
1349 1785 1421 1844 erat

236 1913 360 1974 tantum
384 1913 553 1982 executor,
578 1909 848 1982 administrator;
875 1909 1052 1993 Episcopus
1077 1913 1125 1971 est
1149 1905 1321 1990 lapidator
1344 1925 1420 1988 quo·

238 2052 309 2116 que,
333 2038 428 2116 atque
452 2017 624 2097 dioecesim
649 2031 746 2096 habet
769 2053 826 2096 suo
852 2033 1000 2117 regimini
1029 2030 1248 2096 concreditam
1282 2049 1346 2094 non
1377 2027 1421 2092 ad

239 2165 363 2222 certum
393 2163 530 2242 tempus,
560 2157 618 2222 sed
641 2177 742 2241 usque
765 2156 805 2221 ad
819 2163 999 2222 extremum
1023 2157 1109 2220 vitae
1133 2157 1289 2240 spiritum.
1308 2153 1419 2229 Quare

239 2282 379 2346 alienum
403 2287 452 2346 est
475 2302 494 2345 a
516 2301 717 2366 quacumque
741 2283 866 2347 ratione
890 2282 1026 2346 iuridica
1056 2281 1096 2346 ab
1127 2301 1191 2344 uno
1219 2299 1354 2344 munere
1381 2278 1423 2343 ad

239 2405 325 2470 aliud
348 2409 579 2492 argumentari,
605 2427 703 2490 quum
727 2408 787 2471 ista
811 2407 920 2470 munia
935 2408 1122 2492 pertineant
1138 2404 1178 2468 ad
1195 2405 1243 2469 ius
1259 2403 1422 2489 publicum

239 2531 400 2594 societatis
424 2536 456 2594 et
479 2551 573 2596 nemo
597 2551 675 2595 sane
700 2531 835 2596 auderet
858 2551 878 2596 a
900 2531 971 2595 iure
995 2529 1132 2616 publico,
1158 2537 1224 2595 tam
1240 2531 1331 2593 vario
1355 2533 1422 2592 tarn

239 2655 380 2740 implexo
404 2655 601 2740 reipublicae
618 2675 771 2720 romanae
794 2655 919 2720 inferre
935 2657 984 2720 ius
1000 2655 1161 2739 publicum
1185 2655 1348 2719 societatis
1363 2673 1420 2717 re-

201 2810 202 2813 *
237 2780 371 2865 ligiosae
396 2781 602 2852 christianae,
620 2781 816 2865 potissimum
836 2781 868 2844 in
887 2799 925 2846 eo
942 2779 1024 2863 quod
1039 2780 1154 2844 attinet
1169 2777 1208 2844 ad
1225 2781 1416 2863 potestatem

239 2905 472 2990 Episcoporum
503 2924 522 2969 a
552 2906 604 2990 Sp.
635 2905 753 2971 Sancto
784 2905 1039 2970 constitutorum.
1066 2903 1271 2979 -Quocirca
1302 2901 1418 2988 regula

240 3031 329 3094 Lucii
354 3031 404 3094 lll
421 3031 454 3093 in
471 3029 593 3094 celebri
617 3048 694 3112 cop⁸¹
708 3031 736 3094 1.
753 3029 803 3094 De
825 3049 900 3095 noo.
918 3049 971 3112 op.
988 3029 1206 3095 cunctatione
1230 3029 1271 3093 X.
1291 3025 1346 3110 (V.
1362 3025 1419 3112 32)

239 3175 354 3241 nempe
379 3157 427 3220 ius
451 3157 641 3220 canonicum
666 3154 867 3238 Principum
883 3155 1172 3222 constitutionibus
1188 3153 1349 3218 adiuuari
1365 3171 1423 3216 seu

239 3280 391 3364 suppleri,
416 3281 503 3344 omni
525 3279 641 3364 procul
664 3279 759 3344 dubio
782 3281 923 3364 pertinet
941 3279 982 3344 ad
1005 3279 1059 3345 ius
1078 3277 1265 3361 priamum,
1290 3277 1424 3342 minime

240 3403 281 3468 ad
303 3406 357 3470 ius
376 3403 554 3487 publicum
571 3401 627 3492 (2).

329 3667 367 3740 (l)
388 3669 492 3723 lterum
512 3669 627 3722 innuere
647 3673 780 3737 praestet,
809 3671 910 3739 quippe
936 3669 1049 3722 maximi
1069 3668 1198 3737 ponderis
1222 3671 1265 3721 est
1283 3667 1422 3737 quaestio,

240 3775 364 3828 Reiffest.
385 3775 426 3829 De
447 3785 529 3828 const.
551 3793 577 3828 n.
597 3773 631 3828 43
651 3790 701 3844 sq,
715 3779 743 3828 ot
762 3777 899 3829 Auctores
919 3775 953 3828 ab
968 3791 1000 3829 eo
1013 3775 1123 3838 citatos,
1137 3777 1301 3837 asserentes
1316 3773 1422 3842 absque

241 3881 411 3944 limitatione,
429 3891 612 3951 praeceptum
632 3881 765 3950 expirare
782 3891 870 3935 morte
879 3881 1087 3951 preacipientis,
1102 3877 1301 3946 intelligendos
1315 3893 1376 3932 esse
1386 3877 1423 3931 de

239 3987 394 4054 praeceptis
413 3985 479 4040 latis
499 4002 547 4055 pro
566 3987 626 4038 foro
645 3986 765 4040 interno.
787 3985 851 4038 Alia
876 3990 1025 4054 praecepta
1052 3983 1126 4039 edite
1151 4000 1200 4053 pro
1219 3988 1283 4055 soro
1304 3983 1424 4038 externo

239 4095 385 4145 recensent
404 4091 477 4145 inter
495 4092 649 4145 sententias
668 4096 697 4144 et
714 4091 826 4146 decreta
844 4093 989 4146 iudiciotin
1007 4095 1036 4145 et
1054 4090 1124 4144 haec
1142 4091 1221 4144 aiunt
1240 4106 1300 4144 esse
1320 4105 1421 4158 perpe·

240 4201 289 4251 tua
307 4201 345 4250 ad
364 4199 452 4251 instar
467 4199 552 4268 lepis:
564 4199 602 4250 cf.
621 4197 792 4251 D'Annibale
812 4197 831 4262 l,
844 4195 907 4251 305.
923 4202 979 4250 not.
992 4197 1017 4251 5.
1031 4197 1083 4251 Sed
1102 4213 1157 4250 non
1171 4197 1248 4262 bene,
1264 4213 1327 4248 narn
1347 4195 1420 4249 ordo

239 4304 389 4368 iudicialis,
409 4319 458 4372 por
477 4321 516 4370 se,
529 4319 583 4356 non
593 4306 685 4356 mutat
696 4307 823 4356 naturam
835 4303 976 4372 praecepti
985 4303 1057 4374 quod
1066 4319 1175 4372 semper
1185 4307 1228 4357 est
1238 4300 1422 4371 particulare.

328 4409 368 4480 (2)
387 4409 463 4471 Quas
488 4409 516 4463 in
542 4409 682 4463 sententia
705 4408 745 4462 Cl.
772 4408 943 4463 D'Annibale
967 4411 1057 4478 magis
1082 4409 1229 4478 displicent
1247 4397 1317 4462 haec
1335 4413 1428 4477 sunt3
