3296 5108
575 319 618 366 us
642 319 796 366 nunicrrs
820 319 863 366 ar
887 321 1006 367 nonnis
1313 305 1380 370 416

197 439 243 523 ta.
272 441 369 527 1648)
393 444 511 508 sensim
534 442 680 508 haeresis
702 443 811 509 habita
834 445 893 509 fuit
917 446 962 509 uti
988 445 1128 510 civiliter
1154 445 1293 511 tolerata
1322 466 1379 513 seu

196 573 363 652 expuncta
379 586 398 631 a
422 585 520 632 censu
536 569 706 634 criminum
724 568 875 634 civilium.
893 571 937 633 At
953 567 1120 634 Ecclesiae
1144 569 1193 635 ius
1209 572 1380 642 constituit

201 690 383 756 haereticos
397 693 551 766 tolerare,
565 711 628 775 qua
643 692 963 767 eacommunicatos,
977 711 1080 777 poena
1095 693 1218 759 scilicet
1234 694 1380 759 emollita

200 817 551 890 excommunicationis,
582 815 638 881 sed
672 835 735 900 qua
766 817 951 884 hamelinus
981 816 1109 882 eosdem
1137 817 1281 884 tolerare
1313 839 1378 884 non

198 947 314 1026 potest.
341 941 482 1006 Proinde
512 942 587 1008 iure
614 961 689 1007 can.
715 948 818 1027 urget
833 942 984 1027 obligatio
1016 941 1229 1008 denunciandi
1261 944 1377 1010 haere-

196 1063 281 1128 ticos
304 1063 581 1149 dopniatizantes.
606 1067 712 1128 Antea
735 1065 821 1129 enim
845 1083 955 1130 omnes
978 1065 1135 1129 haeretici
1160 1062 1378 1132 denunciandi

196 1192 304 1268 erant,
321 1193 355 1250 at
371 1185 449 1252 Pius
466 1187 524 1259 IX.
550 1193 733 1256 nostrorum
757 1196 937 1274 temporum
961 1187 1071 1253 habita
1091 1190 1226 1269 ratione,
1246 1188 1379 1254 decreto

194 1315 276 1376 anni
298 1314 381 1378 1818
398 1315 563 1398 praecepit
585 1319 621 1378 ut
644 1313 918 1381 denunciarentur
935 1319 1056 1379 tautum
1074 1314 1120 1379 illi
1144 1316 1197 1399 qui
1221 1314 1379 1384 haereses
1468 1358 1472 1370 ·
1579 1347 1580 1355 1

199 1437 425 1522 praedicantes
438 1439 470 1502 iu
483 1457 573 1502 suam
585 1444 705 1504 sectam
718 1438 798 1504 alios
814 1439 946 1504 allicere
962 1439 1100 1506 student.
1115 1474 1134 1486 -
1148 1440 1378 1514 Denunciare,

197 1563 255 1628 liic
270 1561 429 1649 significat
443 1563 649 1629 iudicialiter
669 1583 833 1636 accusare,
851 1583 967 1649 nempe
986 1584 1025 1629 eo
1042 1564 1176 1630 consilio
1195 1569 1230 1629 ut
1250 1563 1380 1649 publica

195 1689 376 1755 auctoritas
390 1691 567 1754 insectetur
579 1689 638 1753 hos
650 1690 839 1754 criminosos
852 1709 970 1774 eosque
982 1696 1173 1775 compescat.
1189 1689 1299 1764 Quare
1315 1709 1379 1754 non

129 1798 134 1807 ’
195 1819 250 1877 est
266 1811 318 1878 hic
335 1833 441 1878 sermo
458 1812 497 1880 de
513 1812 773 1880 denunciatione
788 1814 839 1879 vel
857 1815 1087 1881 admonitione
1108 1813 1279 1896 fraterna,
1298 1834 1379 1898 quae

200 1937 364 2002 descendit
387 1958 407 2002 a
430 1939 573 2002 caritatis
597 1945 779 2024 praecepto.
806 1940 892 2004 Hinc
918 1939 1069 2005 eiusmodi
1098 1939 1302 2028 denunciatio
1331 1940 1377 2006 fa·

195 2060 313 2126 cienda
330 2066 378 2126 est
394 2059 490 2126 iudici
507 2061 692 2128 Ordinario.
710 2061 800 2136 Quae
815 2063 870 2127 lex
886 2062 1103 2129 ecclesiastica
1119 2082 1184 2128 uon
1200 2063 1328 2149 obligat,
1350 2067 1376 2129 si

200 2186 404 2251 denunciatio
420 2185 491 2251 lieri
509 2193 647 2270 nequeat
662 2187 734 2252 sinc
745 2187 899 2270 periculo
916 2193 948 2251 et
963 2185 1122 2268 infamia,
1137 2188 1181 2253 uti
1199 2188 1378 2252 declaravit

195 2310 231 2374 S.
246 2309 345 2394 Cong.
359 2310 451 2375 Univ.
466 2309 584 2392 lnquis.
599 2309 643 2374 21
655 2309 732 2376 Fet.
745 2308 846 2375 1630.
866 2310 976 2392 ltaque
990 2329 1053 2374 non
1066 2314 1201 2375 excusat
1218 2311 1280 2374 nisi
1294 2313 1378 2395 peri-

195 2434 307 2499 culum
323 2433 492 2499 admodum
508 2453 618 2520 grave,
638 2435 730 2518 quale
747 2439 794 2500 est
810 2434 897 2500 vitae
913 2440 968 2500 aut
982 2434 1099 2516 faniae
1114 2433 1297 2502 discrimen.

290 2559 364 2625 333.
383 2561 544 2635 Quocirca
556 2580 641 2626 nunc
656 2561 815 2647 agendum
833 2567 881 2626 est
897 2562 1115 2627 tantummodo
1132 2561 1171 2627 de
1187 2564 1298 2646 poenis
1312 2564 1379 2646 spi·

198 2683 380 2750 ritualibus
411 2691 476 2748 tum
500 2689 661 2769 apostatas
687 2690 755 2750 tum
779 2685 961 2751 haereticos
986 2687 1272 2770 compescentibus.
1299 2689 1378 2756 Cum

197 2810 321 2893 primis,

335 2933 366 3020 1)
392 2939 600 2999 recenseatur
630 2937 919 3001 excommunicatio
951 2937 971 3002 l.
1001 2955 1027 3002 s.
1059 2934 1194 3002 Summo
1225 2933 1375 3002 Pontifici

194 3057 331 3138 speciali
356 3055 448 3120 modo
473 3063 641 3124 reservata
657 3077 699 3122 ex
717 3058 827 3124 Const.
845 3057 959 3139 etpost.
981 3055 1058 3124 Sed.
1077 3079 1160 3143 quae
1175 3065 1265 3126 tenet
1281 3063 1377 3125 etiam

198 3180 370 3245 credentes
394 3185 426 3244 et
449 3181 529 3245 alios
553 3180 726 3267 complices
749 3188 965 3247 enumeratos.

334 3295 367 3387 2)
393 3301 558 3368 Haeretici
582 3309 656 3368 sunt
679 3303 887 3388 irregulares.
913 3323 955 3368 ex
978 3305 1128 3386 infamia
1150 3307 1245 3386 iniis,
1271 3308 1377 3392 prouti

195 3426 432 3510 explicavimus
457 3446 487 3489 n.
513 3425 579 3492 264
603 3447 668 3511 seq.

334 3549 366 3637 3)
393 3550 567 3616 Credentes
590 3571 679 3631 vero,
704 3551 859 3624 fautores,
879 3558 1078 3638 receptores,
1098 3551 1291 3621 defensores
1307 3561 1379 3640 post

194 3693 319 3740 annum
336 3672 417 3741 flunt
432 3675 641 3761 irregulares,
658 3678 684 3742 si
700 3676 889 3743 satisfacere
906 3681 1172 3765 contempserint,
1188 3699 1245 3746 seu
1262 3681 1289 3744 si
1305 3700 1378 3745 con·

195 3801 344 3861 tumaces
367 3795 591 3862 inscrdescant
614 3799 646 3862 in
671 3801 828 3864 censuris.

334 3917 366 4001 4)
392 3919 483 3982 Haec
517 3919 743 4005 irregularitas
773 3941 815 3985 ex
846 3919 993 4002 infamia
1016 3923 1103 3988 iuris
1131 3920 1229 3988 afficit
1259 3923 1376 3988 horum

194 4043 340 4106 omnium
369 4039 461 4115 filios,
486 4044 512 4106 si
543 4051 695 4127 parentes
726 4045 759 4109 iu
790 4047 992 4112 contumacia
1023 4045 1264 4123 demoriantur;
1289 4049 1377 4114 etin

197 4163 283 4230 linea
316 4173 452 4250 paterne
482 4172 572 4233 tenet
601 4166 721 4233 liberos
753 4189 852 4253 usque
884 4169 926 4234 ad
954 4172 1132 4237 secundum
1162 4173 1316 4259 gradnm;
1342 4176 1374 4239 in

198 4290 286 4355 linea
318 4297 466 4357 materna
497 4291 536 4356 ad
560 4295 711 4376 primum:
737 4313 782 4360 esc
812 4315 886 4378 cap.
907 4297 942 4375 2,
967 4298 988 4379 ἓ
1015 4318 1032 4360 u
1057 4298 1270 4366 Haeretici»
1298 4301 1328 4365 n.
1355 4307 1376 4366 t.

196 4414 236 4479 in
260 4416 291 4480 6.
317 4423 347 4481 ct
371 4437 445 4498 cap,
472 4417 525 4482 15.
552 4417 582 4480 li.
602 4423 621 4480 t.
646 4417 738 4482 ind.
