3312 5108
320 277 364 342 70
842 301 926 348 rans
950 303 972 348 1.

321 426 424 512 magis
448 425 630 511 expeditam
655 427 838 492 executioni
862 426 1006 492 criminis
1029 427 1100 492 iarn
1130 428 1308 496 deliberati
1312 449 1326 514 ,⁴
1350 452 1500 507 necnon

321 549 387 634 qui,
412 552 547 616 crimine
571 553 634 616 iam
657 557 854 637 perpetrato,
872 551 1070 618 contendunt
1086 553 1153 617 sive
1169 558 1206 619 ut
1223 553 1413 640 delinquens
1428 577 1500 642 poe-

321 695 396 740 nam
420 671 552 762 effugiat
575 675 713 742 debitam
738 678 807 742 sive
829 682 866 742 ut
888 678 1010 743 crimen
1034 679 1130 744 latius
1152 699 1226 744 suos
1250 681 1407 766 producat
1427 677 1502 747 effe·

320 807 409 877 ctus;
433 801 489 867 isti
512 801 663 868 dicuntur
679 801 859 882 cantiam,
876 821 974 886 apem
985 809 1211 886 praestantes,
1226 805 1389 888 fautores,
1406 826 1500 873 rece-

315 929 477 1007 ptatores,
502 923 706 1006 defensores.

413 1050 466 1114 41.
492 1048 594 1124 Quam
626 1050 861 1132 inquisitionem
885 1069 943 1116 nos
966 1049 1160 1117 instituimus
1186 1071 1250 1116 non
1274 1057 1308 1116 ut
1331 1050 1500 1117 abstracte

322 1171 512 1238 definiamus
536 1193 693 1258 quaenam
717 1193 910 1239 concessum
934 1177 976 1242 sit
999 1177 1129 1240 moralis
1148 1176 1375 1260 imputabilitas
1391 1175 1447 1241 sed
1463 1181 1500 1242 ut

320 1294 572 1378 respondeamus
596 1294 671 1359 huic
695 1295 887 1378 quaestions
911 1301 1018 1360 utrum
1042 1315 1157 1381 nempe
1180 1315 1284 1382 poena
1299 1297 1498 1382 generaliter

318 1416 386 1484 lata
407 1423 519 1485 teneat
541 1438 643 1503 aeque
666 1437 803 1485 conreos
819 1419 1031 1504 principales
1046 1426 1078 1485 et
1093 1420 1318 1504 necessariam
1341 1439 1379 1486 eo
1396 1422 1499 1506 magis

320 1541 483 1624 quianon
508 1544 607 1608 semel
630 1545 662 1608 in
687 1545 799 1610 edictis
825 1564 1002 1630 poenarum
1033 1548 1156 1631 species
1187 1547 1361 1612 nonnullae
1389 1545 1497 1611 decla·

319 1673 436 1732 rantur
459 1688 662 1734 conreorum.
688 1669 797 1744 Quare
819 1669 1045 1755 explicandum
1069 1676 1118 1738 est
1140 1690 1181 1734 an
1198 1675 1231 1736 et
1246 1689 1404 1754 quaenam
1420 1689 1497 1755 poe·

320 1809 383 1854 nae
406 1791 628 1876 intelligantur
651 1790 736 1856 latae
758 1792 791 1855 in
815 1811 952 1856 conreos
975 1792 1043 1856 sive
1061 1793 1276 1874 principales
1298 1792 1368 1858 sive
1390 1809 1498 1858 acces-

318 1917 436 1982 sorios.

410 2041 547 2108 Interim
564 2042 653 2105 iuvat
672 2040 800 2123 aliquod
824 2037 943 2106 afferre
960 2039 1143 2124 exemplum
1163 2040 1395 2106 sententiarum
1419 2057 1496 2123 poe-

322 2165 443 2228 nalium
468 2167 500 2228 in
524 2165 638 2250 quibus
661 2185 816 2250 expresse
839 2185 1032 2231 conreorum
1049 2165 1173 2249 species
1189 2161 1422 2250 significantur.
1448 2163 1497 2226 lta

321 2290 353 2354 in
378 2289 486 2356 Consi.
511 2291 627 2373 Apost.
653 2290 759 2365 Sedis,
790 2290 852 2356 sao
881 2310 915 2354 n.
947 2290 970 2354 4
997 2290 1285 2355 excommunicatio
1316 2289 1337 2353 l.
1370 2311 1395 2354 s
1428 2311 1498 2376 spe

319 2413 393 2478 ciali
416 2414 510 2478 modo
533 2413 641 2499 Papae
666 2420 833 2480 reservata
855 2415 1004 2499 percellit
1018 2415 1216 2500 appellantes
1235 2435 1252 2476 e
1269 2412 1310 2478 ab
1324 2413 1497 2479 ordinatio·

319 2537 414 2604 nibus
436 2559 493 2603 seu
508 2537 667 2606 mandatis
684 2539 723 2603 R.
741 2539 779 2603 P.
855 2539 895 2604 ad
911 2539 1096 2604 universale
1111 2539 1255 2605 futurum
1273 2539 1495 2604 Concilium...

318 2681 474 2730 necnon
498 2683 554 2730 eos
577 2683 724 2748 qaorarn
747 2665 889 2740 ancilia,
913 2665 1052 2732 consitio
1075 2667 1128 2730 vel
1146 2665 1268 2748 farore
1283 2667 1496 2748 appellatam

320 2795 368 2856 est
386 2809 415 2854 r.
433 2787 555 2854 Eadem
572 2791 679 2856 Const.
696 2789 757 2856 snb
772 2809 807 2856 n.
826 2791 860 2866 5,
877 2793 1218 2862 excommunicatione,
1238 2791 1348 2856 eadem
1369 2793 1498 2856 ratione

320 2919 498 2988 reservata,
520 2915 668 2980 mulctat:
688 2935 706 2977 ‹
726 2913 848 2980 Omnes
870 2916 1112 3000 interficientes,
1132 2917 1327 2983 mutilantes
1344 2917 1378 2983 S.
1398 2915 1436 2981 li.
1453 2917 1495 2981 E.

320 3039 565 3107 Gordianos...
575 3059 589 3122 ‚·
619 3045 678 3104 ant
702 3057 758 3106 eas
780 3058 803 3103 a
825 3039 896 3104 sais
927 3039 1140 3113 dioecesibus,
1172 3040 1359 3120 territoriis,
1392 3039 1497 3106 terris

314 3184 375 3232 sea
391 3163 551 3233 dominiis
566 3165 741 3236 eiicientes.
762 3183 908 3230 necnon
924 3184 965 3230 ea
981 3165 1193 3240 mandantes,
1209 3165 1262 3230 ael
1276 3169 1356 3230 rata
1372 3164 1497 3230 liaben-
1514 3181 1520 3196 ·

317 3293 387 3370 tes;
410 3307 470 3354 seu
488 3293 704 3370 praestantes
727 3288 764 3352 in
787 3287 834 3353 eis
857 3287 1028 3354 aemiliam
1051 3289 1103 3354 ael
1125 3288 1280 3371 favorem
1296 3310 1327 3350 ›.
1368 3317 1374 3336 ι

406 3413 459 3478 42.
488 3414 637 3478 lamvero
669 3414 847 3496 quaestioni
878 3414 1033 3498 generali,
1064 3433 1106 3476 aa
1141 3432 1264 3499 poenae
1294 3417 1433 3479 statutae
1459 3415 1495 3478 iu

315 3542 442 3604 certum
473 3539 596 3603 crimen
627 3537 903 3604 indiscriminatim
934 3543 1068 3606 teneant
1098 3559 1208 3604 omnes
1235 3541 1343 3622 quiin
1368 3539 1496 3604 crimen

318 3665 529 3742 concurrunt,
546 3663 591 3727 ita
609 3661 783 3746 respondet
805 3663 885 3727 scite
910 3661 1114 3728 D'Annibale
1138 3664 1176 3746 (l,
1200 3661 1296 3747 320):
1323 3661 1495 3728 ‹Princi-

313 3785 375 3866 pio
398 3785 513 3870 ipitar,
527 3803 606 3850 canc
627 3803 758 3868 poenae
780 3805 850 3852 non
865 3787 1033 3853 eacedant
1043 3786 1228 3869 proprium
1245 3805 1372 3859 casana,
1392 3805 1497 3852 nemo

318 3927 364 3976 esc
389 3909 440 3974 liis
465 3914 595 3975 tenetar
613 3911 735 3992 poenis
756 3911 793 3976 in
816 3910 891 3976 inre
914 3911 1079 3976 acleersns
1103 3910 1251 3995 aliquem
1282 3929 1401 3976 earam
1423 3915 1497 3975 sta·

315 4033 403 4123 tatis,
428 4033 494 4098 nisi
518 4031 608 4098 etin
630 4031 744 4114 ipsam
768 4033 857 4098 tatae
880 4033 946 4098 sint
960 4032 1173 4100 nominatim.
1191 4033 1271 4100 Ideo
1287 4051 1399 4118 poena
1415 4052 1496 4100 sra-

315 4207 404 4274 Rossi‚
426 4209 472 4262 aa
492 4207 536 4274 ΙΙ,
556 4225 615 4278 cap.
635 4208 685 4274 34,
705 4205 888 4277 explicatam,
907 4209 1009 4278 quique
1034 4209 1124 4277 magis
1143 4214 1358 4267 consentaneam
1382 4207 1497 4278 legibus

315 4315 464 4370 canonicis.
484 4343 498 4356 ·
518 4313 647 4369 Ceterum
667 4314 739 4384 apud
759 4313 813 4368 DD.
833 4315 913 4368 varia
932 4315 1076 4368 admodum
1096 4315 1261 4370 divisionum
1280 4321 1310 4370 et
1327 4313 1496 4384 appellatio·

312 4439 378 4476 num
399 4422 478 4476 ratio.
