3266 5102
512 291 555 338 oa
580 291 734 346 perrarus
759 293 801 338 er
826 292 944 338 Pousis
1273 275 1317 341 93

134 408 342 476 instituendo.
362 447 380 460 -
406 412 603 480 Obiectionis
627 415 744 481 solutio
768 416 953 480 continetur
976 416 1007 480 in
1033 417 1115 502 Req.
1132 417 1191 484 23.
1209 419 1259 484 De
1274 417 1316 482 R.

133 532 163 595 1.
189 533 227 596 io
250 533 283 612 6,
308 531 424 600 «Sine
455 537 567 620 culpa,
592 540 660 606 nisi
688 538 795 604 subsit
823 557 943 619 cuano,
967 558 1067 606 nemo
1098 545 1146 606 est
1172 540 1317 623 punien-

133 657 201 722 dus
216 679 248 720 ›.
275 659 417 726 Proinde
440 657 609 726 deficiente
637 664 739 745 culpa
762 663 932 746 aliqnando
956 663 1065 730 subest
1087 683 1192 730 causa
1215 667 1316 749 impo-

134 779 233 844 nendi
265 783 362 847 talem
393 804 530 869 poenam
562 806 654 871 quae.
679 788 739 854 etsi
767 789 928 872 negative,
952 794 1060 852 tamma
1092 789 1241 874 percellit
1267 791 1317 852 in-

133 910 254 970 sontes.
280 908 410 972 Revera
432 909 606 994 publicatio
629 911 797 986 bonorum,
825 931 930 997 poena
951 933 1029 977 sane
1052 913 1258 998 gravissima,
1284 914 1316 978 in

134 1029 290 1093 societate
314 1029 438 1096 rudiori
471 1038 521 1098 est
551 1033 722 1117 aliquando
749 1036 935 1100 necessaria
965 1035 1006 1100 ad
1036 1037 1164 1120 penitus
1191 1035 1318 1100 convel-

133 1153 265 1218 lendam
295 1156 361 1220 rim
392 1163 425 1222 et
456 1157 650 1234 efficaciam,
675 1180 739 1226 non
769 1167 893 1226 tantum
919 1163 1010 1226 unius
1034 1183 1192 1247 personae
1219 1164 1317 1228 delin-

135 1281 264 1362 quentis
291 1280 348 1346 sed
379 1283 528 1370 integrae
558 1285 699 1352 familiae
730 1293 826 1371 atque
856 1307 920 1351 non
945 1287 1045 1352 solum
1072 1289 1103 1351 in
1127 1294 1316 1373 perpetuam

134 1405 280 1469 criminis
302 1404 546 1473 detestationem
574 1409 630 1474 sed
661 1414 835 1497 praecipue
864 1431 907 1476 ne
938 1411 1170 1496 paterfamilias
1204 1412 1316 1478 faciles

135 1529 273 1595 haberet
304 1533 478 1598 imitatores
510 1534 544 1598 in
576 1537 616 1601 iis
647 1537 698 1620 qui
731 1538 915 1621 patrimonii
945 1536 1119 1609 haeredes,
1144 1557 1209 1602 una
1236 1535 1317 1603 fiunt

135 1657 263 1740 paterni
287 1659 410 1722 erroris
433 1663 621 1736 sectatorem
646 1661 854 1744 quamobrem
878 1663 1053 1728 timendum
1068 1667 1116 1726 est
1139 1683 1180 1726 ne
1197 1664 1229 1726 in
1246 1682 1317 1747 per·

134 1784 266 1862 petuam
299 1781 470 1848 foveantur
500 1803 632 1849 errores
667 1790 700 1850 et
734 1785 965 1850 aemulationes
997 1805 1094 1869 quum
1118 1785 1317 1850 hereditaria

135 1905 349 1975 successione,
374 1906 473 1971 veluti
496 1906 626 1972 alantur
651 1913 683 1972 et
705 1909 912 1992 amplientur.

225 2025 338 2100 Quoad
362 2027 602 2094 haereticorum
626 2026 710 2094 filios
726 2049 746 2093 a
761 2027 927 2095 beneficiis
944 2033 976 2094 et
998 2027 1111 2094 officiis
1127 2028 1317 2094 ecclesiasti·

135 2150 182 2214 cis
198 2151 387 2235 prohibitos,
405 2152 495 2218 adest
511 2173 606 2220 causa
623 2156 825 2240 suspicionis,
843 2175 883 2218 ne
899 2155 1047 2220 haeresis
1062 2174 1189 2220 veneno
1205 2153 1316 2219 insecti

135 2281 200 2343 sint
229 2278 269 2343 ob
300 2279 483 2344 naturalem
515 2299 588 2344 cum
615 2280 805 2365 parentibus
833 2281 1091 2346 coniunctionem
1124 2281 1315 2344 animorum.

136 2406 219 2471 Item
242 2404 369 2470 dicatur
392 2403 432 2470 de
455 2406 526 2470 aliis
550 2406 782 2491 privationibus
798 2405 912 2490 quibus
927 2407 1115 2470 innocentes
1131 2403 1316 2471 afficiuntur

135 2530 307 2594 occasione
330 2529 464 2595 alterius
480 2530 599 2597 delicti.
617 2529 710 2604 Quod
726 2531 919 2615 principium
937 2529 1067 2595 aliunde
1084 2535 1189 2594 ratum
1205 2528 1317 2594 habuit

134 2649 340 2736 firmavitque
356 2655 423 2738 ipsa
439 2653 555 2718 Divina
579 2655 712 2736 lustitia,
729 2654 769 2719 ob
793 2655 919 2739 culpam
936 2653 1062 2727 Adami‚
1080 2653 1234 2738 plectens,
1251 2672 1316 2716 non

134 2779 204 2842 sine
227 2797 336 2846 causa.
360 2779 541 2862 privatione
564 2781 702 2846 iustitiae
726 2781 903 2866 originalis
917 2800 1028 2845 omnes
1046 2778 1086 2843 ab
1103 2799 1141 2844 eo
1158 2779 1316 2864 originem

134 2901 313 2966 trahentes.
333 2937 350 2948 -
368 2901 494 2967 Verum
517 2921 612 2967 nemo
627 2923 691 2966 non
706 2902 795 2967 videt
817 2922 911 2987 quam
928 2922 1027 2987 parce
1043 2901 1222 2966 huiusmodi
1239 2921 1315 2986 poe-

136 3025 185 3090 nis
207 3025 361 3090 utendum
385 3026 427 3090 sit
449 3046 521 3091 cum
545 3046 610 3092 non
634 3027 730 3092 facile
753 3027 837 3092 adsit
867 3046 964 3092 causa
994 3026 1146 3111 puniendi
1177 3026 1316 3110 aliquem

135 3149 204 3212 sine
228 3149 334 3232 culpa.

231 3269 499 3380 Q
495 3269 590 3374 debet
604 3290 675 3336 esse
692 3271 829 3343 crimini
841 3272 1115 3355 proportionata.
1141 3278 1176 3340 ut
1198 3293 1258 3358 per
1281 3293 1317 3337 se

134 3399 232 3479 patet.
253 3429 270 3440 -
289 3393 371 3468 Quia
385 3414 509 3480 poenae
525 3397 763 3463 constituuntur
780 3396 1007 3461 universaliter
1024 3399 1056 3462 in
1073 3402 1164 3462 certa
1180 3398 1316 3461 crimina

135 3523 168 3584 in
192 3520 316 3606 quibus,
334 3542 393 3606 pro
417 3522 542 3587 casibus
566 3523 737 3604 concrete,
755 3525 860 3588 variat
884 3525 915 3587 in
932 3522 1138 3608 delinquente
1154 3525 1317 3608 quantitas

135 3646 366 3730 imputationis;
391 3645 532 3710 faciliter
556 3631 683 3711 crimini
707 3646 936 3711 accomodatur
959 3667 1063 3732 poena
1086 3649 1113 3712 si
1138 3655 1186 3714 est
1205 3648 1317 3714 diuisi·

135 3766 211 3833 bilis
234 3787 292 3832 seu
316 3789 376 3853 per
409 3769 519 3833 varios
550 3769 669 3856 gradus
697 3771 815 3854 imponi
848 3771 962 3855 possit;
987 3771 1089 3854 qualis
1120 3777 1169 3836 est
1200 3790 1317 3835 carcer

133 3897 202 3958 tum
227 3895 353 3958 ratione
376 3893 555 3960 durationis
577 3899 644 3962 tum
672 3897 876 3960 intensitatis.
903 3896 993 3960 Haec
1017 3897 1154 3979 qualitas
1177 3896 1317 3960 eminen-

133 4021 186 4083 ter
210 4019 318 4085 elucet
340 4019 372 4083 in
396 4021 508 4104 poenis
535 4020 763 4085 ecclesiasticis
787 4025 819 4084 et
842 4020 988 4085 censuris
1005 4039 1085 4104 quae
1102 4020 1154 4084 vel
1171 4019 1316 4084 omnibus

133 4147 190 4208 aut
214 4141 374 4226 aliquibus
397 4142 520 4208 iuribus
544 4148 576 4208 et
598 4142 691 4208 bonis
713 4145 846 4228 privare
871 4149 1004 4229 possunt
1026 4145 1078 4210 vel
1117 4149 1239 4208 tantum
1275 4144 1317 4209 ab

134 4285 247 4330 eorum
276 4285 336 4330 usu
359 4265 541 4350 prohibent.
568 4300 585 4312 -
612 4266 748 4338 Verum,
777 4267 809 4330 in
833 4285 938 4351 poena
973 4269 1031 4332 etsi
1066 4267 1219 4352 legitima,
1250 4286 1315 4331 non

133 4409 264 4475 semper
287 4391 350 4456 hoc
374 4391 510 4456 obtineri
540 4395 654 4477 potest,
672 4392 771 4458 veluti
788 4393 820 4456 in
838 4397 985 4456 extremo
999 4393 1164 4478 supplicio.
