3312 5108
280 241 324 308 42
802 263 887 310 raas
911 263 934 308 1.

279 381 401 450 bationi
424 385 618 449 contrariae.
647 385 777 450 Poenae
804 385 891 448 enim
915 385 1102 460 canonicae,
1127 384 1266 449 maxime
1290 401 1459 465 censurae,

278 509 423 594 plectunt
434 529 491 574 seu
503 509 766 574 animadvertunt
782 509 816 574 in
832 529 914 581 eum,
929 511 982 594 qui
1000 509 1075 574 dolo
1091 509 1177 575 malo
1192 510 1297 596 legem
1313 510 1414 575 violat
1428 515 1462 575 et

279 636 472 700 contemnit:
497 635 601 700 sedin
625 635 720 700 dubio
740 633 989 722 factiimpubes
1005 637 1166 723 pubertati
1183 639 1350 724 proximus
1365 657 1462 723 prae-

280 761 417 826 sumitur
439 761 503 826 doli
527 783 664 848 expers3
688 761 825 828 ethaeo
848 768 898 829 est
922 765 971 830 vis
994 763 1130 850 regulae
1153 763 1246 828 modo
1278 763 1462 848 expositae;

279 857 434 970 siquidem
460 887 645 973 impuberes
669 887 758 952 nulla
781 889 919 974 positiva
941 888 1016 973 lege
1039 887 1190 954 absolute
1212 887 1252 952 ab
1276 887 1327 952 his
1350 889 1463 974 poenis

279 1011 476 1084 eximuntur,
501 1029 571 1095 arg.
597 1011 618 1076 t.
643 1009 736 1076 Nam
759 1010 805 1076 ad
829 1029 870 1076 ea
893 1011 929 1094 ff.
953 1010 1003 1076 Dc
1024 1003 1089 1096 lep.
1103 1013 1145 1076 cl.
1164 1010 1313 1097 Scyrum,
1336 1010 1408 1076 Lib.
1427 1011 1460 1093 6,

279 1135 330 1199 De
356 1129 452 1198 Gens.
477 1151 551 1216 cap,
576 1133 627 1208 17,
653 1138 686 1200 et
709 1134 926 1200 auctoritates
948 1133 995 1200 ibi
1017 1135 1191 1216 attentatas.

369 1255 402 1342 5>
428 1257 559 1321 Poenae
583 1258 652 1342 ipso
676 1258 746 1321 iure
770 1257 866 1338 latae,
880 1277 963 1342 quae
986 1259 1183 1344 impropriae
1205 1279 1329 1344 poenae
1353 1259 1461 1324 dicun·

279 1385 335 1446 tur
359 1386 391 1446 et
414 1383 488 1448 snut
511 1385 613 1468 magis
638 1382 727 1468 leges
752 1383 993 1450 inhabilitantes
1017 1403 1074 1450 seu
1096 1383 1332 1470 impedimenta,
1349 1389 1462 1450 tenent

281 1508 378 1572 etiam
393 1507 577 1592 impuberes
592 1507 761 1590 infantiae
771 1509 963 1591 proniores,
980 1509 1094 1574 saltem
1106 1510 1196 1574 iuxta
1208 1512 1461 1574 communiorem

281 1621 314 1700 et
336 1634 499 1699 veriorem
525 1637 735 1708 sententiam3
761 1634 803 1699 cf.
837 1633 1026 1698 Canonistas
1050 1640 1302 1700 commentantes
1333 1653 1408 1718 cap.
1432 1635 1460 1702 l.

280 1756 331 1822 De
354 1757 461 1824 delict.
481 1775 582 1840 paen.
607 1763 640 1822 et
663 1757 762 1824 Clam.
786 1758 816 1824 si
838 1755 1001 1838 furiosas.
1027 1757 1217 1823 Huiusmodi
1241 1779 1364 1844 poenae
1387 1765 1463 1825 suut

280 1883 540 1970 irregularitates
563 1905 605 1948 ex
628 1883 753 1956 delicto,
779 1885 895 1968 quippe
923 1903 1005 1968 quae
1034 1890 1108 1950 sunt
1137 1884 1178 1950 ad
1201 1884 1305 1952 instar
1328 1883 1462 1970 impedi·
1489 1871 1494 1880 ’

281 2013 380 2077 menti
410 2030 468 2075 seu
500 2009 710 2074 inhabilitatis
734 2013 767 2074 et
797 2007 978 2074 adhaerent
1009 2009 1206 2094 delinquenti
1236 2011 1326 2075 nulla
1352 2009 1463 2076 habita

281 2138 406 2202 ratione
429 2137 553 2208 aetatis,
579 2133 748 2199 dummodo
772 2133 1020 2200 dolusadluerit
1042 2137 1075 2200 in
1100 2139 1309 2221 perpetrante
1324 2135 1461 2208 lacinus,

282 2263 323 2327 cf.
348 2261 487 2346 Scyrum
512 2261 534 2324 t.
560 2260 612 2326 cit.
640 2297 656 2306 -
681 2259 789 2334 Quare
813 2261 846 2324 in
871 2259 1077 2326 decernendo
1100 2281 1142 2324 an
1166 2261 1235 2345 quis
1259 2261 1463 2325 contraxerit

282 2383 463 2450 huiusmodi
486 2383 757 2468 irregularitates,
781 2385 813 2448 in
837 2385 950 2469 primis
974 2385 1057 2448 ratio
1080 2382 1230 2449 habenda
1253 2389 1304 2448 est
1324 2384 1406 2460 doli;
1430 2389 1464 2449 et

281 2514 372 2576 aetas
393 2509 586 2576 assumenda
617 2508 936 2584 astronomiam
962 2529 1004 2574 ex
1027 2509 1165 2575 adverso
1192 2510 1225 2573 in
1249 2509 1320 2574 aliis
1351 2509 1462 2594 poenis

283 2635 303 2699 t.
327 2639 417 2706 sent,
446 2638 535 2698 aetas
565 2634 629 2697 iam
661 2634 863 2717 praescripta
892 2633 1067 2698 assumitur
1097 2633 1143 2697 uti
1174 2633 1302 2720 regula;
1327 2639 1359 2698 et
1386 2633 1463 2698 huic

282 2759 419 2844 regulae
442 2759 663 2844 derogandum
680 2762 775 2830 esset
793 2757 919 2841 quando
936 2757 1069 2823 evidens
1093 2764 1279 2843 erumperet
1294 2779 1337 2822 ex
1355 2757 1463 2823 adiun-

281 2881 342 2946 ctis
377 2880 441 2946 doli
476 2879 575 2953 labes,
600 2899 659 2945 seu
695 2879 815 2945 iactum
851 2880 1060 2946 evinceretur
1094 2881 1345 2966 praesumptioni
1385 2900 1462 2946 con·

283 3007 429 3071 trarium.

376 3129 409 3214 6)
432 3131 562 3222 Quas
586 3135 691 3194 autem
714 3129 880 3214 serendae
902 3136 996 3203 sent..
1021 3151 1104 3215 quae
1127 3136 1201 3196 sunt
1223 3127 1417 3216 infligendae
1443 3151 1464 3195 a

282 3251 388 3318 iudice
411 3251 538 3336 quando
562 3252 743 3316 constiterit
766 3253 806 3316 de
830 3253 974 3318 oriminis
998 3253 1150 3337 qualitate
1166 3258 1200 3319 et
1218 3253 1404 3338 quantitate,
1429 3253 1464 3317 in

282 3397 404 3464 genere
428 3398 492 3442 non
516 3379 689 3442 incurrunt
712 3377 894 3464 impuberes
909 3377 1065 3444 infantiae
1089 3381 1241 3464 proximi3
1258 3379 1413 3464 siquidem
1428 3380 1464 3445 hi

284 3485 460 3568 censentur
483 3502 547 3566 doli
571 3473 644 3566 non⁸
661 3507 832 3588 compotes,
857 3523 1022 3587 quousque
1047 3505 1246 3568 contrarium
1273 3505 1463 3570 constiterit.

283 3624 375 3701 Quod
399 3625 425 3687 si
450 3625 545 3690 etiam
569 3623 733 3708 probatur,
758 3625 897 3708 aliquem
921 3623 1078 3690 decennio
1102 3627 1259 3690 minorem
1283 3625 1355 3689 dolo
1378 3625 1464 3690 malo

284 3750 466 3833 deliquisse,
491 3749 592 3814 nihilo
616 3751 721 3814 secius
744 3751 851 3813 mitius
874 3749 929 3813 hic
953 3755 1002 3814 est
1031 3747 1212 3834 puniendus
1235 3767 1330 3833 quam
1361 3749 1465 3814 maior

202 3941 205 3948 ,
283 3873 468 3956 puniretur;
493 3872 535 3936 cf.
561 3867 780 3944 Reiffenstuel,
806 3871 856 3937 De
879 3872 1018 3939 delictis.
1038 3889 1139 3956 puer.
1163 3892 1195 3938 n.
1221 3873 1254 3939 5.

373 3997 406 4084 7)
433 3999 530 4062 Pueri
554 3995 716 4081 pubertati
739 3997 879 4080 proximi
912 4015 954 4060 ex
984 3997 1245 4082 praesumptione
1271 3999 1350 4064 iuris
1373 3999 1466 4062 aesti-

175 4141 177 4148 ·
283 4126 413 4218 mantur
435 4119 505 4186 doli
529 4138 671 4202 capaces
689 4124 727 4216 'et
750 4119 826 4185 hinc
850 4117 981 4184 obnoxii
1004 4121 1116 4205 poenis
1140 4141 1159 4185 a
1182 4121 1286 4186 iudice
1312 4119 1466 4206 serendis

285 4247 477 4312 auctoritate
499 4231 592 4329 legis.

373 4371 407 4456 8)
434 4375 530 4437 Aetas
553 4367 730 4438 senectutis
746 4389 876 4434 causam
894 4388 959 4434 non
975 4371 1139 4438 constituit
1162 4371 1391 4438 emanationis
1406 4391 1465 4438 seu
