<?xml version="1.0" encoding="UTF-8"?>
<!DOCTYPE html PUBLIC "-//W3C//DTD XHTML 1.0 Transitional//EN"
    "http://www.w3.org/TR/xhtml1/DTD/xhtml1-transitional.dtd">
<html xmlns="http://www.w3.org/1999/xhtml" xml:lang="en" lang="en">
 <head>
  <title>
</title>
<meta http-equiv="Content-Type" content="text/html;charset=utf-8" />
  <meta name='ocr-system' content='tesseract 3.04.00' />
  <meta name='ocr-capabilities' content='ocr_page ocr_carea ocr_par ocr_line ocrx_word'/>
</head>
<body>
  <div class='ocr_page' id='page_1' title='image "./praelectionesin02legagoog_0440.png"; bbox 0 0 3296 5108; ppageno 0'>
   <div class='ocr_carea' id='block_1_1' title="bbox 531 307 1338 376">
    <p class='ocr_par' dir='ltr' id='par_1_1' title="bbox 531 307 1338 376">
     <span class='ocr_line' id='line_1_1' title="bbox 531 307 1338 376; baseline -0.005 -1"><span class='ocrx_word' id='word_1_1' title='bbox 531 329 575 375; x_wconf 85' lang='lat' dir='ltr'>ns</span> <span class='ocrx_word' id='word_1_2' title='bbox 599 327 752 376; x_wconf 82' lang='lat' dir='ltr'>nnnicris</span> <span class='ocrx_word' id='word_1_3' title='bbox 778 326 820 375; x_wconf 82' lang='lat' dir='ltr'>nr</span> <span class='ocrx_word' id='word_1_4' title='bbox 843 327 963 375; x_wconf 78' lang='lat' dir='ltr'>nonnis</span> <span class='ocrx_word' id='word_1_5' title='bbox 1269 307 1338 371; x_wconf 83' lang='grc'><strong>435</strong></span> 
     </span>
    </p>
   </div>
   <div class='ocr_carea' id='block_1_2' title="bbox 154 447 1340 1533">
    <p class='ocr_par' dir='ltr' id='par_1_2' title="bbox 154 447 1340 1533">
     <span class='ocr_line' id='line_1_2' title="bbox 154 447 1335 535; baseline -0.003 -19"><span class='ocrx_word' id='word_1_6' title='bbox 154 451 299 518; x_wconf 81' lang='lat' dir='ltr'>dictione</span> <span class='ocrx_word' id='word_1_7' title='bbox 323 451 404 517; x_wconf 84' lang='lat' dir='ltr'>data</span> <span class='ocrx_word' id='word_1_8' title='bbox 427 469 556 534; x_wconf 87' lang='lat' dir='ltr'>opera,·</span> <span class='ocrx_word' id='word_1_9' title='bbox 578 451 653 534; x_wconf 90' lang='lat' dir='ltr'>quia</span> <span class='ocrx_word' id='word_1_10' title='bbox 676 451 781 534; x_wconf 90' lang='lat' dir='ltr'>prima</span> <span class='ocrx_word' id='word_1_11' title='bbox 796 447 957 535; x_wconf 82' lang='lat' dir='ltr'>significat</span> <span class='ocrx_word' id='word_1_12' title='bbox 972 447 1031 514; x_wconf 86' lang='lat' dir='ltr'>sihi</span> <span class='ocrx_word' id='word_1_13' title='bbox 1054 451 1179 514; x_wconf 86' lang='lat' dir='ltr'>certum</span> <span class='ocrx_word' id='word_1_14' title='bbox 1203 468 1335 533; x_wconf 89' lang='lat' dir='ltr'>scopum</span> 
     </span>
     <span class='ocr_line' id='line_1_3' title="bbox 156 573 1339 664; baseline -0.003 -22"><span class='ocrx_word' id='word_1_15' title='bbox 156 596 371 664; x_wconf 90' lang='lat' dir='ltr'>praeponere.</span> <span class='ocrx_word' id='word_1_16' title='bbox 386 611 404 625; x_wconf 93' lang='lat'><strong>·</strong></span> <span class='ocrx_word' id='word_1_17' title='bbox 419 577 464 642; x_wconf 87' lang='lat' dir='ltr'>De</span> <span class='ocrx_word' id='word_1_18' title='bbox 480 576 652 662; x_wconf 65' lang='lat' dir='ltr'>relictoue,</span> <span class='ocrx_word' id='word_1_19' title='bbox 666 595 781 661; x_wconf 81' lang='lat' dir='ltr'>nempe</span> <span class='ocrx_word' id='word_1_20' title='bbox 796 574 836 641; x_wconf 89' lang='lat' dir='ltr'>de</span> <span class='ocrx_word' id='word_1_21' title='bbox 853 573 1028 659; x_wconf 87' lang='lat' dir='ltr'>disciplinis</span> <span class='ocrx_word' id='word_1_22' title='bbox 1040 576 1143 641; x_wconf 82' lang='lat' dir='ltr'>sacris</span> <span class='ocrx_word' id='word_1_23' title='bbox 1159 573 1272 660; x_wconf 88' lang='lat' dir='ltr'>quibus</span> <span class='ocrx_word' id='word_1_24' title='bbox 1288 594 1339 639; x_wconf 92' lang='lat' dir='ltr'>ac-</span> 
     </span>
     <span class='ocr_line' id='line_1_4' title="bbox 158 699 1336 785; baseline 0 -17"><span class='ocrx_word' id='word_1_25' title='bbox 158 722 329 769; x_wconf 84' lang='lat' dir='ltr'>censemus</span> <span class='ocrx_word' id='word_1_26' title='bbox 345 703 440 770; x_wconf 89' lang='lat' dir='ltr'>etiam</span> <span class='ocrx_word' id='word_1_27' title='bbox 456 703 510 768; x_wconf 85' lang='lat' dir='ltr'>ius</span> <span class='ocrx_word' id='word_1_28' title='bbox 526 702 734 774; x_wconf 88' lang='lat' dir='ltr'>canonicum,</span> <span class='ocrx_word' id='word_1_29' title='bbox 752 701 808 767; x_wconf 87' lang='lat' dir='ltr'>sed</span> <span class='ocrx_word' id='word_1_30' title='bbox 824 720 888 765; x_wconf 93' lang='lat' dir='ltr'>non</span> <span class='ocrx_word' id='word_1_31' title='bbox 911 699 1145 785; x_wconf 86' lang='lat' dir='ltr'>philosophiam</span> <span class='ocrx_word' id='word_1_32' title='bbox 1168 699 1336 768; x_wconf 82' lang='lat' dir='ltr'>moralem,</span> 
     </span>
     <span class='ocr_line' id='line_1_5' title="bbox 157 824 1338 914; baseline -0.004 -21"><span class='ocrx_word' id='word_1_33' title='bbox 157 846 222 893; x_wconf 91' lang='lat' dir='ltr'>nec</span> <span class='ocrx_word' id='word_1_34' title='bbox 249 827 535 913; x_wconf 76' lang='lat' dir='ltr'>ruothaphysicam.</span> <span class='ocrx_word' id='word_1_35' title='bbox 552 829 591 894; x_wconf 92' lang='lat' dir='ltr'>ln</span> <span class='ocrx_word' id='word_1_36' title='bbox 614 827 683 892; x_wconf 87' lang='lat' dir='ltr'>istis</span> <span class='ocrx_word' id='word_1_37' title='bbox 707 825 943 913; x_wconf 79' lang='lat' dir='ltr'>pertractandis</span> <span class='ocrx_word' id='word_1_38' title='bbox 958 825 1056 890; x_wconf 82' lang='lat' dir='ltr'>facile</span> <span class='ocrx_word' id='word_1_39' title='bbox 1077 824 1182 891; x_wconf 80' lang='lat' dir='ltr'>auerti</span> <span class='ocrx_word' id='word_1_40' title='bbox 1204 829 1338 914; x_wconf 87' lang='lat' dir='ltr'>possunt</span> 
     </span>
     <span class='ocr_line' id='line_1_6' title="bbox 155 945 1339 1034; baseline -0.004 -19"><span class='ocrx_word' id='word_1_41' title='bbox 155 945 387 1029; x_wconf 79' lang='lat' dir='ltr'>fundamenta</span> <span class='ocrx_word' id='word_1_42' title='bbox 408 949 593 1034; x_wconf 81' lang='lat' dir='ltr'>relipionis.</span> <span class='ocrx_word' id='word_1_43' title='bbox 613 983 630 997; x_wconf 95' lang='lat'>·</span> <span class='ocrx_word' id='word_1_44' title='bbox 656 949 732 1015; x_wconf 90' lang='lat' dir='ltr'>Nisi</span> <span class='ocrx_word' id='word_1_45' title='bbox 755 953 880 1015; x_wconf 83' lang='lat' dir='ltr'>constet</span> <span class='ocrx_word' id='word_1_46' title='bbox 903 951 964 1012; x_wconf 90' lang='lat' dir='ltr'>etc.</span> <span class='ocrx_word' id='word_1_47' title='bbox 984 981 1001 996; x_wconf 93' lang='lat'><strong>·</strong></span> <span class='ocrx_word' id='word_1_48' title='bbox 1020 948 1170 1012; x_wconf 89' lang='lat' dir='ltr'>nimirum</span> <span class='ocrx_word' id='word_1_49' title='bbox 1194 946 1270 1013; x_wconf 92' lang='lat' dir='ltr'>libri</span> <span class='ocrx_word' id='word_1_50' title='bbox 1293 963 1339 1012; x_wconf 80' lang='lat' dir='ltr'>eoo</span> 
     </span>
     <span class='ocr_line' id='line_1_7' title="bbox 154 1071 1338 1159; baseline 0 -23"><span class='ocrx_word' id='word_1_51' title='bbox 154 1073 313 1157; x_wconf 78' lang='lat' dir='ltr'>professo</span> <span class='ocrx_word' id='word_1_52' title='bbox 335 1078 514 1139; x_wconf 77' lang='lat' dir='ltr'>tractantes</span> <span class='ocrx_word' id='word_1_53' title='bbox 544 1072 583 1139; x_wconf 87' lang='lat' dir='ltr'>de</span> <span class='ocrx_word' id='word_1_54' title='bbox 615 1073 772 1159; x_wconf 85' lang='lat' dir='ltr'>religione</span> <span class='ocrx_word' id='word_1_55' title='bbox 799 1073 874 1138; x_wconf 87' lang='lat' dir='ltr'>editi</span> <span class='ocrx_word' id='word_1_56' title='bbox 902 1071 942 1136; x_wconf 92' lang='lat' dir='ltr'>ab</span> <span class='ocrx_word' id='word_1_57' title='bbox 970 1072 1123 1137; x_wconf 90' lang='lat' dir='ltr'>eiusmodi</span> <span class='ocrx_word' id='word_1_58' title='bbox 1151 1071 1338 1137; x_wconf 86' lang='lat' dir='ltr'>homiuibus</span> 
     </span>
     <span class='ocr_line' id='line_1_8' title="bbox 162 1197 1340 1286; baseline 0 -22"><span class='ocrx_word' id='word_1_59' title='bbox 162 1205 413 1286; x_wconf 88' lang='lat' dir='ltr'>praesumuntur</span> <span class='ocrx_word' id='word_1_60' title='bbox 428 1199 537 1264; x_wconf 85' lang='lat' dir='ltr'>inlecti</span> <span class='ocrx_word' id='word_1_61' title='bbox 555 1218 679 1272; x_wconf 87' lang='lat' dir='ltr'>errore,</span> <span class='ocrx_word' id='word_1_62' title='bbox 696 1199 752 1264; x_wconf 87' lang='lat' dir='ltr'>sod</span> <span class='ocrx_word' id='word_1_63' title='bbox 773 1204 820 1264; x_wconf 88' lang='lat' dir='ltr'>est</span> <span class='ocrx_word' id='word_1_64' title='bbox 835 1199 1054 1284; x_wconf 86' lang='lat' dir='ltr'>praesumptio</span> <span class='ocrx_word' id='word_1_65' title='bbox 1069 1217 1151 1281; x_wconf 89' lang='lat' dir='ltr'>quae</span> <span class='ocrx_word' id='word_1_66' title='bbox 1168 1197 1252 1263; x_wconf 89' lang='lat' dir='ltr'>cedit</span> <span class='ocrx_word' id='word_1_67' title='bbox 1268 1217 1340 1284; x_wconf 91' lang='lat' dir='ltr'>pro-</span> 
     </span>
     <span class='ocr_line' id='line_1_9' title="bbox 161 1318 1339 1406; baseline -0.001 -19"><span class='ocrx_word' id='word_1_68' title='bbox 161 1321 282 1391; x_wconf 87' lang='lat' dir='ltr'>hationi</span> <span class='ocrx_word' id='word_1_69' title='bbox 307 1323 501 1395; x_wconf 84' lang='lat' dir='ltr'>contrariae,</span> <span class='ocrx_word' id='word_1_70' title='bbox 527 1323 621 1386; x_wconf 87' lang='lat' dir='ltr'>otiam</span> <span class='ocrx_word' id='word_1_71' title='bbox 646 1323 827 1386; x_wconf 87' lang='lat' dir='ltr'>testimonio</span> <span class='ocrx_word' id='word_1_72' title='bbox 850 1323 945 1386; x_wconf 88' lang='lat' dir='ltr'>unius</span> <span class='ocrx_word' id='word_1_73' title='bbox 968 1321 1030 1385; x_wconf 87' lang='lat' dir='ltr'>viri</span> <span class='ocrx_word' id='word_1_74' title='bbox 1047 1318 1109 1386; x_wconf 87' lang='lat' dir='ltr'>lide</span> <span class='ocrx_word' id='word_1_75' title='bbox 1125 1321 1222 1406; x_wconf 89' lang='lat' dir='ltr'>digni.</span> <span class='ocrx_word' id='word_1_76' title='bbox 1241 1323 1339 1387; x_wconf 86' lang='lat' dir='ltr'>Nimi-</span> 
     </span>
     <span class='ocr_line' id='line_1_10' title="bbox 163 1445 1339 1533; baseline -0.001 -20"><span class='ocrx_word' id='word_1_77' title='bbox 163 1469 235 1515; x_wconf 89' lang='lat' dir='ltr'>rum</span> <span class='ocrx_word' id='word_1_78' title='bbox 258 1469 323 1514; x_wconf 88' lang='lat' dir='ltr'>non</span> <span class='ocrx_word' id='word_1_79' title='bbox 346 1449 530 1514; x_wconf 87' lang='lat' dir='ltr'>necessario</span> <span class='ocrx_word' id='word_1_80' title='bbox 555 1447 788 1533; x_wconf 84' lang='lat' dir='ltr'>expostulanda</span> <span class='ocrx_word' id='word_1_81' title='bbox 804 1453 853 1513; x_wconf 82' lang='lat' dir='ltr'>est</span> <span class='ocrx_word' id='word_1_82' title='bbox 869 1447 1044 1512; x_wconf 81' lang='lat' dir='ltr'>auctoritas</span> <span class='ocrx_word' id='word_1_83' title='bbox 1063 1445 1203 1528; x_wconf 80' lang='lat' dir='ltr'>publiea</span> <span class='ocrx_word' id='word_1_84' title='bbox 1224 1447 1339 1512; x_wconf 89' lang='lat' dir='ltr'>eccles.</span> 
     </span>
    </p>
   </div>
   <div class='ocr_carea' id='block_1_3' title="bbox 93 1571 1342 2277">
    <p class='ocr_par' dir='ltr' id='par_1_3' title="bbox 158 1571 727 1656">
     <span class='ocr_line' id='line_1_11' title="bbox 158 1571 727 1656; baseline -0.005 -18"><span class='ocrx_word' id='word_1_85' title='bbox 158 1573 219 1638; x_wconf 85' lang='lat' dir='ltr'>sed</span> <span class='ocrx_word' id='word_1_86' title='bbox 242 1571 360 1639; x_wconf 84' lang='lat' dir='ltr'>sufficit</span> <span class='ocrx_word' id='word_1_87' title='bbox 379 1573 519 1656; x_wconf 86' lang='lat' dir='ltr'>priuata</span> <span class='ocrx_word' id='word_1_88' title='bbox 541 1573 727 1637; x_wconf 87' lang='lat' dir='ltr'>auotoritas.</span> 
     </span>
    </p>

    <p class='ocr_par' dir='ltr' id='par_1_4' title="bbox 93 1693 1342 2154">
     <span class='ocr_line' id='line_1_12' title="bbox 253 1693 1340 1778; baseline -0.001 -16"><span class='ocrx_word' id='word_1_89' title='bbox 253 1695 329 1762; x_wconf 84' lang='lat'>351.</span> <span class='ocrx_word' id='word_1_90' title='bbox 346 1699 432 1762; x_wconf 85' lang='lat' dir='ltr'>Anr.</span> <span class='ocrx_word' id='word_1_91' title='bbox 450 1697 480 1760; x_wconf 84' lang='grc'>4.</span> <span class='ocrx_word' id='word_1_92' title='bbox 497 1715 515 1758; x_wconf 69' lang='grc' dir='ltr'><strong><em>ι</em></strong></span> <span class='ocrx_word' id='word_1_93' title='bbox 529 1694 624 1760; x_wconf 82' lang='lat' dir='ltr'>Libri</span> <span class='ocrx_word' id='word_1_94' title='bbox 640 1694 838 1761; x_wconf 84' lang='lat' dir='ltr'>eorumdem</span> <span class='ocrx_word' id='word_1_95' title='bbox 855 1699 1034 1761; x_wconf 85' lang='lat' dir='ltr'>auctorum</span> <span class='ocrx_word' id='word_1_96' title='bbox 1051 1693 1111 1778; x_wconf 83' lang='lat' dir='ltr'>qui</span> <span class='ocrx_word' id='word_1_97' title='bbox 1126 1712 1171 1760; x_wconf 85' lang='lat' dir='ltr'>ecc</span> <span class='ocrx_word' id='word_1_98' title='bbox 1182 1693 1340 1778; x_wconf 76' lang='lat' dir='ltr'>professo</span> 
     </span>
     <span class='ocr_line' id='line_1_13' title="bbox 93 1818 1341 1908; baseline -0.001 -22"><span class='ocrx_word' id='word_1_99' title='bbox 93 1888 100 1901; x_wconf 71' lang='grc'>,</span> <span class='ocrx_word' id='word_1_100' title='bbox 159 1821 206 1888; x_wconf 78' lang='lat' dir='ltr'>cte</span> <span class='ocrx_word' id='word_1_101' title='bbox 228 1821 394 1908; x_wconf 81' lang='lat' dir='ltr'>relipione</span> <span class='ocrx_word' id='word_1_102' title='bbox 415 1839 486 1887; x_wconf 89' lang='lat' dir='ltr'>non</span> <span class='ocrx_word' id='word_1_103' title='bbox 509 1823 657 1886; x_wconf 88' lang='lat' dir='ltr'>tractant</span> <span class='ocrx_word' id='word_1_104' title='bbox 681 1819 740 1884; x_wconf 82' lang='lat' dir='ltr'>secl</span> <span class='ocrx_word' id='word_1_105' title='bbox 772 1818 880 1885; x_wconf 88' lang='lat' dir='ltr'>obiter</span> <span class='ocrx_word' id='word_1_106' title='bbox 912 1825 1043 1884; x_wconf 85' lang='lat' dir='ltr'>tanturn</span> <span class='ocrx_word' id='word_1_107' title='bbox 1074 1819 1154 1904; x_wconf 78' lang='lat' dir='ltr'>fidei</span> <span class='ocrx_word' id='word_1_108' title='bbox 1183 1820 1341 1886; x_wconf 70' lang='lat' dir='ltr'>unitates</span> 
     </span>
     <span class='ocr_line' id='line_1_14' title="bbox 160 1942 1342 2031; baseline 0.001 -21"><span class='ocrx_word' id='word_1_109' title='bbox 160 1945 345 2031; x_wconf 77' lang='lat' dir='ltr'>uttinpunt</span> <span class='ocrx_word' id='word_1_110' title='bbox 375 1945 452 2010; x_wconf 86' lang='lat' dir='ltr'>iure</span> <span class='ocrx_word' id='word_1_111' title='bbox 483 1944 702 2010; x_wconf 84' lang='lat' dir='ltr'>ecclesiastico</span> <span class='ocrx_word' id='word_1_112' title='bbox 733 1943 897 2026; x_wconf 81' lang='lat' dir='ltr'>prohibiti</span> <span class='ocrx_word' id='word_1_113' title='bbox 933 1963 1003 2010; x_wconf 91' lang='lat' dir='ltr'>non</span> <span class='ocrx_word' id='word_1_114' title='bbox 1036 1942 1203 2010; x_wconf 84' lang='lat' dir='ltr'>hahentur</span> <span class='ocrx_word' id='word_1_115' title='bbox 1233 1945 1342 2011; x_wconf 85' lang='lat' dir='ltr'>donec</span> 
     </span>
     <span class='ocr_line' id='line_1_15' title="bbox 162 2067 983 2154; baseline -0.007 -18"><span class='ocrx_word' id='word_1_116' title='bbox 162 2068 303 2154; x_wconf 84' lang='lat' dir='ltr'>speciali</span> <span class='ocrx_word' id='word_1_117' title='bbox 326 2069 459 2135; x_wconf 86' lang='lat' dir='ltr'>decreto</span> <span class='ocrx_word' id='word_1_118' title='bbox 480 2068 666 2152; x_wconf 75' lang='lat' dir='ltr'>proscripti</span> <span class='ocrx_word' id='word_1_119' title='bbox 689 2067 783 2134; x_wconf 90' lang='lat' dir='ltr'>haud</span> <span class='ocrx_word' id='word_1_120' title='bbox 805 2067 983 2150; x_wconf 73' lang='lat' dir='ltr'>fuerim».</span> 
     </span>
    </p>

    <p class='ocr_par' dir='ltr' id='par_1_5' title="bbox 255 2179 1342 2277">
     <span class='ocr_line' id='line_1_16' title="bbox 255 2179 1342 2277; baseline -0.001 -19"><span class='ocrx_word' id='word_1_121' title='bbox 255 2191 330 2260; x_wconf 78' lang='lat'>352.</span> <span class='ocrx_word' id='word_1_122' title='bbox 356 2193 494 2257; x_wconf 90' lang='lat' dir='ltr'>Tantum</span> <span class='ocrx_word' id='word_1_123' title='bbox 518 2192 645 2258; x_wconf 86' lang='lat' dir='ltr'>adverti</span> <span class='ocrx_word' id='word_1_124' title='bbox 668 2192 772 2266; x_wconf 80' lang='lat' dir='ltr'>debet,</span> <span class='ocrx_word' id='word_1_125' title='bbox 798 2193 856 2258; x_wconf 89' lang='lat' dir='ltr'>hos</span> <span class='ocrx_word' id='word_1_126' title='bbox 885 2192 984 2258; x_wconf 89' lang='lat' dir='ltr'>libros</span> <span class='ocrx_word' id='word_1_127' title='bbox 1009 2195 1062 2277; x_wconf 90' lang='lat' dir='ltr'>qui</span> <span class='ocrx_word' id='word_1_128' title='bbox 1089 2193 1165 2260; x_wconf 85' lang='lat' dir='ltr'>iure</span> <span class='ocrx_word' id='word_1_129' title='bbox 1181 2179 1342 2260; x_wconf 40' lang='lat' dir='ltr'>&#39;ecolesm-</span> 
     </span>
    </p>
   </div>
   <div class='ocr_carea' id='block_1_4' title="bbox 159 2316 1344 2775">
    <p class='ocr_par' dir='ltr' id='par_1_6' title="bbox 159 2316 1344 2775">
     <span class='ocr_line' id='line_1_17' title="bbox 159 2316 1343 2405; baseline -0.001 -22"><span class='ocrx_word' id='word_1_130' title='bbox 159 2317 245 2385; x_wconf 86' lang='lat' dir='ltr'>stico</span> <span class='ocrx_word' id='word_1_131' title='bbox 269 2316 421 2405; x_wconf 91' lang='lat' dir='ltr'>prohibiti</span> <span class='ocrx_word' id='word_1_132' title='bbox 445 2337 509 2382; x_wconf 92' lang='lat' dir='ltr'>non</span> <span class='ocrx_word' id='word_1_133' title='bbox 540 2323 614 2385; x_wconf 89' lang='lat' dir='ltr'>suut</span> <span class='ocrx_word' id='word_1_134' title='bbox 644 2320 760 2404; x_wconf 87' lang='lat' dir='ltr'>quippe</span> <span class='ocrx_word' id='word_1_135' title='bbox 795 2318 901 2384; x_wconf 87' lang='lat' dir='ltr'>adhuc</span> <span class='ocrx_word' id='word_1_136' title='bbox 932 2319 1063 2404; x_wconf 85' lang='lat' dir='ltr'>speciali</span> <span class='ocrx_word' id='word_1_137' title='bbox 1094 2317 1226 2385; x_wconf 87' lang='lat' dir='ltr'>decreto</span> <span class='ocrx_word' id='word_1_138' title='bbox 1257 2318 1343 2383; x_wconf 89' lang='lat' dir='ltr'>haud</span> 
     </span>
     <span class='ocr_line' id='line_1_18' title="bbox 163 2438 1342 2525; baseline 0 -21"><span class='ocrx_word' id='word_1_139' title='bbox 163 2441 338 2525; x_wconf 87' lang='lat' dir='ltr'>proscripti</span> <span class='ocrx_word' id='word_1_140' title='bbox 355 2439 497 2514; x_wconf 84' lang='lat' dir='ltr'>luerunt,</span> <span class='ocrx_word' id='word_1_141' title='bbox 512 2459 605 2525; x_wconf 88' lang='lat' dir='ltr'>posse</span> <span class='ocrx_word' id='word_1_142' title='bbox 621 2439 797 2524; x_wconf 90' lang='lat' dir='ltr'>prohibitos</span> <span class='ocrx_word' id='word_1_143' title='bbox 814 2439 926 2504; x_wconf 85' lang='lat' dir='ltr'>haberi</span> <span class='ocrx_word' id='word_1_144' title='bbox 942 2440 1019 2505; x_wconf 89' lang='lat' dir='ltr'>iure</span> <span class='ocrx_word' id='word_1_145' title='bbox 1033 2442 1187 2506; x_wconf 85' lang='lat' dir='ltr'>naturali</span> <span class='ocrx_word' id='word_1_146' title='bbox 1200 2438 1239 2505; x_wconf 90' lang='lat' dir='ltr'>ob</span> <span class='ocrx_word' id='word_1_147' title='bbox 1256 2441 1342 2524; x_wconf 88' lang='lat' dir='ltr'>peri-</span> 
     </span>
     <span class='ocr_line' id='line_1_19' title="bbox 165 2561 1344 2652; baseline 0.002 -24"><span class='ocrx_word' id='word_1_148' title='bbox 165 2565 283 2638; x_wconf 91' lang='lat' dir='ltr'>culum,</span> <span class='ocrx_word' id='word_1_149' title='bbox 308 2563 382 2630; x_wconf 92' lang='lat' dir='ltr'>inde</span> <span class='ocrx_word' id='word_1_150' title='bbox 406 2561 569 2650; x_wconf 88' lang='lat' dir='ltr'>profluens</span> <span class='ocrx_word' id='word_1_151' title='bbox 593 2564 717 2628; x_wconf 87' lang='lat' dir='ltr'>cuidam</span> <span class='ocrx_word' id='word_1_152' title='bbox 732 2564 890 2649; x_wconf 83' lang='lat' dir='ltr'>singulari</span> <span class='ocrx_word' id='word_1_153' title='bbox 906 2564 1031 2638; x_wconf 87' lang='lat' dir='ltr'>lectori,</span> <span class='ocrx_word' id='word_1_154' title='bbox 1048 2567 1093 2630; x_wconf 89' lang='lat' dir='ltr'>uti</span> <span class='ocrx_word' id='word_1_155' title='bbox 1111 2566 1344 2652; x_wconf 79' lang='lat' dir='ltr'>explicavimus</span> 
     </span>
     <span class='ocr_line' id='line_1_20' title="bbox 162 2687 1283 2775; baseline 0.001 -22"><span class='ocrx_word' id='word_1_156' title='bbox 162 2707 274 2774; x_wconf 84' lang='lat' dir='ltr'>supra.</span> <span class='ocrx_word' id='word_1_157' title='bbox 300 2687 371 2753; x_wconf 88' lang='lat' dir='ltr'>Hoc</span> <span class='ocrx_word' id='word_1_158' title='bbox 394 2688 530 2752; x_wconf 88' lang='lat' dir='ltr'>articulo</span> <span class='ocrx_word' id='word_1_159' title='bbox 555 2688 681 2772; x_wconf 85' lang='lat' dir='ltr'>penitus</span> <span class='ocrx_word' id='word_1_160' title='bbox 703 2690 870 2752; x_wconf 89' lang='lat' dir='ltr'>immutata</span> <span class='ocrx_word' id='word_1_161' title='bbox 893 2693 942 2754; x_wconf 89' lang='lat' dir='ltr'>est</span> <span class='ocrx_word' id='word_1_162' title='bbox 965 2687 1047 2775; x_wconf 84' lang='lat' dir='ltr'>Rep.</span> <span class='ocrx_word' id='word_1_163' title='bbox 1074 2689 1119 2754; x_wconf 87' lang='lat' dir='ltr'>ll.</span> <span class='ocrx_word' id='word_1_164' title='bbox 1145 2689 1283 2756; x_wconf 84' lang='lat' dir='ltr'>Indicis.</span> 
     </span>
    </p>
   </div>
   <div class='ocr_carea' id='block_1_5' title="bbox 280 2953 1232 3166">
    <p class='ocr_par' dir='ltr' id='par_1_7' title="bbox 280 2953 1232 3166">
     <span class='ocr_line' id='line_1_21' title="bbox 402 2953 1112 3042; baseline 0.004 -24"><span class='ocrx_word' id='word_1_165' title='bbox 402 2956 423 3036; x_wconf 64' lang='grc' dir='ltr'><strong>ἓ</strong></span> <span class='ocrx_word' id='word_1_166' title='bbox 447 2953 478 3019; x_wconf 88' lang='lat'>3.</span> <span class='ocrx_word' id='word_1_167' title='bbox 503 2953 553 3020; x_wconf 89' lang='lat' dir='ltr'>De</span> <span class='ocrx_word' id='word_1_168' title='bbox 575 2953 777 3021; x_wconf 83' lang='lat' dir='ltr'>editionibus</span> <span class='ocrx_word' id='word_1_169' title='bbox 801 2960 911 3020; x_wconf 74' lang='lat' dir='ltr'>tentus</span> <span class='ocrx_word' id='word_1_170' title='bbox 935 2955 1112 3042; x_wconf 77' lang='lat' dir='ltr'>oripinalis</span> 
     </span>
     <span class='ocr_line' id='line_1_22' title="bbox 280 3077 1232 3166; baseline 0 -22"><span class='ocrx_word' id='word_1_171' title='bbox 280 3084 312 3144; x_wconf 88' lang='lat' dir='ltr'>et</span> <span class='ocrx_word' id='word_1_172' title='bbox 335 3079 528 3145; x_wconf 78' lang='lat' dir='ltr'>versionum</span> <span class='ocrx_word' id='word_1_173' title='bbox 554 3097 623 3145; x_wconf 89' lang='lat' dir='ltr'>non</span> <span class='ocrx_word' id='word_1_174' title='bbox 653 3079 848 3166; x_wconf 71' lang='lat' dir='ltr'>vulpariolo</span> <span class='ocrx_word' id='word_1_175' title='bbox 874 3077 1002 3146; x_wconf 81' lang='lat' dir='ltr'>Sacrae</span> <span class='ocrx_word' id='word_1_176' title='bbox 1024 3077 1232 3162; x_wconf 83' lang='lat' dir='ltr'>Scripturae.</span> 
     </span>
    </p>
   </div>
   <div class='ocr_carea' id='block_1_6' title="bbox 452 3235 1061 3291">
    <p class='ocr_par' dir='ltr' id='par_1_8' title="bbox 452 3235 1061 3291">
     <span class='ocr_line' id='line_1_23' title="bbox 452 3235 1061 3291; baseline 0.003 -13"><span class='ocrx_word' id='word_1_177' title='bbox 452 3237 503 3278; x_wconf 85' lang='lat' dir='ltr'>lluc</span> <span class='ocrx_word' id='word_1_178' title='bbox 517 3235 631 3278; x_wconf 78' lang='lat' dir='ltr'>reseratur</span> <span class='ocrx_word' id='word_1_179' title='bbox 644 3241 714 3290; x_wconf 87' lang='lat' dir='ltr'>caput</span> <span class='ocrx_word' id='word_1_180' title='bbox 729 3235 769 3288; x_wconf 86' lang='lat'>11.‚</span> <span class='ocrx_word' id='word_1_181' title='bbox 784 3235 820 3281; x_wconf 86' lang='lat' dir='ltr'>tit.</span> <span class='ocrx_word' id='word_1_182' title='bbox 835 3236 855 3280; x_wconf 68' lang='grc' dir='ltr'>Ι.</span> <span class='ocrx_word' id='word_1_183' title='bbox 870 3237 903 3278; x_wconf 83' lang='lat' dir='ltr'>ita</span> <span class='ocrx_word' id='word_1_184' title='bbox 917 3237 1061 3291; x_wconf 84' lang='lat' dir='ltr'>inscriptum.</span> 
     </span>
    </p>
   </div>
   <div class='ocr_carea' id='block_1_7' title="bbox 165 3413 1347 3588">
    <p class='ocr_par' dir='ltr' id='par_1_9' title="bbox 165 3413 1347 3588">
     <span class='ocr_line' id='line_1_24' title="bbox 165 3413 1347 3472; baseline 0.001 -1"><span class='ocrx_word' id='word_1_185' title='bbox 165 3414 386 3471; x_wconf 80' lang='lat' dir='ltr'>summarium.</span> <span class='ocrx_word' id='word_1_186' title='bbox 400 3441 433 3456; x_wconf 93' lang='lat'>-</span> <span class='ocrx_word' id='word_1_187' title='bbox 447 3413 507 3468; x_wconf 89' lang='grc'><strong>353.</strong></span> <span class='ocrx_word' id='word_1_188' title='bbox 524 3413 654 3470; x_wconf 83' lang='lat' dir='ltr'>Refertur</span> <span class='ocrx_word' id='word_1_189' title='bbox 665 3425 719 3470; x_wconf 84' lang='lat' dir='ltr'>art.</span> <span class='ocrx_word' id='word_1_190' title='bbox 732 3417 761 3468; x_wconf 88' lang='lat'>5.</span> <span class='ocrx_word' id='word_1_191' title='bbox 777 3443 810 3456; x_wconf 91' lang='lat'><em>-</em></span> <span class='ocrx_word' id='word_1_192' title='bbox 824 3414 885 3469; x_wconf 77' lang='grc'><strong>354.</strong></span> <span class='ocrx_word' id='word_1_193' title='bbox 905 3415 1118 3472; x_wconf 82' lang='lat' dir='ltr'>commentatio.</span> <span class='ocrx_word' id='word_1_194' title='bbox 1132 3445 1167 3459; x_wconf 95' lang='lat'><em>-</em></span> <span class='ocrx_word' id='word_1_195' title='bbox 1180 3416 1241 3472; x_wconf 85' lang='lat'>355.</span> <span class='ocrx_word' id='word_1_196' title='bbox 1262 3417 1347 3472; x_wconf 83' lang='lat' dir='ltr'>Rele-</span> 
     </span>
     <span class='ocr_line' id='line_1_25' title="bbox 259 3521 1007 3588; baseline 0.001 -14"><span class='ocrx_word' id='word_1_197' title='bbox 259 3527 359 3575; x_wconf 88' lang='lat' dir='ltr'>runtur</span> <span class='ocrx_word' id='word_1_198' title='bbox 376 3522 493 3576; x_wconf 80' lang='lat' dir='ltr'>articuli</span> <span class='ocrx_word' id='word_1_199' title='bbox 513 3521 541 3588; x_wconf 86' lang='lat'>6,</span> <span class='ocrx_word' id='word_1_200' title='bbox 564 3523 591 3588; x_wconf 82' lang='lat'>7,</span> <span class='ocrx_word' id='word_1_201' title='bbox 612 3523 640 3576; x_wconf 89' lang='grc'>8.</span> <span class='ocrx_word' id='word_1_202' title='bbox 660 3551 694 3564; x_wconf 96' lang='grc'><strong>-</strong></span> <span class='ocrx_word' id='word_1_203' title='bbox 713 3521 773 3577; x_wconf 89' lang='grc'><strong>356.</strong></span> <span class='ocrx_word' id='word_1_204' title='bbox 794 3521 1007 3578; x_wconf 80' lang='lat' dir='ltr'>commentatio.</span> 
     </span>
    </p>
   </div>
   <div class='ocr_carea' id='block_1_8' title="bbox 165 3676 1351 4515">
    <p class='ocr_par' dir='ltr' id='par_1_10' title="bbox 165 3676 1351 4515">
     <span class='ocr_line' id='line_1_26' title="bbox 261 3676 1348 3772; baseline 0.002 -24"><span class='ocrx_word' id='word_1_205' title='bbox 261 3683 336 3748; x_wconf 87' lang='lat'><strong>353.</strong></span> <span class='ocrx_word' id='word_1_206' title='bbox 361 3684 445 3749; x_wconf 75' lang='lat' dir='ltr'>Ast.</span> <span class='ocrx_word' id='word_1_207' title='bbox 464 3683 495 3748; x_wconf 88' lang='lat'>5.</span> <span class='ocrx_word' id='word_1_208' title='bbox 515 3684 723 3751; x_wconf 81' lang='lat' dir='ltr'>«Editiones</span> <span class='ocrx_word' id='word_1_209' title='bbox 747 3687 858 3750; x_wconf 80' lang='lat' dir='ltr'>tealus</span> <span class='ocrx_word' id='word_1_210' title='bbox 881 3685 1059 3772; x_wconf 84' lang='lat' dir='ltr'>oripinalis</span> <span class='ocrx_word' id='word_1_211' title='bbox 1078 3689 1110 3750; x_wconf 89' lang='lat' dir='ltr'>et</span> <span class='ocrx_word' id='word_1_212' title='bbox 1125 3676 1348 3770; x_wconf 80' lang='lat' dir='ltr'>antiquarum</span> 
     </span>
     <span class='ocr_line' id='line_1_27' title="bbox 168 3807 1350 3894; baseline 0.003 -21"><span class='ocrx_word' id='word_1_213' title='bbox 168 3807 367 3875; x_wconf 75' lang='lat' dir='ltr'>versionum</span> <span class='ocrx_word' id='word_1_214' title='bbox 390 3809 634 3875; x_wconf 86' lang='lat' dir='ltr'>catholicarum</span> <span class='ocrx_word' id='word_1_215' title='bbox 657 3807 787 3876; x_wconf 63' lang='lat' dir='ltr'>Sacrae</span> <span class='ocrx_word' id='word_1_216' title='bbox 819 3811 1017 3894; x_wconf 66' lang='lat' dir='ltr'>Scripturae</span> <span class='ocrx_word' id='word_1_217' title='bbox 1048 3809 1150 3877; x_wconf 88' lang='lat' dir='ltr'>etiarn</span> <span class='ocrx_word' id='word_1_218' title='bbox 1180 3813 1350 3878; x_wconf 78' lang='lat' dir='ltr'>Ecclesiae</span> 
     </span>
     <span class='ocr_line' id='line_1_28' title="bbox 171 3927 1349 4018; baseline 0.003 -22"><span class='ocrx_word' id='word_1_219' title='bbox 171 3929 354 3996; x_wconf 69' lang='lat' dir='ltr'>omentalis</span> <span class='ocrx_word' id='word_1_220' title='bbox 377 3930 420 3997; x_wconf 84' lang='lat' dir='ltr'>ab</span> <span class='ocrx_word' id='word_1_221' title='bbox 443 3933 640 3999; x_wconf 80' lang='lat' dir='ltr'>acatholicis</span> <span class='ocrx_word' id='word_1_222' title='bbox 663 3933 929 4018; x_wconf 83' lang='lat' dir='ltr'>quibuscumque</span> <span class='ocrx_word' id='word_1_223' title='bbox 955 3932 1151 4016; x_wconf 82' lang='lat' dir='ltr'>publicatae</span> <span class='ocrx_word' id='word_1_224' title='bbox 1171 3933 1238 4000; x_wconf 23' lang='lat' dir='ltr'>&#39;etsi</span> <span class='ocrx_word' id='word_1_225' title='bbox 1267 3927 1349 4018; x_wconf 80' lang='lat' dir='ltr'>fide-</span> 
     </span>
     <span class='ocr_line' id='line_1_29' title="bbox 170 4053 1351 4142; baseline 0.004 -24"><span class='ocrx_word' id='word_1_226' title='bbox 170 4053 248 4119; x_wconf 88' lang='lat' dir='ltr'>liter</span> <span class='ocrx_word' id='word_1_227' title='bbox 276 4059 308 4120; x_wconf 92' lang='lat' dir='ltr'>et</span> <span class='ocrx_word' id='word_1_228' title='bbox 336 4055 467 4142; x_wconf 82' lang='lat' dir='ltr'>intepre</span> <span class='ocrx_word' id='word_1_229' title='bbox 497 4056 607 4122; x_wconf 88' lang='lat' dir='ltr'>editae</span> <span class='ocrx_word' id='word_1_230' title='bbox 638 4064 833 4140; x_wconf 88' lang='lat' dir='ltr'>appareant</span> <span class='ocrx_word' id='word_1_231' title='bbox 862 4057 903 4122; x_wconf 85' lang='lat' dir='ltr'>iis</span> <span class='ocrx_word' id='word_1_232' title='bbox 934 4057 1118 4124; x_wconf 81' lang='lat' dir='ltr'>durrntaorat</span> <span class='ocrx_word' id='word_1_233' title='bbox 1145 4057 1204 4142; x_wconf 82' lang='lat' dir='ltr'>qui</span> <span class='ocrx_word' id='word_1_234' title='bbox 1229 4058 1351 4124; x_wconf 88' lang='lat' dir='ltr'>studiis</span> 
     </span>
     <span class='ocr_line' id='line_1_30' title="bbox 172 4177 1351 4266; baseline 0.005 -24"><span class='ocrx_word' id='word_1_235' title='bbox 172 4177 365 4266; x_wconf 81' lang='lat' dir='ltr'>theolopicis</span> <span class='ocrx_word' id='word_1_236' title='bbox 387 4180 438 4246; x_wconf 85' lang='lat' dir='ltr'>uel</span> <span class='ocrx_word' id='word_1_237' title='bbox 467 4179 595 4247; x_wconf 86' lang='lat' dir='ltr'>hihticis</span> <span class='ocrx_word' id='word_1_238' title='bbox 622 4182 706 4247; x_wconf 86' lang='lat' dir='ltr'>dant</span> <span class='ocrx_word' id='word_1_239' title='bbox 736 4200 886 4264; x_wconf 83' lang='lat' dir='ltr'>operam,</span> <span class='ocrx_word' id='word_1_240' title='bbox 920 4181 1106 4248; x_wconf 84' lang='lat' dir='ltr'>dummodo</span> <span class='ocrx_word' id='word_1_241' title='bbox 1137 4187 1251 4248; x_wconf 88' lang='lat' dir='ltr'>tamen</span> <span class='ocrx_word' id='word_1_242' title='bbox 1280 4202 1351 4249; x_wconf 90' lang='lat' dir='ltr'>non</span> 
     </span>
     <span class='ocr_line' id='line_1_31' title="bbox 167 4302 1350 4390; baseline -0.002 -16"><span class='ocrx_word' id='word_1_243' title='bbox 167 4302 418 4390; x_wconf 76' lang='lat' dir='ltr'>impupaenur</span> <span class='ocrx_word' id='word_1_244' title='bbox 440 4304 478 4371; x_wconf 87' lang='lat' dir='ltr'>in</span> <span class='ocrx_word' id='word_1_245' title='bbox 497 4307 751 4389; x_wconf 82' lang='lat' dir='ltr'>prolepomenis</span> <span class='ocrx_word' id='word_1_246' title='bbox 773 4311 833 4371; x_wconf 90' lang='lat' dir='ltr'>aut</span> <span class='ocrx_word' id='word_1_247' title='bbox 862 4305 1137 4374; x_wconf 78' lang='lat' dir='ltr'>adnotationibus</span> <span class='ocrx_word' id='word_1_248' title='bbox 1165 4307 1350 4373; x_wconf 87' lang='lat' dir='ltr'>catholicae</span> 
     </span>
     <span class='ocr_line' id='line_1_32' title="bbox 165 4425 763 4515; baseline 0.003 -23"><span class='ocrx_word' id='word_1_249' title='bbox 165 4425 249 4510; x_wconf 77' lang='lat' dir='ltr'>fidei</span> <span class='ocrx_word' id='word_1_250' title='bbox 272 4429 446 4515; x_wconf 80' lang='lat' dir='ltr'>doprnata</span> <span class='ocrx_word' id='word_1_251' title='bbox 467 4431 715 4514; x_wconf 84' lang='lat' dir='ltr'>permittuntur</span> <span class='ocrx_word' id='word_1_252' title='bbox 733 4451 763 4494; x_wconf 86' lang='lat'>&gt;.</span> 
     </span>
    </p>
   </div>
   <div class='ocr_carea' id='block_1_9' title="bbox 0 0 1675 5108">
    <p class='ocr_par' dir='ltr' id='par_1_11' title="bbox 0 0 1675 5108">
     <span class='ocr_line' id='line_1_33' title="bbox 0 0 1675 5108; baseline 0 0"><span class='ocrx_word' id='word_1_253' title='bbox 0 0 1675 5108; x_wconf 95' lang='lat' dir='ltr'> </span> 
     </span>
    </p>
   </div>
  </div>
 </body>
</html>
