3312 5108
544 293 589 339 un
612 291 766 340 nnnrcms
791 293 833 340 nr
858 294 976 340 ronsrs
1123 347 1124 355 χ
1307 275 1347 339 15

166 437 234 482 non
266 421 391 481 tantum
422 415 462 481 ob
494 421 680 482 aeternam
713 417 831 482 iunium
861 417 1036 484 laesionem
1066 418 1143 484 dolo
1168 423 1347 503 patratam;

165 541 226 608 sed
250 543 349 607 etiarn
372 539 412 605 ob
435 540 658 609 intrinsecam
681 548 773 609 actus
797 545 973 627 nequitiam
996 564 1054 610 seu
1077 543 1252 610 laesionem
1272 563 1349 609 mu·

163 687 296 736 aeram
318 667 515 734 moralium.
541 669 641 752 Atqui
665 667 705 732 de
728 667 865 734 interna
889 673 1027 734 actuum
1042 671 1236 736 moralitate
1251 669 1350 734 homi·

166 813 227 858 nes
252 793 417 856 rationem
441 791 582 857 reddunt
605 793 682 865 Deo,
709 813 774 858 non
798 793 909 859 sociali
931 796 1125 860 auctoritati.

263 915 443 998 Perspicua
455 920 503 978 est
519 915 643 979 veritas
659 915 754 980 huius
770 915 946 995 doctrinae,
963 918 1080 1003 quippe
1095 917 1200 999 home,
1218 919 1272 1002 qui
1287 937 1350 982 aa·

174 1037 332 1104 turatiter
356 1057 421 1102 non
443 1037 698 1106 accidentaliter
719 1045 776 1105 aut
806 1040 1105 1108 concentioncltter
1135 1047 1183 1108 est
1213 1042 1350 1122 socialis,

176 1164 210 1226 in
245 1162 401 1228 societate
439 1183 514 1226 suas
553 1162 727 1228 facultates
758 1163 912 1229 evolvere
950 1163 1045 1229 debet
1074 1165 1115 1230 ad
1149 1163 1245 1230 finem
1283 1171 1352 1231 tum

176 1289 209 1350 in
242 1285 306 1352 hoc
341 1285 459 1351 mundo
494 1292 563 1350 tum
598 1289 632 1353 in
668 1287 778 1354 futuro
812 1289 942 1354 saeculo
975 1289 1226 1372 assequendum.
1264 1291 1351 1356 Hinc

172 1409 370 1474 ordinationi
398 1411 563 1476 societatis
590 1417 720 1496 praeest
744 1396 978 1477 ordo'moralis
1009 1417 1041 1476 et
1070 1413 1149 1478 ordo
1180 1415 1297 1478 iurium
1322 1419 1354 1479 et

174 1535 355 1600 officiorum
373 1541 439 1600 tum
456 1535 621 1600 hominum
641 1537 841 1622 singulorum
856 1541 923 1603 tum
940 1537 1105 1602 hominum
1127 1540 1354 1604 universorum

180 1663 215 1723 in
238 1661 423 1726 societatem
446 1657 704 1726 coalescentium.
731 1659 820 1728 Ordo
843 1661 971 1727 socialis
994 1667 1042 1726 est
1065 1661 1202 1728 medium
1218 1662 1258 1727 ad
1278 1662 1355 1728 obti-

180 1783 316 1850 nendum
341 1783 487 1848 ordinem
505 1783 669 1848 moralem.
695 1784 728 1850 Si
743 1785 893 1850 turbetur
908 1785 987 1850 ordo
1011 1786 1148 1859 socialis,
1165 1786 1249 1851 unde
1265 1807 1355 1871 prae-

173 1909 303 1994 peditur
327 1909 512 1974 consecutio
540 1909 661 1974 ordinis
696 1910 837 1986 moralis,
862 1913 1002 1995 suppetit
1036 1911 1175 1975 medium
1211 1911 1351 1976 iustitiae

174 2036 340 2099 humanae
368 2034 496 2100 socialis
525 2035 621 2100 etiam
649 2036 845 2101 coercitivae
868 2035 908 2100 ad
934 2035 1178 2102 restaurandum
1209 2037 1356 2102 ordinem

177 2157 313 2222 laesum.
349 2157 401 2222 En
435 2159 537 2230 ratio,
562 2177 603 2221 en
634 2157 875 2224 tundamentum
910 2177 1098 2242 poenarum.
1134 2157 1196 2224 Sed
1227 2159 1356 2241 inquam

176 2318 194 2331 -
221 2281 362 2346 medium
386 2283 527 2346 iustitiae
550 2281 711 2346 humanae
734 2285 862 2347 socialis
885 2285 980 2348 etiam
1004 2283 1201 2349 coecilia-ae
1227 2319 1244 2330 -
1278 2303 1352 2346 nam

179 2414 321 2494 poteslas
352 2409 494 2475 bumana
525 2407 654 2476 socialis
677 2410 718 2475 ad
743 2410 888 2474 ordinem
919 2411 1069 2475 socialem
1097 2409 1356 2493 consequendum

183 2534 295 2618 plures
316 2533 414 2600 babet
442 2534 633 2598 functiones.
654 2533 812 2599 Incumbit
830 2533 869 2598 ad
887 2536 1004 2599 cirium
1021 2534 1190 2600 facultates
1206 2532 1357 2618 physicas

181 2665 214 2722 et
243 2657 384 2721 morales
417 2656 630 2728 evolvendas,
664 2677 723 2741 per
749 2654 925 2739 publicam
947 2657 1072 2722 arium
1095 2655 1358 2736 institutionem

182 2777 223 2841 ad
246 2780 402 2842 maiorem
427 2777 675 2862 comparandam
699 2777 881 2843 divitiarum
906 2780 1027 2862 copiam
1053 2777 1231 2861 harumque
1247 2777 1358 2842 melio-

184 2921 253 2966 rem
269 2901 526 2967 distributionem
543 2904 629 2966 inter
645 2901 742 2970 eires,
767 2922 827 2987 per
851 2903 938 2988 tapes
957 2901 1093 2984 politice
1117 2901 1357 2970 oeconomicus,

181 3026 222 3090 ad
243 3025 494 3090 restaurandum
511 3025 658 3090 ordinem
676 3027 846 3092 iuridicum
868 3028 985 3090 iurium
1002 3026 1154 3106 civilium,
1178 3045 1236 3110 per
1260 3025 1360 3089 admi-

182 3151 408 3216 nistrationem
432 3151 579 3216 iustitiae
603 3151 761 3216 ciciliam
786 3151 910 3215 iudiciis
934 3149 1090 3222 civilibus,
1113 3157 1146 3213 et
1168 3149 1295 3214 demum
1319 3150 1358 3214 ad

185 3277 323 3340 crimina
345 3277 586 3360 praevenienda
601 3297 660 3362 per
675 3278 909 3363 mapisterium
922 3276 1062 3359 potitiae
1084 3281 1117 3340 et
1140 3275 1179 3339 ad
1204 3295 1243 3338 ea
1267 3295 1358 3340 coer·

191 3400 289 3464 canda
312 3401 435 3485 poenis,
461 3403 597 3485 praevia
619 3401 808 3486 capnitioae
831 3401 994 3475 iudiciali,
1012 3421 1071 3486 per
1087 3403 1278 3467 exercitium
1297 3421 1358 3484 po-

189 3521 311 3588 testatis
329 3524 499 3605 poenalis.

276 3647 347 3710 Hoc
374 3651 516 3732 systema
545 3647 634 3712 audit
656 3652 801 3733 systema
825 3647 1003 3713 critniaate
1024 3647 1223 3718 iamdictam,
1248 3652 1359 3732 utpote

182 3767 272 3852 quod
285 3771 448 3835 constituit
471 3787 606 3854 poenam
630 3790 701 3835 esse
725 3771 834 3835 intime
858 3770 1012 3834 moralem
1037 3777 1069 3836 et
1092 3771 1269 3844 iuridicam,
1288 3773 1361 3854 quia

184 3893 332 3958 continet
366 3897 633 3960 restaurationem
669 3895 790 3961 ordinis
815 3897 953 3960 iustitiae
976 3896 1105 3960 socialis
1128 3917 1186 3980 per
1208 3896 1359 3962 delictum

185 4015 357 4082 deturbati.
384 4017 545 4091 Quocirca
574 4019 665 4098 etsi,
691 4039 750 4103 per
781 4017 940 4093 accidens,
966 4018 1070 4083 desint
1101 4020 1155 4082 alii
1186 4039 1362 4104 poenarum

186 4140 345 4206 salutares
369 4139 512 4224 effectus,
538 4148 570 4208 et
593 4145 737 4208 societati
762 4149 794 4207 et
817 4143 989 4208 criminoso
1014 4143 1105 4207 nulla
1121 4164 1162 4209 ex
1186 4163 1288 4227 poena
1313 4143 1363 4208 ob·

184 4267 296 4332 veniat
308 4268 438 4342 utilitas,
455 4273 563 4334 tamen
587 4270 710 4334 crimen
727 4269 916 4353 impunitum
933 4268 1072 4333 evadere
1089 4289 1152 4332 non
1169 4267 1272 4349 debet,
1290 4270 1364 4354 quia

185 4391 267 4456 ordo
280 4397 438 4457 externus
454 4393 592 4457 iustiliae
603 4393 729 4458 socialis
745 4393 814 4457 vult
826 4398 858 4457 et
877 4393 1037 4468 inclamat,
1055 4398 1091 4457 ut
1107 4393 1223 4458 malum
1241 4413 1363 4478 poenae
