3302 5100
396 535 628 676 moer
665 571 1122 682 §ruorrrcus

690 829 823 840 *—

637 1091 799 1171 LIBER
825 1091 878 1170 ll.

244 1289 299 1356 De
322 1291 475 1360 Iudiciis
499 1293 770 1362 criminalibus
793 1298 832 1362 in
856 1315 997 1380 genere
1020 1302 1059 1366 et
1081 1299 1122 1366 in
1142 1299 1269 1382 specle

299 1407 355 1474 De
378 1407 535 1476 Deliciis
558 1413 598 1477 et
620 1411 758 1478 Poenis
777 1414 996 1482 Praemisso
1013 1413 1211 1485 Tractatu.

634 1675 880 1736 PROOEMIUM

166 1831 206 1893 N.
230 1831 286 1891 1-4
295 1879 1156 1902 ..................
1194 1855 1272 1916 paq.
1294 1835 1349 1897 3-5

572 2062 685 2132 tlBEli
711 2064 744 2132 ΙΙ.
765 2099 780 2112 -
803 2064 904 2133 rins
928 2066 948 2134 Ι.

526 2204 574 2274 De
603 2205 752 2275 delictis
780 2213 815 2276 et
843 2209 984 2292 poenis.

648 2442 822 2502 TlTULUS
843 2443 867 2505 l.

552 2617 591 2659 DE
614 2619 752 2662 DELIC'I'IS
775 2617 808 2661 iri
830 2619 966 2664 GENERE.

189 2781 218 2844 5.
239 2783 364 2844 Notioni
385 2785 518 2846 oriminis
540 2788 764 2864 praemittenda
785 2790 833 2848 est
852 2787 1003 2866 inquisitio
1032 2789 1068 2848 de
1089 2807 1208 2868 compe-

278 2892 377 2951 tentia
398 2892 520 2969 poenali
540 2893 697 2954 Ecclesiae
745 2939 1152 2958 .........
1190 2913 1266 2973 paq.
1328 2895 1348 2956 6

187 2995 217 3058 6.
238 2997 417 3058 Differentia
437 3015 515 3076 quae
529 3000 689 3060 intercedit
706 2977 787 3060 iuter
801 3003 1034 3079 competentiam
1049 3001 1208 3079 poenalem

278 3102 519 3165 ecclesiasticam
541 3109 572 3164 et
592 3105 712 3164 civilem
748 3151 1205 3170 ..........
1247 3126 1265 3168 r
1306 3107 1349 3168 ibi
1389 3157 1393 3164 .

684 3312 791 3372 Curur
812 3311 836 3374 l.

223 3484 259 3522 Μ
279 3485 405 3524 aanor!
425 3485 462 3524 ΕΤ
481 3485 674 3525 FUNDAMBNTO
693 3485 867 3526 Porltsmis
889 3486 1027 3526 maratis
1046 3486 1294 3527 Ecctssilsricn.

187 3647 216 3708 7.
238 3645 377 3710 Ecclesia
397 3648 427 3706 in
443 3648 547 3725 poenis
561 3647 726 3708 inferendis
740 3664 801 3709 nou
815 3650 936 3726 spectet
949 3649 988 3708 ad
1003 3650 1208 3710 extrinsecam

280 3754 393 3814 ordinis
414 3751 537 3814 socialis
558 3755 825 3836 restaurationem,
848 3755 953 3814 sedin
974 3755 1078 3832 primis
1100 3755 1140 3816 ad
1163 3756 1208 3814 rei

278 3859 521 3920 emendationem
536 3863 567 3919 et
580 3862 619 3921 ed
634 3864 752 3920 ceteros
763 3878 881 3938 poenae
893 3860 1046 3921 salutares
1058 3860 1181 3921 effectus
1190 3878 1267 3938 pay.
1327 3862 1348 3922 8

187 3965 217 4026 8.
238 3967 397 4032 Quodnam
418 3968 459 4026 sit
479 3966 708 4028 fundamentum
722 3967 884 4044 potestatis
899 3966 1038 4044 poenalis
1052 3968 1207 4028 societatis

193 4139 198 4150 ¹
277 4072 376 4132 civilis
394 4117 853 4137 ..........
890 4089 894 4100 ·
895 4117 1205 4137 .......
1246 4092 1264 4136 >
1327 4075 1347 4133 9

186 4175 215 4239 9.
238 4179 365 4244 Quando
387 4181 419 4238 et
439 4197 533 4257 quare
555 4179 631 4240 haec
652 4180 805 4256 inquisitio
826 4179 968 4240 instituta
992 4179 1106 4242 fuerit.
1148 4225 1156 4242 .
1198 4225 1205 4240 .
1248 4198 1266 4242 >
1300 4180 1348 4260 ‚10

168 4283 216 4347 10.
238 4286 273 4345 lu
288 4285 371 4346 civili
384 4288 531 4348 societate
545 4285 766 4365 praevaluerat
777 4287 823 4347 ius
834 4286 963 4364 poenale
975 4286 1025 4346 vel
1036 4289 1208 4348 Romanum

278 4391 329 4454 rel
350 4393 574 4469 Germanicum,
588 4411 742 4472 quousque
767 4392 889 4454 saeculo
904 4395 1009 4454 XVIII
1031 4393 1123 4454 altius
1137 4411 1209 4454 con·
1240 4415 1242 4420 ’

314 4544 375 4598 Suc.
395 4541 473 4614 Leqa
1204 4540 1240 4596 38
