<?xml version="1.0" encoding="UTF-8"?>
<!DOCTYPE html PUBLIC "-//W3C//DTD XHTML 1.0 Transitional//EN"
    "http://www.w3.org/TR/xhtml1/DTD/xhtml1-transitional.dtd">
<html xmlns="http://www.w3.org/1999/xhtml" xml:lang="en" lang="en">
 <head>
  <title>
</title>
<meta http-equiv="Content-Type" content="text/html;charset=utf-8" />
  <meta name='ocr-system' content='tesseract 3.04.00' />
  <meta name='ocr-capabilities' content='ocr_page ocr_carea ocr_par ocr_line ocrx_word'/>
</head>
<body>
  <div class='ocr_page' id='page_1' title='image "./praelectionesin02legagoog_0540.png"; bbox 0 0 3290 5100; ppageno 0'>
   <div class='ocr_carea' id='block_1_1' title="bbox 546 295 1348 366">
    <p class='ocr_par' dir='ltr' id='par_1_1' title="bbox 546 295 1348 366">
     <span class='ocr_line' id='line_1_1' title="bbox 546 295 1348 366; baseline 0.001 -4"><span class='ocrx_word' id='word_1_1' title='bbox 546 316 589 364; x_wconf 87' lang='lat' dir='ltr'>nn</span> <span class='ocrx_word' id='word_1_2' title='bbox 614 315 768 366; x_wconf 84' lang='lat' dir='ltr'>nnnrcrrs</span> <span class='ocrx_word' id='word_1_3' title='bbox 792 318 834 366; x_wconf 83' lang='lat' dir='ltr'>nr</span> <span class='ocrx_word' id='word_1_4' title='bbox 857 315 977 366; x_wconf 80' lang='lat' dir='ltr'>Possis</span> <span class='ocrx_word' id='word_1_5' title='bbox 1282 295 1348 364; x_wconf 88' lang='lat'>535</span> 
     </span>
    </p>
   </div>
   <div class='ocr_carea' id='block_1_2' title="bbox 172 440 1352 1632">
    <p class='ocr_par' dir='ltr' id='par_1_2' title="bbox 172 440 1352 1151">
     <span class='ocr_line' id='line_1_2' title="bbox 306 440 1350 526; baseline 0 -22"><span class='ocrx_word' id='word_1_6' title='bbox 306 441 339 525; x_wconf 89' lang='lat'>3)</span> <span class='ocrx_word' id='word_1_7' title='bbox 364 442 396 505; x_wconf 89' lang='lat' dir='ltr'>Si</span> <span class='ocrx_word' id='word_1_8' title='bbox 418 460 497 506; x_wconf 83' lang='lat' dir='ltr'>vero</span> <span class='ocrx_word' id='word_1_9' title='bbox 522 441 672 507; x_wconf 77' lang='lat' dir='ltr'>enormis</span> <span class='ocrx_word' id='word_1_10' title='bbox 700 442 810 516; x_wconf 86' lang='lat' dir='ltr'>fuerit,</span> <span class='ocrx_word' id='word_1_11' title='bbox 835 440 867 505; x_wconf 93' lang='lat' dir='ltr'>id</span> <span class='ocrx_word' id='word_1_12' title='bbox 899 444 948 506; x_wconf 87' lang='lat' dir='ltr'>est</span> <span class='ocrx_word' id='word_1_13' title='bbox 979 441 1204 526; x_wconf 76' lang='lat' dir='ltr'>importaverit</span> <span class='ocrx_word' id='word_1_14' title='bbox 1226 441 1350 505; x_wconf 91' lang='lat' dir='ltr'>mutila-</span> 
     </span>
     <span class='ocr_line' id='line_1_3' title="bbox 173 563 1350 639; baseline -0.001 -11"><span class='ocrx_word' id='word_1_15' title='bbox 173 563 302 635; x_wconf 86' lang='lat' dir='ltr'>tionem,</span> <span class='ocrx_word' id='word_1_16' title='bbox 327 583 369 628; x_wconf 82' lang='lat' dir='ltr'>en</span> <span class='ocrx_word' id='word_1_17' title='bbox 393 563 510 636; x_wconf 87' lang='lat' dir='ltr'>Const,</span> <span class='ocrx_word' id='word_1_18' title='bbox 535 563 944 639; x_wconf 58' lang='lat' dir='ltr'>Portunamnetu,</span> <span class='ocrx_word' id='word_1_19' title='bbox 969 564 1019 628; x_wconf 89' lang='lat' dir='ltr'>De</span> <span class='ocrx_word' id='word_1_20' title='bbox 1041 569 1195 628; x_wconf 81' lang='lat' dir='ltr'>senten.</span> <span class='ocrx_word' id='word_1_21' title='bbox 1216 563 1350 628; x_wconf 81' lang='lat' dir='ltr'>-Ioan</span> 
     </span>
     <span class='ocr_line' id='line_1_4' title="bbox 172 687 1348 774; baseline -0.002 -22"><span class='ocrx_word' id='word_1_22' title='bbox 172 688 227 754; x_wconf 87' lang='lat' dir='ltr'>nis</span> <span class='ocrx_word' id='word_1_23' title='bbox 248 688 310 761; x_wconf 80' lang='lat'>22,</span> <span class='ocrx_word' id='word_1_24' title='bbox 329 723 346 736; x_wconf 93' lang='lat'>-</span> <span class='ocrx_word' id='word_1_25' title='bbox 365 689 541 774; x_wconf 84' lang='lat' dir='ltr'>Episcopus</span> <span class='ocrx_word' id='word_1_26' title='bbox 564 688 735 754; x_wconf 86' lang='lat' dir='ltr'>absolvere</span> <span class='ocrx_word' id='word_1_27' title='bbox 758 694 885 774; x_wconf 91' lang='lat' dir='ltr'>poterat</span> <span class='ocrx_word' id='word_1_28' title='bbox 916 707 1126 773; x_wconf 80' lang='lat' dir='ltr'>percussores</span> <span class='ocrx_word' id='word_1_29' title='bbox 1153 687 1348 772; x_wconf 67' lang='lat' dir='ltr'>impuberes</span> 
     </span>
     <span class='ocr_line' id='line_1_5' title="bbox 173 813 1352 900; baseline -0.002 -22"><span class='ocrx_word' id='word_1_30' title='bbox 173 816 241 878; x_wconf 90' lang='lat' dir='ltr'>sive</span> <span class='ocrx_word' id='word_1_31' title='bbox 264 817 341 878; x_wconf 91' lang='lat' dir='ltr'>aute</span> <span class='ocrx_word' id='word_1_32' title='bbox 367 815 435 878; x_wconf 87' lang='lat' dir='ltr'>sive</span> <span class='ocrx_word' id='word_1_33' title='bbox 466 819 536 900; x_wconf 90' lang='lat' dir='ltr'>post</span> <span class='ocrx_word' id='word_1_34' title='bbox 566 813 768 899; x_wconf 84' lang='lat' dir='ltr'>pubertatem</span> <span class='ocrx_word' id='word_1_35' title='bbox 800 815 1045 899; x_wconf 81' lang='lat' dir='ltr'>expostularent</span> <span class='ocrx_word' id='word_1_36' title='bbox 1067 813 1209 888; x_wconf 90' lang='lat' dir='ltr'>absolvi;</span> <span class='ocrx_word' id='word_1_37' title='bbox 1239 817 1271 878; x_wconf 88' lang='lat' dir='ltr'>et</span> <span class='ocrx_word' id='word_1_38' title='bbox 1292 813 1352 876; x_wconf 93' lang='lat' dir='ltr'>hos</span> 
     </span>
     <span class='ocr_line' id='line_1_6' title="bbox 172 939 1348 1025; baseline 0 -21"><span class='ocrx_word' id='word_1_39' title='bbox 172 939 278 1005; x_wconf 87' lang='lat' dir='ltr'>adhuc</span> <span class='ocrx_word' id='word_1_40' title='bbox 305 939 451 1013; x_wconf 82' lang='lat' dir='ltr'>absolvit,</span> <span class='ocrx_word' id='word_1_41' title='bbox 476 945 634 1024; x_wconf 87' lang='lat' dir='ltr'>quatenus</span> <span class='ocrx_word' id='word_1_42' title='bbox 666 941 828 1025; x_wconf 87' lang='lat' dir='ltr'>sequenda</span> <span class='ocrx_word' id='word_1_43' title='bbox 858 942 899 1006; x_wconf 89' lang='lat' dir='ltr'>sit</span> <span class='ocrx_word' id='word_1_44' title='bbox 929 942 1088 1006; x_wconf 89' lang='lat' dir='ltr'>sententia</span> <span class='ocrx_word' id='word_1_45' title='bbox 1118 961 1229 1005; x_wconf 89' lang='lat' dir='ltr'>eorum</span> <span class='ocrx_word' id='word_1_46' title='bbox 1258 945 1348 1005; x_wconf 88' lang='lat' dir='ltr'>autu-</span> 
     </span>
     <span class='ocr_line' id='line_1_7' title="bbox 175 1065 1266 1151; baseline 0.001 -22"><span class='ocrx_word' id='word_1_47' title='bbox 175 1068 338 1138; x_wconf 84' lang='lat' dir='ltr'>mantium,</span> <span class='ocrx_word' id='word_1_48' title='bbox 364 1066 546 1151; x_wconf 89' lang='lat' dir='ltr'>impuberes</span> <span class='ocrx_word' id='word_1_49' title='bbox 568 1087 694 1151; x_wconf 91' lang='lat' dir='ltr'>quoque</span> <span class='ocrx_word' id='word_1_50' title='bbox 717 1068 794 1133; x_wconf 92' lang='lat' dir='ltr'>huic</span> <span class='ocrx_word' id='word_1_51' title='bbox 818 1086 975 1132; x_wconf 87' lang='lat' dir='ltr'>censurae</span> <span class='ocrx_word' id='word_1_52' title='bbox 997 1065 1152 1132; x_wconf 82' lang='lat' dir='ltr'>obnoxios</span> <span class='ocrx_word' id='word_1_53' title='bbox 1176 1085 1266 1140; x_wconf 88' lang='lat' dir='ltr'>esse;</span> 
     </span>
    </p>

    <p class='ocr_par' dir='ltr' id='par_1_3' title="bbox 172 1183 1351 1632">
     <span class='ocr_line' id='line_1_8' title="bbox 308 1183 1350 1277; baseline -0.001 -22"><span class='ocrx_word' id='word_1_54' title='bbox 308 1191 341 1276; x_wconf 74' lang='lat'>4)</span> <span class='ocrx_word' id='word_1_55' title='bbox 366 1193 404 1256; x_wconf 95' lang='lat' dir='ltr'>ln</span> <span class='ocrx_word' id='word_1_56' title='bbox 428 1191 523 1257; x_wconf 91' lang='lat' dir='ltr'>dubio</span> <span class='ocrx_word' id='word_1_57' title='bbox 547 1197 656 1258; x_wconf 88' lang='lat' dir='ltr'>utrum</span> <span class='ocrx_word' id='word_1_58' title='bbox 672 1193 839 1277; x_wconf 84' lang='lat' dir='ltr'>percussio</span> <span class='ocrx_word' id='word_1_59' title='bbox 862 1192 963 1258; x_wconf 86' lang='lat' dir='ltr'>fuerit</span> <span class='ocrx_word' id='word_1_60' title='bbox 979 1191 1060 1258; x_wconf 83' lang='lat' dir='ltr'>leuis</span> <span class='ocrx_word' id='word_1_61' title='bbox 1083 1192 1133 1256; x_wconf 90' lang='lat' dir='ltr'>vel</span> <span class='ocrx_word' id='word_1_62' title='bbox 1152 1183 1276 1276; x_wconf 63' lang='lat' dir='ltr'>‘prauis</span> <span class='ocrx_word' id='word_1_63' title='bbox 1298 1192 1350 1254; x_wconf 85' lang='lat' dir='ltr'>vel</span> 
     </span>
     <span class='ocr_line' id='line_1_9' title="bbox 172 1315 1350 1401; baseline -0.003 -20"><span class='ocrx_word' id='word_1_64' title='bbox 172 1315 329 1389; x_wconf 69' lang='lat' dir='ltr'>ewrmu,</span> <span class='ocrx_word' id='word_1_65' title='bbox 363 1335 415 1380; x_wconf 90' lang='lat' dir='ltr'>res</span> <span class='ocrx_word' id='word_1_66' title='bbox 446 1316 594 1401; x_wconf 83' lang='lat' dir='ltr'>expediri</span> <span class='ocrx_word' id='word_1_67' title='bbox 625 1316 720 1382; x_wconf 90' lang='lat' dir='ltr'>debet</span> <span class='ocrx_word' id='word_1_68' title='bbox 749 1317 882 1382; x_wconf 90' lang='lat' dir='ltr'>attentis</span> <span class='ocrx_word' id='word_1_69' title='bbox 906 1317 1053 1382; x_wconf 90' lang='lat' dir='ltr'>locorum</span> <span class='ocrx_word' id='word_1_70' title='bbox 1079 1321 1111 1380; x_wconf 89' lang='lat' dir='ltr'>et</span> <span class='ocrx_word' id='word_1_71' title='bbox 1135 1335 1350 1400; x_wconf 87' lang='lat' dir='ltr'>personarum</span> 
     </span>
     <span class='ocr_line' id='line_1_10' title="bbox 172 1437 1351 1524; baseline 0.001 -23"><span class='ocrx_word' id='word_1_72' title='bbox 172 1437 346 1514; x_wconf 86' lang='lat' dir='ltr'>adiunctis;</span> <span class='ocrx_word' id='word_1_73' title='bbox 371 1444 404 1503; x_wconf 89' lang='lat' dir='ltr'>at</span> <span class='ocrx_word' id='word_1_74' title='bbox 427 1441 452 1504; x_wconf 89' lang='lat' dir='ltr'>si</span> <span class='ocrx_word' id='word_1_75' title='bbox 478 1439 607 1505; x_wconf 90' lang='lat' dir='ltr'>dubium</span> <span class='ocrx_word' id='word_1_76' title='bbox 631 1444 830 1524; x_wconf 88' lang='lat' dir='ltr'>perseveret,</span> <span class='ocrx_word' id='word_1_77' title='bbox 848 1440 953 1505; x_wconf 91' lang='lat' dir='ltr'>teneri</span> <span class='ocrx_word' id='word_1_78' title='bbox 971 1438 1075 1511; x_wconf 89' lang='lat' dir='ltr'>debet,</span> <span class='ocrx_word' id='word_1_79' title='bbox 1100 1457 1234 1524; x_wconf 85' lang='lat' dir='ltr'>gravem</span> <span class='ocrx_word' id='word_1_80' title='bbox 1252 1438 1351 1502; x_wconf 85' lang='lat' dir='ltr'>luisse</span> 
     </span>
     <span class='ocr_line' id='line_1_11' title="bbox 172 1561 933 1632; baseline 0.008 -8"><span class='ocrx_word' id='word_1_81' title='bbox 172 1561 224 1625; x_wconf 87' lang='lat' dir='ltr'>vel</span> <span class='ocrx_word' id='word_1_82' title='bbox 249 1581 432 1629; x_wconf 90' lang='lat' dir='ltr'>enormem:</span> <span class='ocrx_word' id='word_1_83' title='bbox 457 1565 577 1631; x_wconf 85' lang='lat' dir='ltr'>excit.</span> <span class='ocrx_word' id='word_1_84' title='bbox 603 1567 737 1632; x_wconf 84' lang='lat' dir='ltr'>Extrav.</span> <span class='ocrx_word' id='word_1_85' title='bbox 764 1564 933 1632; x_wconf 84' lang='lat' dir='ltr'>Pertectis.</span> 
     </span>
    </p>
   </div>
   <div class='ocr_carea' id='block_1_3' title="bbox 172 1688 1351 1910">
    <p class='ocr_par' dir='ltr' id='par_1_4' title="bbox 172 1688 1351 1910">
     <span class='ocr_line' id='line_1_12' title="bbox 305 1688 1351 1776; baseline 0 -22"><span class='ocrx_word' id='word_1_86' title='bbox 305 1688 339 1774; x_wconf 87' lang='lat'>5)</span> <span class='ocrx_word' id='word_1_87' title='bbox 364 1691 495 1755; x_wconf 83' lang='lat' dir='ltr'>Domum</span> <span class='ocrx_word' id='word_1_88' title='bbox 511 1690 624 1776; x_wconf 82' lang='lat' dir='ltr'>Legati</span> <span class='ocrx_word' id='word_1_89' title='bbox 647 1691 716 1756; x_wconf 89' lang='lat' dir='ltr'>sive</span> <span class='ocrx_word' id='word_1_90' title='bbox 733 1710 755 1756; x_wconf 91' lang='lat' dir='ltr'>a</span> <span class='ocrx_word' id='word_1_91' title='bbox 771 1694 878 1758; x_wconf 74' lang='lat' dir='ltr'>tatere</span> <span class='ocrx_word' id='word_1_92' title='bbox 893 1693 961 1756; x_wconf 85' lang='lat' dir='ltr'>sive</span> <span class='ocrx_word' id='word_1_93' title='bbox 976 1691 1071 1756; x_wconf 81' lang='lat' dir='ltr'>missi</span> <span class='ocrx_word' id='word_1_94' title='bbox 1094 1695 1227 1775; x_wconf 84' lang='lat' dir='ltr'>possunt</span> <span class='ocrx_word' id='word_1_95' title='bbox 1249 1690 1351 1755; x_wconf 84' lang='lat' dir='ltr'>absol-</span> 
     </span>
     <span class='ocr_line' id='line_1_13' title="bbox 172 1812 1351 1910; baseline 0.003 -38"><span class='ocrx_word' id='word_1_96' title='bbox 172 1828 252 1874; x_wconf 85' lang='lat' dir='ltr'>vere</span> <span class='ocrx_word' id='word_1_97' title='bbox 274 1830 483 1896; x_wconf 88' lang='lat' dir='ltr'>percussores</span> <span class='ocrx_word' id='word_1_98' title='bbox 506 1812 565 1877; x_wconf 90' lang='lat' dir='ltr'>sibi</span> <span class='ocrx_word' id='word_1_99' title='bbox 589 1812 740 1886; x_wconf 84' lang='lat' dir='ltr'>subditos,</span> <span class='ocrx_word' id='word_1_100' title='bbox 759 1814 828 1910; x_wconf 78' lang='lat' dir='ltr'>imo¹</span> <span class='ocrx_word' id='word_1_101' title='bbox 838 1812 951 1898; x_wconf 85' lang='lat' dir='ltr'>Legati</span> <span class='ocrx_word' id='word_1_102' title='bbox 970 1832 992 1878; x_wconf 89' lang='lat' dir='ltr'>a</span> <span class='ocrx_word' id='word_1_103' title='bbox 1008 1815 1113 1878; x_wconf 83' lang='lat' dir='ltr'>tatere</span> <span class='ocrx_word' id='word_1_104' title='bbox 1136 1814 1232 1877; x_wconf 91' lang='lat' dir='ltr'>etiam</span> <span class='ocrx_word' id='word_1_105' title='bbox 1257 1818 1351 1877; x_wconf 87' lang='lat' dir='ltr'>extra</span> 
     </span>
    </p>
   </div>
   <div class='ocr_carea' id='block_1_4' title="bbox 170 1938 1414 3523">
    <p class='ocr_par' dir='ltr' id='par_1_5' title="bbox 172 1938 1350 2146">
     <span class='ocr_line' id='line_1_14' title="bbox 172 1938 1350 2025; baseline 0.004 -26"><span class='ocrx_word' id='word_1_106' title='bbox 172 1955 261 2000; x_wconf 88' lang='lat' dir='ltr'>suam</span> <span class='ocrx_word' id='word_1_107' title='bbox 293 1939 502 2022; x_wconf 85' lang='lat' dir='ltr'>provinciam,</span> <span class='ocrx_word' id='word_1_108' title='bbox 537 1958 600 2002; x_wconf 94' lang='lat' dir='ltr'>non</span> <span class='ocrx_word' id='word_1_109' title='bbox 632 1938 691 2004; x_wconf 87' lang='lat' dir='ltr'>sibi</span> <span class='ocrx_word' id='word_1_110' title='bbox 722 1938 873 2012; x_wconf 88' lang='lat' dir='ltr'>subditas,</span> <span class='ocrx_word' id='word_1_111' title='bbox 898 1959 967 2025; x_wconf 88' lang='lat' dir='ltr'>arg.</span> <span class='ocrx_word' id='word_1_112' title='bbox 994 1958 1067 2022; x_wconf 83' lang='lat' dir='ltr'>cap.</span> <span class='ocrx_word' id='word_1_113' title='bbox 1095 1940 1126 2014; x_wconf 90' lang='lat'>9,</span> <span class='ocrx_word' id='word_1_114' title='bbox 1151 1939 1202 2004; x_wconf 88' lang='lat' dir='ltr'>De</span> <span class='ocrx_word' id='word_1_115' title='bbox 1225 1940 1281 2022; x_wconf 79' lang='lat' dir='ltr'>off.</span> <span class='ocrx_word' id='word_1_116' title='bbox 1307 1941 1350 2004; x_wconf 89' lang='lat' dir='ltr'>te-</span> 
     </span>
     <span class='ocr_line' id='line_1_15' title="bbox 172 2058 452 2146; baseline 0.004 -23"><span class='ocrx_word' id='word_1_117' title='bbox 172 2060 243 2144; x_wconf 77' lang='lat' dir='ltr'>puti</span> <span class='ocrx_word' id='word_1_118' title='bbox 268 2061 300 2124; x_wconf 89' lang='lat' dir='ltr'><em>X</em></span> <span class='ocrx_word' id='word_1_119' title='bbox 322 2058 361 2144; x_wconf 88' lang='grc' dir='ltr'>(Ι,</span> <span class='ocrx_word' id='word_1_120' title='bbox 387 2059 452 2146; x_wconf 89' lang='grc'><strong>30).</strong></span> 
     </span>
    </p>

    <p class='ocr_par' dir='ltr' id='par_1_6' title="bbox 172 2181 1348 2502">
     <span class='ocr_line' id='line_1_16' title="bbox 305 2181 1348 2270; baseline 0.001 -23"><span class='ocrx_word' id='word_1_121' title='bbox 305 2182 340 2267; x_wconf 85' lang='grc'>6)</span> <span class='ocrx_word' id='word_1_122' title='bbox 356 2185 506 2269; x_wconf 87' lang='lat' dir='ltr'>Episcopi</span> <span class='ocrx_word' id='word_1_123' title='bbox 523 2205 601 2250; x_wconf 90' lang='lat' dir='ltr'>vero</span> <span class='ocrx_word' id='word_1_124' title='bbox 619 2204 661 2248; x_wconf 86' lang='lat' dir='ltr'>ex</span> <span class='ocrx_word' id='word_1_125' title='bbox 678 2184 791 2270; x_wconf 84' lang='lat' dir='ltr'>regula</span> <span class='ocrx_word' id='word_1_126' title='bbox 806 2185 951 2269; x_wconf 86' lang='lat' dir='ltr'>generali</span> <span class='ocrx_word' id='word_1_127' title='bbox 970 2186 1066 2249; x_wconf 81' lang='lat' dir='ltr'>(lonc.</span> <span class='ocrx_word' id='word_1_128' title='bbox 1085 2184 1171 2248; x_wconf 84' lang='lat' dir='ltr'>Trid.</span> <span class='ocrx_word' id='word_1_129' title='bbox 1189 2181 1274 2250; x_wconf 81' lang='lat' dir='ltr'>Sess.</span> <span class='ocrx_word' id='word_1_130' title='bbox 1289 2183 1348 2259; x_wconf 71' lang='lat' dir='ltr'>er,</span> 
     </span>
     <span class='ocr_line' id='line_1_17' title="bbox 172 2308 1348 2396; baseline 0.001 -23"><span class='ocrx_word' id='word_1_131' title='bbox 172 2328 198 2373; x_wconf 91' lang='lat' dir='ltr'>c.</span> <span class='ocrx_word' id='word_1_132' title='bbox 216 2308 247 2382; x_wconf 87' lang='lat'>6,</span> <span class='ocrx_word' id='word_1_133' title='bbox 264 2314 397 2393; x_wconf 86' lang='lat' dir='ltr'>possunt</span> <span class='ocrx_word' id='word_1_134' title='bbox 412 2309 581 2376; x_wconf 87' lang='lat' dir='ltr'>absolvere</span> <span class='ocrx_word' id='word_1_135' title='bbox 598 2312 631 2373; x_wconf 91' lang='lat' dir='ltr'>in</span> <span class='ocrx_word' id='word_1_136' title='bbox 648 2311 774 2376; x_wconf 84' lang='lat' dir='ltr'>casibus</span> <span class='ocrx_word' id='word_1_137' title='bbox 789 2309 934 2376; x_wconf 91' lang='lat' dir='ltr'>omnibus</span> <span class='ocrx_word' id='word_1_138' title='bbox 951 2310 1096 2384; x_wconf 86' lang='lat' dir='ltr'>occultis,</span> <span class='ocrx_word' id='word_1_139' title='bbox 1114 2311 1259 2395; x_wconf 85' lang='lat' dir='ltr'>quamvis</span> <span class='ocrx_word' id='word_1_140' title='bbox 1279 2331 1348 2396; x_wconf 91' lang='lat' dir='ltr'>per-</span> 
     </span>
     <span class='ocr_line' id='line_1_18' title="bbox 172 2435 672 2502; baseline 0.004 -4"><span class='ocrx_word' id='word_1_141' title='bbox 172 2435 275 2498; x_wconf 91' lang='lat' dir='ltr'>cussio</span> <span class='ocrx_word' id='word_1_142' title='bbox 300 2435 540 2502; x_wconf 84' lang='lat' dir='ltr'>enormissima</span> <span class='ocrx_word' id='word_1_143' title='bbox 564 2436 672 2501; x_wconf 85' lang='lat' dir='ltr'>luerit.</span> 
     </span>
    </p>

    <p class='ocr_par' dir='ltr' id='par_1_7' title="bbox 171 2557 1414 2894">
     <span class='ocr_line' id='line_1_19' title="bbox 305 2557 1345 2643; baseline 0.004 -23"><span class='ocrx_word' id='word_1_144' title='bbox 305 2557 339 2642; x_wconf 84' lang='lat'>7)</span> <span class='ocrx_word' id='word_1_145' title='bbox 364 2557 397 2622; x_wconf 88' lang='lat' dir='ltr'>Si</span> <span class='ocrx_word' id='word_1_146' title='bbox 420 2557 524 2624; x_wconf 83' lang='lat' dir='ltr'>obstet</span> <span class='ocrx_word' id='word_1_147' title='bbox 539 2559 799 2643; x_wconf 89' lang='lat' dir='ltr'>impedimentum</span> <span class='ocrx_word' id='word_1_148' title='bbox 815 2557 952 2622; x_wconf 89' lang='lat' dir='ltr'>adeundi</span> <span class='ocrx_word' id='word_1_149' title='bbox 970 2559 1103 2624; x_wconf 83' lang='lat' dir='ltr'>Romam</span> <span class='ocrx_word' id='word_1_150' title='bbox 1120 2559 1253 2643; x_wconf 88' lang='lat' dir='ltr'>quisque</span> <span class='ocrx_word' id='word_1_151' title='bbox 1270 2578 1345 2624; x_wconf 88' lang='lat' dir='ltr'>con·</span> 
     </span>
     <span class='ocr_line' id='line_1_20' title="bbox 172 2679 1414 2769; baseline 0.003 -25"><span class='ocrx_word' id='word_1_152' title='bbox 172 2679 275 2745; x_wconf 83' lang='lat' dir='ltr'>sessor</span> <span class='ocrx_word' id='word_1_153' title='bbox 308 2682 478 2748; x_wconf 88' lang='lat' dir='ltr'>absolvere</span> <span class='ocrx_word' id='word_1_154' title='bbox 513 2682 599 2748; x_wconf 86' lang='lat' dir='ltr'>valet</span> <span class='ocrx_word' id='word_1_155' title='bbox 630 2703 874 2769; x_wconf 84' lang='lat' dir='ltr'>percussorem,</span> <span class='ocrx_word' id='word_1_156' title='bbox 907 2684 998 2748; x_wconf 79' lang='lat' dir='ltr'>iuxta</span> <span class='ocrx_word' id='word_1_157' title='bbox 1027 2685 1158 2769; x_wconf 86' lang='lat' dir='ltr'>regulas</span> <span class='ocrx_word' id='word_1_158' title='bbox 1189 2705 1247 2750; x_wconf 93' lang='lat' dir='ltr'>suo</span> <span class='ocrx_word' id='word_1_159' title='bbox 1278 2685 1349 2750; x_wconf 91' lang='lat' dir='ltr'>loco</span> <span class='ocrx_word' id='word_1_160' title='bbox 1408 2741 1414 2764; x_wconf 86' lang='grc'><em>,</em></span> 
     </span>
     <span class='ocr_line' id='line_1_21' title="bbox 171 2806 671 2894; baseline 0.01 -25"><span class='ocrx_word' id='word_1_161' title='bbox 171 2806 359 2891; x_wconf 80' lang='lat' dir='ltr'>explicatas.</span> <span class='ocrx_word' id='word_1_162' title='bbox 384 2808 433 2875; x_wconf 86' lang='lat' dir='ltr'>cf.</span> <span class='ocrx_word' id='word_1_163' title='bbox 460 2830 488 2874; x_wconf 91' lang='lat' dir='ltr'>n.</span> <span class='ocrx_word' id='word_1_164' title='bbox 519 2811 583 2876; x_wconf 79' lang='lat'>124</span> <span class='ocrx_word' id='word_1_165' title='bbox 607 2830 671 2894; x_wconf 89' lang='lat' dir='ltr'>seq.</span> 
     </span>
    </p>

    <p class='ocr_par' dir='ltr' id='par_1_8' title="bbox 170 2931 1349 3523">
     <span class='ocr_line' id='line_1_22' title="bbox 261 2931 1348 3020; baseline 0.004 -24"><span class='ocrx_word' id='word_1_166' title='bbox 261 2931 334 2998; x_wconf 80' lang='lat'>460.</span> <span class='ocrx_word' id='word_1_167' title='bbox 362 2935 493 2999; x_wconf 89' lang='lat' dir='ltr'>Demum</span> <span class='ocrx_word' id='word_1_168' title='bbox 513 2935 552 3000; x_wconf 93' lang='lat' dir='ltr'>ob</span> <span class='ocrx_word' id='word_1_169' title='bbox 568 2935 740 3020; x_wconf 82' lang='lat' dir='ltr'>specialem</span> <span class='ocrx_word' id='word_1_170' title='bbox 757 2934 979 3001; x_wconf 89' lang='lat' dir='ltr'>defensionem</span> <span class='ocrx_word' id='word_1_171' title='bbox 995 2947 1058 3019; x_wconf 89' lang='lat' dir='ltr'>qua</span> <span class='ocrx_word' id='word_1_172' title='bbox 1074 2935 1219 3020; x_wconf 85' lang='lat' dir='ltr'>indigent</span> <span class='ocrx_word' id='word_1_173' title='bbox 1234 2941 1348 3001; x_wconf 89' lang='lat' dir='ltr'>contra</span> 
     </span>
     <span class='ocr_line' id='line_1_23' title="bbox 170 3060 1345 3146; baseline 0.001 -23"><span class='ocrx_word' id='word_1_174' title='bbox 170 3078 342 3144; x_wconf 90' lang='lat' dir='ltr'>perversos</span> <span class='ocrx_word' id='word_1_175' title='bbox 366 3062 453 3126; x_wconf 87' lang='lat' dir='ltr'>cives</span> <span class='ocrx_word' id='word_1_176' title='bbox 477 3081 634 3146; x_wconf 87' lang='lat' dir='ltr'>personae</span> <span class='ocrx_word' id='word_1_177' title='bbox 650 3067 845 3126; x_wconf 86' lang='lat' dir='ltr'>exercentes</span> <span class='ocrx_word' id='word_1_178' title='bbox 860 3066 1006 3126; x_wconf 87' lang='lat' dir='ltr'>sanctum</span> <span class='ocrx_word' id='word_1_179' title='bbox 1030 3062 1249 3146; x_wconf 85' lang='lat' dir='ltr'>inquisitionis</span> <span class='ocrx_word' id='word_1_180' title='bbox 1271 3060 1345 3128; x_wconf 85' lang='lat' dir='ltr'>offi-</span> 
     </span>
     <span class='ocr_line' id='line_1_24' title="bbox 172 3185 1349 3272; baseline 0.003 -23"><span class='ocrx_word' id='word_1_181' title='bbox 172 3186 265 3254; x_wconf 88' lang='lat' dir='ltr'>cium,</span> <span class='ocrx_word' id='word_1_182' title='bbox 295 3185 442 3270; x_wconf 91' lang='lat' dir='ltr'>idemque</span> <span class='ocrx_word' id='word_1_183' title='bbox 470 3209 494 3251; x_wconf 88' lang='lat' dir='ltr'>s.</span> <span class='ocrx_word' id='word_1_184' title='bbox 524 3186 672 3253; x_wconf 89' lang='lat' dir='ltr'>Officium</span> <span class='ocrx_word' id='word_1_185' title='bbox 703 3186 902 3260; x_wconf 88' lang='lat' dir='ltr'>adiuvantes,</span> <span class='ocrx_word' id='word_1_186' title='bbox 935 3191 970 3251; x_wconf 91' lang='lat' dir='ltr'>ut</span> <span class='ocrx_word' id='word_1_187' title='bbox 1000 3192 1077 3272; x_wconf 89' lang='lat' dir='ltr'>puta</span> <span class='ocrx_word' id='word_1_188' title='bbox 1107 3187 1349 3254; x_wconf 75' lang='lat' dir='ltr'>denunciantes</span> 
     </span>
     <span class='ocr_line' id='line_1_25' title="bbox 171 3309 1347 3396; baseline 0.001 -23"><span class='ocrx_word' id='word_1_189' title='bbox 171 3309 317 3374; x_wconf 91' lang='lat' dir='ltr'>homines</span> <span class='ocrx_word' id='word_1_190' title='bbox 340 3310 469 3375; x_wconf 89' lang='lat' dir='ltr'>haeresi</span> <span class='ocrx_word' id='word_1_191' title='bbox 486 3311 631 3384; x_wconf 88' lang='lat' dir='ltr'>infectos,</span> <span class='ocrx_word' id='word_1_192' title='bbox 648 3312 717 3375; x_wconf 90' lang='lat' dir='ltr'>sive</span> <span class='ocrx_word' id='word_1_193' title='bbox 740 3311 773 3374; x_wconf 92' lang='lat' dir='ltr'>in</span> <span class='ocrx_word' id='word_1_194' title='bbox 794 3310 881 3376; x_wconf 89' lang='lat' dir='ltr'>Urbe</span> <span class='ocrx_word' id='word_1_195' title='bbox 905 3311 973 3375; x_wconf 86' lang='lat' dir='ltr'>sive</span> <span class='ocrx_word' id='word_1_196' title='bbox 997 3312 1030 3375; x_wconf 94' lang='lat' dir='ltr'>in</span> <span class='ocrx_word' id='word_1_197' title='bbox 1053 3330 1253 3395; x_wconf 91' lang='lat' dir='ltr'>quacumque</span> <span class='ocrx_word' id='word_1_198' title='bbox 1277 3332 1347 3396; x_wconf 93' lang='lat' dir='ltr'>pro-</span> 
     </span>
     <span class='ocr_line' id='line_1_26' title="bbox 170 3434 1345 3523; baseline 0.003 -24"><span class='ocrx_word' id='word_1_199' title='bbox 170 3437 278 3502; x_wconf 85' lang='lat' dir='ltr'>vincia</span> <span class='ocrx_word' id='word_1_200' title='bbox 300 3437 353 3501; x_wconf 85' lang='lat' dir='ltr'>vel</span> <span class='ocrx_word' id='word_1_201' title='bbox 369 3437 517 3518; x_wconf 88' lang='lat' dir='ltr'>dioecesi,</span> <span class='ocrx_word' id='word_1_202' title='bbox 535 3437 642 3504; x_wconf 80' lang='lat' dir='ltr'>(lonst.¹</span> <span class='ocrx_word' id='word_1_203' title='bbox 660 3438 775 3520; x_wconf 85' lang='lat' dir='ltr'>Apost.</span> <span class='ocrx_word' id='word_1_204' title='bbox 792 3434 889 3502; x_wconf 82' lang='lat' dir='ltr'>Sedis</span> <span class='ocrx_word' id='word_1_205' title='bbox 905 3439 1055 3502; x_wconf 89' lang='lat' dir='ltr'>insistens</span> <span class='ocrx_word' id='word_1_206' title='bbox 1080 3439 1224 3523; x_wconf 87' lang='lat' dir='ltr'>vestigiis</span> <span class='ocrx_word' id='word_1_207' title='bbox 1241 3438 1345 3504; x_wconf 87' lang='lat' dir='ltr'>Gonst.</span> 
     </span>
    </p>
   </div>
   <div class='ocr_carea' id='block_1_5' title="bbox 172 3559 1347 3649">
    <p class='ocr_par' dir='ltr' id='par_1_9' title="bbox 172 3559 1347 3649">
     <span class='ocr_line' id='line_1_27' title="bbox 172 3559 1347 3649; baseline 0.003 -25"><span class='ocrx_word' id='word_1_208' title='bbox 172 3561 221 3625; x_wconf 92' lang='lat' dir='ltr'>Pii</span> <span class='ocrx_word' id='word_1_209' title='bbox 238 3563 280 3627; x_wconf 90' lang='lat' dir='ltr'>V.</span> <span class='ocrx_word' id='word_1_210' title='bbox 297 3559 335 3627; x_wconf 79' lang='lat' dir='ltr'>Si</span> <span class='ocrx_word' id='word_1_211' title='bbox 357 3561 399 3628; x_wconf 93' lang='lat' dir='ltr'>de</span> <span class='ocrx_word' id='word_1_212' title='bbox 411 3563 639 3649; x_wconf 75' lang='lat' dir='ltr'>proteqendis</span> <span class='ocrx_word' id='word_1_213' title='bbox 664 3564 881 3648; x_wconf 86' lang='lat' dir='ltr'>promulgavit</span> <span class='ocrx_word' id='word_1_214' title='bbox 905 3564 1268 3629; x_wconf 83' lang='lat' dir='ltr'>excommunicationem</span> <span class='ocrx_word' id='word_1_215' title='bbox 1292 3562 1347 3627; x_wconf 93' lang='lat' dir='ltr'>sed</span> 
     </span>
    </p>
   </div>
   <div class='ocr_carea' id='block_1_6' title="bbox 169 3687 1347 4519">
    <p class='ocr_par' dir='ltr' id='par_1_10' title="bbox 169 3687 1347 4270">
     <span class='ocr_line' id='line_1_28' title="bbox 169 3687 1346 3773; baseline 0.001 -19"><span class='ocrx_word' id='word_1_216' title='bbox 169 3687 299 3754; x_wconf 84' lang='lat' dir='ltr'>nemini</span> <span class='ocrx_word' id='word_1_217' title='bbox 320 3694 530 3754; x_wconf 76' lang='lat' dir='ltr'>reserantem</span> <span class='ocrx_word' id='word_1_218' title='bbox 552 3688 614 3755; x_wconf 86' lang='lat' dir='ltr'>sub</span> <span class='ocrx_word' id='word_1_219' title='bbox 636 3708 668 3753; x_wconf 92' lang='lat' dir='ltr'>n.</span> <span class='ocrx_word' id='word_1_220' title='bbox 694 3689 720 3754; x_wconf 81' lang='lat'><strong><em>2</em></strong></span> <span class='ocrx_word' id='word_1_221' title='bbox 744 3691 778 3753; x_wconf 91' lang='lat' dir='ltr'>in</span> <span class='ocrx_word' id='word_1_222' title='bbox 804 3711 822 3752; x_wconf 73' lang='lat' dir='ltr'>c</span> <span class='ocrx_word' id='word_1_223' title='bbox 847 3689 1033 3756; x_wconf 80' lang='lat' dir='ltr'>Laedentes</span> <span class='ocrx_word' id='word_1_224' title='bbox 1057 3695 1116 3754; x_wconf 91' lang='lat' dir='ltr'>aut</span> <span class='ocrx_word' id='word_1_225' title='bbox 1135 3690 1346 3773; x_wconf 74' lang='lat' dir='ltr'>perterrefa-</span> 
     </span>
     <span class='ocr_line' id='line_1_29' title="bbox 171 3800 1347 3898; baseline 0.002 -20"><span class='ocrx_word' id='word_1_226' title='bbox 171 3813 302 3894; x_wconf 77' lang='lat' dir='ltr'>cientnr,</span> <span class='ocrx_word' id='word_1_227' title='bbox 331 3813 561 3898; x_wconf 79' lang='lat' dir='ltr'>Inqutsitores,</span> <span class='ocrx_word' id='word_1_228' title='bbox 594 3814 847 3887; x_wconf 81' lang='lat' dir='ltr'>denunciantes,</span> <span class='ocrx_word' id='word_1_229' title='bbox 879 3820 984 3890; x_wconf 89' lang='lat' dir='ltr'>testes,</span> <span class='ocrx_word' id='word_1_230' title='bbox 1006 3800 1143 3880; x_wconf 77' lang='lat' dir='ltr'>&#39;aliems</span> <span class='ocrx_word' id='word_1_231' title='bbox 1172 3814 1347 3880; x_wconf 84' lang='lat' dir='ltr'>ministros</span> 
     </span>
     <span class='ocr_line' id='line_1_30' title="bbox 172 3936 1347 4022; baseline 0 -18"><span class='ocrx_word' id='word_1_232' title='bbox 172 3936 205 4004; x_wconf 87' lang='lat' dir='ltr'>S.</span> <span class='ocrx_word' id='word_1_233' title='bbox 224 3936 340 4022; x_wconf 80' lang='lat' dir='ltr'>Officii,</span> <span class='ocrx_word' id='word_1_234' title='bbox 358 3937 496 4022; x_wconf 86' lang='lat' dir='ltr'>eiusque</span> <span class='ocrx_word' id='word_1_235' title='bbox 520 3937 619 4003; x_wconf 68' lang='lat' dir='ltr'>Sacra</span> <span class='ocrx_word' id='word_1_236' title='bbox 641 3937 836 4005; x_wconf 79' lang='lat' dir='ltr'>Tribuualis</span> <span class='ocrx_word' id='word_1_237' title='bbox 859 3939 1050 4022; x_wconf 82' lang='lat' dir='ltr'>scripturas</span> <span class='ocrx_word' id='word_1_238' title='bbox 1067 3938 1265 4022; x_wconf 77' lang='lat' dir='ltr'>diripientes</span> <span class='ocrx_word' id='word_1_239' title='bbox 1288 3945 1347 4004; x_wconf 91' lang='lat' dir='ltr'>aut</span> 
     </span>
     <span class='ocr_line' id='line_1_31' title="bbox 170 4060 1344 4147; baseline 0 -20"><span class='ocrx_word' id='word_1_240' title='bbox 170 4060 411 4143; x_wconf 82' lang='lat' dir='ltr'>comburentes,</span> <span class='ocrx_word' id='word_1_241' title='bbox 435 4063 487 4127; x_wconf 85' lang='lat' dir='ltr'>vet</span> <span class='ocrx_word' id='word_1_242' title='bbox 508 4063 694 4145; x_wconf 81' lang='lat' dir='ltr'>praedictis</span> <span class='ocrx_word' id='word_1_243' title='bbox 716 4062 917 4147; x_wconf 77' lang='lat' dir='ltr'>quibuslibet</span> <span class='ocrx_word' id='word_1_244' title='bbox 941 4064 1130 4138; x_wconf 76' lang='lat' dir='ltr'>ancilium,</span> <span class='ocrx_word' id='word_1_245' title='bbox 1156 4064 1344 4138; x_wconf 84' lang='lat' dir='ltr'>consitium,</span> 
     </span>
     <span class='ocr_line' id='line_1_32' title="bbox 169 4185 599 4270; baseline -0.002 -19"><span class='ocrx_word' id='word_1_246' title='bbox 169 4186 326 4270; x_wconf 77' lang='lat' dir='ltr'>fauorem</span> <span class='ocrx_word' id='word_1_247' title='bbox 345 4185 546 4270; x_wconf 84' lang='lat' dir='ltr'>praebentes</span> <span class='ocrx_word' id='word_1_248' title='bbox 570 4207 599 4251; x_wconf 84' lang='lat'>».</span> 
     </span>
    </p>

    <p class='ocr_par' dir='ltr' id='par_1_11' title="bbox 170 4309 1345 4519">
     <span class='ocr_line' id='line_1_33' title="bbox 259 4309 1343 4395; baseline -0.002 -21"><span class='ocrx_word' id='word_1_249' title='bbox 259 4309 466 4374; x_wconf 82' lang='lat' dir='ltr'>Advertimus</span> <span class='ocrx_word' id='word_1_250' title='bbox 490 4309 523 4374; x_wconf 81' lang='lat' dir='ltr'>S.</span> <span class='ocrx_word' id='word_1_251' title='bbox 551 4309 703 4395; x_wconf 79' lang='lat' dir='ltr'>Officium</span> <span class='ocrx_word' id='word_1_252' title='bbox 731 4311 827 4374; x_wconf 93' lang='lat' dir='ltr'>modo</span> <span class='ocrx_word' id='word_1_253' title='bbox 857 4311 958 4395; x_wconf 85' lang='lat' dir='ltr'>accipi</span> <span class='ocrx_word' id='word_1_254' title='bbox 991 4329 1192 4394; x_wconf 91' lang='lat' dir='ltr'>quocumque</span> <span class='ocrx_word' id='word_1_255' title='bbox 1215 4312 1248 4375; x_wconf 95' lang='lat' dir='ltr'>in</span> <span class='ocrx_word' id='word_1_256' title='bbox 1272 4311 1343 4376; x_wconf 92' lang='lat' dir='ltr'>loco</span> 
     </span>
     <span class='ocr_line' id='line_1_34' title="bbox 170 4433 1345 4519; baseline 0 -21"><span class='ocrx_word' id='word_1_257' title='bbox 170 4435 378 4500; x_wconf 88' lang='lat' dir='ltr'>constitutum</span> <span class='ocrx_word' id='word_1_258' title='bbox 402 4436 452 4510; x_wconf 92' lang='lat' dir='ltr'>sit,</span> <span class='ocrx_word' id='word_1_259' title='bbox 477 4453 541 4500; x_wconf 92' lang='lat' dir='ltr'>non</span> <span class='ocrx_word' id='word_1_260' title='bbox 566 4439 689 4500; x_wconf 85' lang='lat' dir='ltr'>tantum</span> <span class='ocrx_word' id='word_1_261' title='bbox 714 4433 790 4499; x_wconf 93' lang='lat' dir='ltr'>illud</span> <span class='ocrx_word' id='word_1_262' title='bbox 814 4435 897 4518; x_wconf 90' lang='lat' dir='ltr'>quod</span> <span class='ocrx_word' id='word_1_263' title='bbox 922 4436 1010 4519; x_wconf 84' lang='lat' dir='ltr'>viget</span> <span class='ocrx_word' id='word_1_264' title='bbox 1027 4435 1165 4510; x_wconf 91' lang='lat' dir='ltr'>Romae;</span> <span class='ocrx_word' id='word_1_265' title='bbox 1188 4434 1242 4499; x_wconf 87' lang='lat' dir='ltr'>ubi</span> <span class='ocrx_word' id='word_1_266' title='bbox 1266 4453 1345 4500; x_wconf 90' lang='lat' dir='ltr'>vero</span> 
     </span>
    </p>
   </div>
   <div class='ocr_carea' id='block_1_7' title="bbox 0 0 1650 5100">
    <p class='ocr_par' dir='ltr' id='par_1_12' title="bbox 0 0 1650 5100">
     <span class='ocr_line' id='line_1_35' title="bbox 0 0 1650 5100; baseline 0 1"><span class='ocrx_word' id='word_1_267' title='bbox 0 0 1650 5100; x_wconf 95' lang='lat' dir='ltr'> </span> 
     </span>
    </p>
   </div>
  </div>
 </body>
</html>
