3312 5108
541 337 584 382 ua
609 337 763 386 DELlc'rls
788 341 830 387 ur
855 343 974 389 nonnis
1304 333 1348 398 67

161 457 328 522 societatis
351 459 452 542 probe
474 461 642 528 ordinatae
665 471 722 536 est,
740 485 805 531 non
821 473 944 533 tantum
961 489 1020 554 per
1036 491 1155 556 poenas
1173 476 1348 541 restituere

161 579 312 645 ordinem
335 584 466 658 laesum,
484 586 540 651 sed
559 591 629 653 eius
644 610 770 674 quoque
785 599 842 666 est,
861 595 1016 688 nonnulla
1031 595 1214 680 prohibere,
1233 603 1347 686 poenis

161 706 262 770 etiam
285 709 495 789 comminatis,
520 730 602 796 quae
625 719 699 778 actu
723 715 842 781 nullam
867 721 1035 784 continent
1066 720 1188 788 ordinis
1215 725 1346 792 socialis

161 833 351 906 laesionem,
376 835 431 899 sed
456 856 537 920 quae
569 851 644 902 nata
674 845 748 904 sunt
779 839 1064 916 coordinationem,
1091 849 1127 910 ut
1158 847 1342 932 plurimum,

161 976 293 1040 parare.
318 957 481 1042 Siquidem
504 963 657 1045 cuiusque
673 983 831 1048 personae
854 969 922 1032 sive
939 969 1141 1053 physicae
1119 993 1186 1038 sive
1211 975 1344 1044 moralis

162 1083 332 1164 proprium
352 1089 440 1147 este
423 1087 614 1170 etseipsam
646 1088 679 1150 in
708 1090 878 1172 pristinum
907 1094 1079 1160 restituere
1107 1115 1126 1158 a
1154 1096 1343 1162 iulneribus

161 1207 226 1268 iam
255 1209 427 1290 susceptis,
456 1208 511 1272 sed
535 1213 674 1276 maxime
698 1231 733 1275 se
760 1213 843 1277 tueri
867 1233 909 1278 ne
936 1216 1074 1282 vulnera
1101 1217 1344 1286 inferantur.-

162 1331 345 1395 Praeterea
367 1351 431 1398 non
453 1339 577 1400 tantum
600 1336 680 1400 iura
704 1338 824 1402 civium
848 1339 1055 1405 custodienda
1079 1348 1112 1406 et
1134 1343 1339 1410 defendenda

159 1460 252 1526 sunt,
277 1456 334 1520 sed
358 1459 454 1520 eliam
477 1458 602 1524 bonurn
633 1469 681 1525 est
712 1461 891 1527 curandum
915 1471 945 1527 et
970 1467 1141 1531 universae
1172 1470 1335 1535 societatis

159 1585 192 1642 el
216 1581 417 1664 singulorum
441 1583 559 1648 civium
583 1585 754 1670 perleges
778 1606 860 1670 quae
883 1588 1022 1671 aliquam
1046 1591 1231 1655 contineant
1250 1612 1329 1674 poc·

160 1705 278 1768 nalem
304 1707 524 1774 sanctionem.
551 1710 635 1774 Istae
657 1711 746 1796 leges
769 1711 920 1776 dicuntur
943 1721 1091 1797 spectare
1115 1716 1339 1799 adipotttiom

156 1833 193 1892 et
214 1829 263 1892 ad
287 1829 412 1896 donum
434 1832 587 1918 repimen
611 1835 753 1900 cirritotis
776 1855 951 1921 earumque
967 1838 1127 1903 laesiones
1151 1860 1338 1926 nuncupan-

159 1933 215 2018 tur
239 1959 535 2042 transpressiones.

250 2081 303 2145 38.
328 2084 426 2165 Atqui
456 2086 602 2167 quamvis
632 2086 727 2149 huius
762 2107 931 2171 supremae
966 2087 1178 2155 distinotionis
1213 2093 1333 2155 mentio

157 2225 226 2269 non
249 2207 408 2272 habeatur
430 2209 514 2294 apud
538 2211 729 2280 canonistas,
747 2212 808 2276 ista
830 2211 942 2278 deesse
959 2233 1022 2278 non
1038 2220 1143 2298 potest
1158 2216 1192 2280 in
1214 2217 1341 2303 legibus

157 2327 313 2394 ecclesias
315 2331 396 2404 ticis,
422 2353 459 2396 re
482 2334 622 2400 intimius
645 2339 825 2418 perspecta.
852 2335 931 2399 Nam
954 2335 1079 2400 haec
1059 2339 1152 2402 varia
1174 2347 1341 2408 momenta

156 2457 333 2523 activitatis
351 2458 488 2530 socialis,
510 2479 627 2571 nempe
645 2464 816 2524 restaurat
819 2459 849 2524 io
866 2461 997 2526 ordinis
1013 2467 1046 2530 et
1066 2463 1334 2534 (inordinationis

151 2571 354 2667 praecentio
367 2571 416 2650 ct
447 2587 656 2684 anpareati
599 2587 727 2653 tborai
757 2587 891 2666 sociatis
917 2590 1122 2674 procuratio
1154 2609 1221 2672 per
1244 2592 1334 2678 depes

150 2711 317 2806 poenales
348 2712 552 2777 nullimode
546 2733 578 2776 m
602 2715 753 2800 societate
785 2712 937 2798 religiosa
968 2713 1080 2794 deesse
1108 2721 1250 2824 possunt.
1227 2717 1333 2782 tRa

155 2856 236 2900 sane
259 2855 340 2900 vera
363 2838 396 2901 in
420 2809 544 2902 codice
554 2839 662 2922 legum
690 2839 980 2902 ecclesiasticarum
1005 2839 1099 2922 plura
1123 2845 1213 2924 spect
1200 2844 1271 2904 tant
1293 2841 1334 2906 ad

154 2960 294 3050 crimina
317 2959 574 3044 praevenienda,
599 2965 631 3022 et
619 2959 694 3023 tad
718 2959 836 3024 bonum
859 2962 1002 3026 societat'
980 2966 1020 3026 t1s
1051 2961 1188 3045 positiva
1212 2981 1330 3044 prove-

155 3087 298 3152 hendum
323 3107 405 3170 quae
427 3086 517 3172 leges
539 3088 566 3151 si
586 3087 815 3172 infringantur,
834 3107 897 3150 non
916 3092 1065 3171 patretur
1085 3087 1254 3160 delictam,
1276 3089 1332 3154 sed

154 3213 393 3298 transpressio,
418 3210 502 3276 unde
518 3231 641 3295 poenae
657 3210 774 3274 exinde
797 3209 982 3274 subeundae
998 3211 1070 3274 sint.
1089 3212 1138 3275 Ila
1154 3210 1194 3276 ad
1218 3231 1338 3278 arcen-

153 3335 214 3400 dos
241 3335 378 3401 clericos
401 3353 421 3398 a
448 3333 635 3399 criminibus
666 3333 869 3419 gravioribus
900 3334 1010 3420 plures
1040 3335 1213 3402 edicuntur
1243 3337 1335 3423 leges

153 3461 387 3546 praeventivae
406 3463 439 3525 in
463 3461 518 3526 tio.
541 3461 600 3525 ΙΙΙ
621 3460 750 3526 Decret.
775 3461 809 3524 X
831 3461 877 3524 tit.
904 3459 995 3526 ‹De
1017 3461 1087 3526 oita
1110 3467 1141 3527 et
1164 3462 1337 3531 honestato

150 3587 406 3653 clericorum».
426 3621 444 3634 -
462 3605 480 3647 ‹
497 3585 548 3650 Do
563 3583 807 3651 cohabitatione
823 3585 1024 3651 clericorum
1048 3591 1080 3652 et
1099 3587 1285 3653 rnntierurn
1301 3610 1333 3654 ›.

151 3707 270 3774 Laicos
293 3709 390 3772 etiam
420 3706 503 3792 quod
531 3707 654 3780 attinet,
679 3706 719 3770 de
743 3727 802 3772 usu
833 3711 1109 3771 sacramentorum
1143 3713 1175 3772 et
1205 3709 1334 3793 potissi-

149 3857 240 3901 mum
263 3836 304 3902 de
330 3842 533 3901 sacramento
564 3835 776 3915 matrimonii,
804 3834 910 3917 aliqua
934 3831 1013 3898 fiunt
1046 3840 1221 3920 praecepta
1247 3856 1331 3919 quae

147 3962 302 4028 ordinata
317 3960 447 4026 suntad
462 3937 735 4046 praeservandam
751 3957 891 4025 fidelium
907 3961 1092 4024 societatem
1116 3979 1136 4024 a
1160 3961 1334 4026 criminum

150 4084 206 4150 lue
220 4091 255 4150 et
268 4084 310 4149 ad
324 4085 441 4149 melius
463 4083 697 4149 conciliandam
713 4081 854 4148 fidelium
870 4083 1081 4147 sanctitatem.
1098 4118 1115 4130 -
1134 4083 1184 4149 Ita
1200 4103 1242 4147 ex
1259 4105 1286 4149 o.
1305 4105 1333 4150 o.

149 4212 189 4275 in
201 4209 248 4274 tit.
265 4208 320 4275 tib.
338 4209 404 4275 ΙΙΙ.
422 4209 463 4273 Χ.
479 4230 498 4271 ‹
514 4209 563 4274 Dc
579 4207 794 4275 conversione
810 4207 1071 4293 coninpatoranr
1088 4229 1106 4270 »
1124 4243 1142 4256 -
1159 4208 1240 4273 «De
1256 4228 1352 4291 oon-¹

148 4335 305 4403 versiam
328 4335 517 4420 infidelium
534 4357 563 4398 a.
589 4333 652 4399 Sed
667 4334 750 4398 haec
766 4333 907 4398 innuisse
922 4329 1071 4398 sufficiat.
1091 4367 1109 4380 -
1128 4333 1333 4397 ltecolantur

148 4479 296 4546 eaquae
320 4459 528 4526 disseruimus
552 4479 650 4544 supra
669 4478 751 4545 pap.
777 4457 836 4522 29.
