3290 5100
306 271 373 336 540
760 289 973 339 'nausearum
998 293 1019 338 1.

306 413 428 466 duorum
446 413 586 464 mensium
610 415 647 466 ed
666 413 863 466 deducendum
887 413 953 467 iuro
977 429 1028 467 sua
1047 431 1143 468 cerem
1169 415 1196 468 S.
1219 414 1441 484 Conui-epatium
1461 423 1488 466 et

306 522 344 573 de
361 519 562 572 resultantibus
580 520 718 574 certioret.

378 624 469 680 Titius
488 627 583 696 itaque
602 626 677 680 intra
696 626 898 696 praescriptum
918 627 1068 680 terminum
1088 627 1220 682 adversus
1238 631 1302 682 acta
1323 643 1396 698 quac
1417 626 1489 695 Epi-

307 746 406 799 scopus
431 729 458 782 S.
478 727 695 799 congregationi
721 730 851 796 miserat,
870 731 900 786 in
917 731 959 784 sui
979 730 1168 786 defensionem
1186 731 1257 786 haec
1281 731 1356 785 iuter
1374 736 1491 785 caetera
1525 721 1528 726 ’

308 837 440 907 protulit,
459 835 582 892 scilicet:
608 834 759 892 relationes
783 837 911 907 Episcopi
938 837 1050 892 veritati
1070 854 1206 891 consonas
1231 837 1416 909 undequaque
1433 853 1490 890 non

309 960 382 998 esse:
402 961 432 999 se
452 944 590 1012 praesenti
610 944 757 1013 paroeciae
775 944 861 998 fuisse
879 945 1037 1012 suffectum,
1057 949 1202 1016 postquam
1222 943 1306 998 eliam
1319 945 1489 1014 oppidanum

308 1056 429 1118 rexerat,
453 1067 525 1122 quae
544 1050 693 1106 translatio
717 1053 752 1105 ab
777 1056 954 1107 autecessore
979 1051 1116 1122 Episcopo
1133 1053 1209 1106 tacta
1233 1065 1287 1106 non
1307 1053 1417 1118 fuisset,
1436 1052 1492 1106 nisi

309 1158 343 1213 de
362 1175 412 1213 sua
431 1158 583 1214 idoneitate
607 1158 641 1212 ad
668 1158 819 1228 regendam
838 1159 948 1230 plebem
974 1159 1026 1230 ipsi
1049 1159 1235 1214 constitisset:
1256 1159 1490 1228 parochianorum

309 1267 483 1322 aversionem
501 1283 574 1338 quae
592 1267 687 1322 statim
707 1267 831 1322 excitata
843 1272 895 1333 est,
909 1267 1088 1338 repetendam
1108 1283 1168 1322 esse
1187 1283 1222 1336 ex
1235 1267 1368 1336 gravibus
1386 1283 1491 1336 paroe-

311 1376 371 1430 ciae
390 1375 468 1430 illius
491 1375 702 1431 difficultatibus
729 1379 758 1430 et
776 1393 810 1430 cx
831 1376 951 1445 partium
971 1375 1064 1430 studio
1082 1379 1113 1428 ut
1132 1390 1278 1444 praesens,
1298 1373 1357 1445 (qui
1382 1375 1493 1444 positus

310 1483 382 1550 erat)
394 1481 522 1536 Vicarius
532 1481 621 1539 eidem
633 1482 778 1552 paroeciae
797 1485 930 1552 tanquam
945 1481 1087 1536 Perochus
1100 1485 1327 1550 praeponeretur.
1340 1480 1493 1534 Caeterum

311 1606 374 1644 cum
392 1589 445 1643 sibi
465 1606 606 1660 nunquam
626 1589 835 1644 accusationum
854 1589 949 1659 capita
966 1587 1114 1642 notificata
1131 1588 1246 1654 iruerint,
1258 1587 1405 1658 inquiebat
1420 1585 1496 1656 opti-

312 1714 385 1752 mam
404 1714 483 1752 suam
501 1697 601 1766 agendi
622 1697 759 1752 rationem
778 1697 886 1752 ostendi
905 1713 940 1751 ex
958 1695 1077 1767 quodam
1090 1695 1277 1751 antecessoris
1289 1693 1422 1764 Episcopi
1435 1696 1497 1764 cpi·

312 1805 403 1871 stolio,
423 1809 482 1860 tum
507 1822 542 1860 cx
560 1804 770 1876 quatuordecim
796 1803 1027 1874 parochianorum
1053 1803 1228 1870 testimonio,
1248 1803 1295 1873 qui
1321 1803 1496 1868 referebant,

311 1913 449 1968 saniorem
469 1913 615 1982 paroeciae
634 1911 767 1982 populum
787 1928 841 1967 uon
855 1911 945 1994 solum
959 1913 993 1965 ab
1007 1910 1170 1966 insectando
1189 1909 1316 1964 Peroobo
1328 1908 1493 1974 abhorrere,

312 2021 360 2076 sed
380 2021 435 2074 imo
453 2019 633 2074 vehementer
651 2023 749 2089 optare
768 2023 800 2074 ut
818 2019 910 2074 Titius
928 2018 1133 2090 quamprimum
1152 2034 1219 2072 suae
1239 2016 1387 2086 paroeciae
1410 2017 1496 2072 resti·

314 2132 448 2194 tueretur,
467 2143 538 2198 quae
557 2127 585 2180 in
604 2127 728 2182 deterius
746 2128 781 2182 ob
801 2127 862 2182 eius
880 2126 1036 2180 absentiam
1054 2126 1084 2180 in
1103 2125 1162 2180 dies
1180 2126 1322 2194 vergebat

385 2234 528 2289 Subdebat
546 2237 640 2289 autom
658 2233 731 2289 idem
744 2233 836 2287 Titius
848 2232 1014 2302 Episcopum
1029 2231 1111 2285 nimis
1124 2231 1221 2286 faciles
1234 2247 1316 2284 aures
1330 2231 1497 2300 praebuisse

314 2347 372 2397 tum
393 2341 505 2400 Vicario
524 2342 651 2396 Foraneo
673 2341 726 2395 sibi
752 2340 952 2405 infensissimo,
973 2343 1032 2392 tum
1058 2337 1222 2408 provinciali
1248 2337 1321 2392 laico
1347 2337 1498 2406 Delegato,

315 2448 441 2520 quisine
465 2447 574 2502 delectu
601 2452 750 2516 exceperat
773 2461 887 2500 suorum
912 2444 1034 2498 hostium
1059 2443 1203 2514 querelas:
1222 2447 1306 2514 atque
1331 2443 1437 2496 idcirco
1465 2459 1498 2497 se

315 2556 420 2625 iugiter
438 2555 574 2610 institisse
599 2558 631 2608 ut
648 2553 773 2608 formalis
801 2569 944 2622 processus
965 2551 1175 2616 institueretur,
1193 2549 1239 2604 vel
1258 2549 1359 2604 saltem
1381 2547 1498 2618 singula

317 2663 525 2718 accusationum
551 2661 645 2730 capita
670 2659 867 2730 proderentur,
887 2659 937 2712 sub
963 2675 1019 2728 qua
1038 2657 1198 2712 conditione
1223 2656 1417 2710 tantummodo
1436 2656 1498 2724 ips'c

316 2769 454 2838 Episcopo
472 2766 690 2836 significaverat,
708 2763 783 2818 ultro
802 2780 833 2818 ee
852 2762 1008 2833 paroeciam
1030 2761 1222 2816 dimissurum:
1241 2758 1290 2814 ssd
1307 2758 1375 2829 quia
1399 2757 1500 2811 decrat

316 2876 391 2930 iusta
410 2873 611 2945 persecutionis
630 2889 721 2938 causa,
742 2887 831 2942 neque
857 2869 947 2939 plebis
965 2869 1054 2941 quies,
1072 2873 1123 2923 act
1142 2865 1260 2922 Perochi
1286 2865 1362 2919 salus
1382 2863 1498 2933 pericli-

317 2985 440 3047 tabatur,
459 2982 529 3047 ideo,
549 2981 652 3046 aiebat,
671 2979 837 3048 Episcopum
857 2977 886 3030 in
905 2976 991 3031 exilio
1010 2975 1184 3030 decernendo
1206 2974 1260 3027 sibi
1279 2973 1397 3037 dixisse,
1416 2988 1499 3024 suam

317 3106 378 3145 csse
396 3088 581 3143 intentionem
600 3087 768 3142 restituendi
786 3084 945 3138 Parasitum
962 3092 1046 3152 utque
1065 3084 1105 3136 ita
1122 3083 1285 3136 incendium
1298 3078 1498 3148 curiaqueudi:

318 3195 392 3267 quod
410 3199 504 3248 tarum
523 3209 578 3247 non
599 3193 708 3246 siccem
726 3190 753 3244 id
773 3189 937 3259 Episcopum
957 3188 1059 3242 dixisse
1077 3187 1181 3253 aiebat,
1200 3201 1262 3239 cum
1276 3187 1342 3238 ante
1354 3183 1500 3238 decretum

318 3300 374 3356 diei
388 3300 422 3354 26
441 3299 569 3353 Octobris
584 3297 653 3352 1857
665 3296 738 3351 idem
751 3295 877 3350 Antiates
891 3293 945 3348 sibi
961 3309 1029 3349 vocs
1042 3291 1221 3358 declarasset,
1232 3294 1384 3362 praesume
1393 3305 1500 3360 meroe

319 3415 380 3467 cine
400 3413 493 3465 lomim
510 3426 566 3462 neu
584 3407 707 3478 amplius
725 3409 789 3477 sora
814 3405 879 3460 Titii
892 3407 1025 3475 petriam.

391 3518 520 3588 Negabat
539 3519 685 3587 practerea
710 3512 801 3567 Titius
825 3511 882 3566 alia
906 3510 1115 3566 accusationum
1135 3510 1242 3578 capita,
1263 3485 1417 3563 cuiusmodi
1437 3511 1502 3562 erat

320 3626 399 3693 illud,
417 3641 473 3697 quo
490 3625 636 3679 dicebatur
654 3639 684 3676 se
703 3621 814 3675 Vicario
831 3618 957 3674 Parocho
969 3633 1111 3672 recusasse
1124 3615 1328 3670 habitationem
1339 3631 1373 3668 ac
1385 3618 1500 3669 matera

320 3732 439 3797 similia3
457 3747 548 3801 neque
566 3748 595 3785 se
614 3729 764 3800 deliquisse
788 3727 896 3791 aiebat,
916 3725 989 3797 quod
1007 3729 1106 3780 contra
1126 3724 1230 3780 decreti
1251 3722 1499 3792 praescriptionem

319 3841 354 3896 ad
372 3841 478 3910 patrios
505 3838 578 3893 lares
605 3835 814 3905 remigraverit3
841 3833 974 3902 gravibus
1001 3833 1075 3887 enim
1105 3833 1197 3886 causis
1224 3834 1254 3886 ct
1281 3830 1500 3884 necessitatibus

321 3952 436 4005 adactus
454 3949 481 4003 id
500 3948 574 4002 lecit.
601 3946 693 4008 Quare
712 3944 854 4000 decretum
880 3942 915 3996 26
935 3941 1064 3995 Octobris
1089 3940 1195 3994 nullius
1218 3939 1327 3993 roboris
1350 3953 1412 3992 esse
1431 3953 1500 3990 con-

321 4056 459 4111 eludebat.

310 4187 312 4194 ⁴
393 4163 505 4218 irritum
525 4165 554 4216 et
571 4159 647 4214 aliud
666 4157 854 4227 suspensionis
872 4154 1014 4209 decretum
1042 4169 1102 4208 esse
1121 4151 1322 4215 contendebat,
1342 4148 1416 4220 quod
1439 4147 1501 4204 ideo

323 4271 412 4325 latum
430 4269 500 4335 suit,
518 4267 586 4339 quia
604 4266 688 4336 priori
708 4265 821 4319 decreto
846 4278 901 4315 non
926 4258 1177 4328 obtemperaveritt
1195 4257 1256 4326 ipse
1275 4257 1348 4310 enim
1368 4255 1403 4308 ad
1423 4254 1449 4306 S.
1469 4253 1500 4308 C.

324 4376 580 4448 pro‘declaratione
599 4372 739 4428 nullitatis
757 4369 879 4425 eiusdem
899 4368 979 4438 primi
1005 4365 1110 4422 decreti
1136 4364 1342 4434 appellaverat:
1363 4363 1500 4431 pendente
