3290 5100
314 291 379 355 544
567 309 571 317 ·
773 313 978 363 resecarunt
1004 317 1025 362 1.

385 432 427 486 III.
446 434 659 490 oeconomicam
686 439 867 493 remotionem
892 455 927 494 en
951 439 1054 510 duplici
1081 457 1165 494 causa
1189 442 1267 507 fleri,
1292 459 1327 496 ox
1348 442 1492 510 imperitia

313 559 412 614 nempe
431 549 459 599 et
478 545 660 600 inidoueitate
680 545 797 599 Parochi
816 545 851 598 ad
870 547 1026 616 paroeciam
1046 552 1077 602 ut
1096 565 1146 618 par
1163 554 1207 603 ost
1226 549 1384 618 cogendam,
1397 547 1442 604 vol
1455 565 1491 603 ex

313 651 392 721 gravi
411 652 474 706 odio
493 657 523 706 et
541 652 686 707 aversione
700 653 798 722 plebis,
811 655 912 724 quibus
926 655 1096 722 extantibus,
1111 656 1252 710 Paroehus
1265 657 1411 726 paroeciae
1423 672 1493 711 suaa

313 755 459 813 consulere
477 775 532 813 non
553 759 646 828 possit.

385 864 416 917 V.
437 865 466 919 Iu
487 869 667 936 temporanea
684 867 864 922 oeconomica
883 869 1038 922 remotione
1057 868 1185 930 Parochi,
1198 886 1258 924 esse
1272 870 1418 938 paroeciae
1430 886 1494 923 suc·

312 969 477 1025 currendum
498 987 546 1040 per
565 970 828 1040 administratorem,
847 959 900 1027 seri
916 973 1045 1028 idoneum
1065 973 1209 1028 vicarium
1222 974 1270 1045 qui
1285 973 1359 1029 vices
1371 972 1493 1028 Parochi

312 1079 449 1151 suppleat,
468 1097 557 1152 aequa
577 1082 703 1151 portione
726 1081 882 1136 reddituum
904 1081 1059 1150 adsignata

385 1185 429 1240 VI.
450 1187 567 1242 Decreta
590 1189 769 1243 oeconomica
794 1193 985 1260 perpetuaque
1009 1189 1173 1256 remotione,
1192 1189 1407 1242 succurrendum
1429 1203 1493 1243 osse

313 1292 438 1348 Parocho
456 1295 647 1364 assignatione
665 1295 783 1351 alterius
801 1296 939 1351 beneficii.

383 1400 441 1456 VII.
461 1401 490 1454 ln
505 1403 643 1472 praesenti
657 1419 723 1457 casu
737 1403 920 1459 intervenisse
933 1419 1046 1473 gravem
1062 1403 1291 1472 parochianorum
1305 1404 1493 1468 aversionem,

311 1511 340 1562 ot
358 1507 505 1562 relativam
525 1507 625 1562 saltem
645 1507 763 1562 Perochi
784 1508 994 1564 inidoueitatem
1015 1509 1048 1564 ad
1068 1513 1242 1579 praesentem
1265 1509 1424 1580 paroeciam
1445 1525 1493 1563 re·

311 1615 438 1684 gentiam.

382 1721 453 1775 VIII.
473 1693 597 1794 porriges
615 1722 728 1792 insuper
745 1739 801 1776 non
820 1737 881 1776 osee
899 1721 1091 1776 confundenda
1112 1722 1238 1793 Episcopi
1253 1723 1366 1777 decreta
1383 1721 1493 1775 inhibi-

311 1827 383 1881 toria
401 1844 464 1882 cum
482 1827 602 1884 decretis
620 1828 745 1883 formalis
763 1829 951 1896 suspensionis
970 1831 1018 1900 (I).

378 4423 409 4479 (Ι)
424 4426 460 4467 IIx
474 4423 614 4479 ephemertde
629 4427 686 4470 Acta
701 4427 724 4468 S.
743 4425 815 4476 Sedu,
830 4426 883 4470 Vol,
899 4427 935 4478 II,
947 4439 973 4482 p.
988 4425 1049 4469 2⁷0.
