3306 5102
339 313 404 378 318
857 332 946 378 rans
971 333 992 377 1.

339 454 461 519 habens
477 455 564 521 illum
589 453 734 518 ordinem
758 474 918 519 exercere
941 473 1006 518 non
1030 457 1143 539 potest.
1163 487 1180 500 -
1198 452 1359 536 Siquidem
1375 454 1515 520 clericus

339 599 403 643 non
426 578 640 645 subdiaconus
655 581 680 644 si
697 584 806 644 cantet
821 578 986 666 epistolam
1010 578 1080 643 sine
1103 577 1287 662 maminoto,
1304 583 1361 644 aut
1375 579 1516 644 clericus

339 723 402 768 non
419 703 571 768 diaconus
587 703 789 788 evangelium
801 704 874 768 siue
884 704 970 769 stola
986 722 1051 767 non
1067 700 1102 766 fit
1118 702 1318 787 irregularis.
1337 701 1515 768 Praeterea

339 828 433 895 debet
455 827 534 893 ordo
557 830 706 895 exerceri
724 849 766 893 ex
783 827 965 895 temeraria
984 827 1275 912 praesumptione,
1299 827 1380 893 adeo
1404 833 1441 893 ut
1464 849 1516 894 ex-

339 958 430 1019 cuset
452 953 636 1038 ignorantia
659 970 775 1018 erasm
800 950 1190 1036 accommodentur
1212 969 1255 1014 an
1277 955 1413 1015 excuset
1439 954 1516 1035 affe-

338 1077 454 1148 ctata?
478 1081 574 1145 Hanc
596 1099 755 1144 excusare
779 1081 928 1165 opinatur
943 1080 984 1144 cl.
1002 1079 1167 1163 casparini,
1183 1099 1218 1144 u.
1235 1076 1318 1153 336,
1339 1079 1516 1144 advertens

339 1210 371 1272 in
388 1197 529 1275 textibus
544 1207 625 1290 legis
641 1205 812 1290 compesci,
824 1209 969 1288 propter
983 1203 1214 1278 temeritatem,
1231 1224 1404 1288 usurpare
1416 1225 1515 1289 prae-

337 1337 505 1398 sumentes
510 1349 524 1414 ;
539 1330 595 1395 sed
612 1350 670 1394 nos
693 1349 751 1396 suo
766 1328 838 1395 loco
854 1350 889 1394 o.
907 1328 966 1402 32,
982 1331 1005 1411 g
1020 1327 1052 1402 4,
1071 1330 1162 1394 iuxta
1177 1331 1431 1396 communiorem
1448 1351 1515 1397 sen·

338 1460 471 1524 tentiam
502 1456 724 1543 probavimus,
757 1457 874 1523 exinde
906 1477 1066 1523 excusare
1096 1455 1264 1522 dumtaxat
1298 1459 1515 1542 ignorantiam

339 1601 492 1648 massam
516 1582 741 1664 aluminum.

427 1705 503 1772 222.
530 1707 724 1776 Praeterea.
750 1705 824 1789 quid
849 1706 941 1778 iuris,
966 1706 992 1770 si
1016 1705 1086 1788 quis
1110 1705 1142 1768 in
1166 1706 1321 1790 ponendis
1344 1727 1369 1770 s.
1394 1707 1517 1774 ordinis

236 1907 239 1912 ¹
338 1831 462 1896 actibus
486 1851 550 1895 non
573 1828 691 1895 babeat
714 1830 925 1894 intentionem
948 1827 1123 1914 peragendi
1147 1829 1230 1913 quod
1252 1830 1332 1895 facit
1347 1830 1517 1898 Ecclesia?

288 2049 292 2056 Ι
340 1959 381 2022 Et
393 1956 455 2022 hoc
467 1955 539 2022 fleri
554 1961 659 2042 potest
671 1975 767 2039 quum
784 1957 931 2020 minister
947 1956 1015 2020 sive
1027 1975 1073 2021 eat
1087 1954 1160 2021 ioco
1173 1961 1257 2042 agat,
1271 1957 1342 2021 sive
1357 1975 1401 2021 ex
1415 1957 1517 2023 simu·

339 2083 474 2148 tatone.
494 2117 511 2130 -
530 2081 665 2155 Quando
689 2080 868 2146 huiusmodi
892 2085 984 2145 actus
1006 2081 1047 2145 sit
1069 2065 1201 2147 torosos
1217 2086 1250 2146 et
1264 2083 1421 2156 scenicus,
1439 2103 1517 2148 sane

340 2209 372 2272 in
388 2227 426 2271 eo
444 2225 545 2292 grave
561 2211 610 2271 est
626 2205 796 2290 piaculum,
813 2205 868 2270 sed
884 2205 1116 2290 irregularitati
1139 2225 1203 2269 non
1219 2211 1268 2270 est
1282 2206 1383 2278 loeus,
1400 2210 1517 2293 quippe

339 2352 443 2417 neque
467 2333 684 2417 specietenus
707 2352 802 2397 sacer
817 2331 896 2396 ordo
913 2335 1097 2397 exercetur.
1114 2367 1129 2378 -
1147 2331 1287 2396 Gravior
1306 2335 1452 2416 quaestio
1467 2342 1517 2398 est

339 2457 623 2524 insimulatione.
656 2457 735 2524 Cum
759 2457 883 2544 primia,
909 2459 940 2520 in
964 2454 1126 2521 nonnullis
1157 2455 1280 2522 actibus
1302 2459 1356 2541 qui
1389 2458 1421 2522 in
1445 2479 1517 2524 esse

339 2607 396 2652 suo
419 2585 556 2672 perlecti
588 2590 663 2649 sunt
694 2605 737 2650 ex
765 2583 966 2649 institutione
987 2581 1154 2648 Ecclesiae
1189 2580 1309 2666 absque
1339 2569 1517 2649 intentione

339 2711 478 2796 agentis,
502 2707 637 2794 proinde
661 2709 795 2773 intentio
818 2706 899 2772 nihil
927 2709 1037 2774 mutat.
1069 2707 1160 2772 lllius
1183 2709 1314 2793 generis
1336 2711 1413 2774 suut
1437 2727 1514 2774 non-

340 2835 447 2899 nullae
464 2833 696 2906 caeremoniae,
714 2833 813 2898 veluti
831 2849 951 2899 canere
967 2833 1171 2918 evangelium
1187 2851 1264 2898 cum
1275 2835 1362 2900 stolo
1374 2837 1516 2918 pertinet

339 2959 482 3030 diacono.
507 2959 610 3023 itaut
635 2957 848 3023 subdiaconus
871 2957 934 3021 hoc
957 2957 1016 3022 sibi
1040 2976 1199 3041 usurpans
1221 2961 1377 3022 exerceat
1399 2965 1514 3025 actum

339 3105 409 3154 uon
431 3105 541 3157 mum,
563 3086 694 3166 eiusque
710 3084 845 3148 intentio
862 3082 941 3147 nihil
958 3085 1083 3147 mutare
1106 3081 1223 3147 valeat.
1243 3117 1260 3130 -
1278 3083 1305 3147 E
1322 3089 1438 3148 contra
1462 3087 1514 3150 alii

339 3216 429 3276 actus
444 3214 593 3275 constant
607 3229 649 3274 ex
666 3213 758 3294 parte
775 3208 1003 3273 coeremoniali
1016 3209 1105 3291 quasi
1121 3207 1307 3275 accessoria
1318 3208 1374 3274 sed
1387 3211 1516 3292 princi

336 3336 463 3418 politer
477 3353 519 3398 ex
536 3340 625 3399 certo
637 3331 702 3398 tine
716 3333 769 3398 cui
784 3331 995 3413 destinantur,
1013 3352 1108 3416 quem
1123 3330 1219 3396 finem
1236 3331 1406 3398 intendere
1423 3333 1516 3400 debet

341 3461 503 3534 minister;
535 3459 580 3523 ita
610 3479 645 3524 se
676 3458 797 3524 habent
827 3457 984 3523 absolutio
1014 3449 1269 3534 sacramentalis,
1302 3457 1514 3528 confirmatio.

340 3606 364 3650 s.
382 3583 551 3648 ordinatio.
569 3619 587 3632 -
605 3583 650 3649 Gl.
669 3583 834 3668 Gasparri,
850 3603 884 3648 u.
902 3581 986 3658 337,
1003 3581 1161 3649 adhaeret
1175 3584 1355 3649 sententiae
1372 3583 1516 3650 Suaresii

339 3710 534 3774 autumantis
564 3708 765 3773 simulantem
792 3728 857 3772 non
885 3704 1028 3793 effugere
1051 3707 1324 3793 irregularitatem
1356 3711 1442 3793 quia,
1470 3712 1515 3777 uti

340 3835 432 3898 docet
448 3833 577 3902 Suarez.
595 3832 704 3902 XLll.
721 3831 754 3902 4,
771 3833 832 3896 18:
850 3851 867 3894 ιι
942 3831 1025 3896 haec
1040 3831 1096 3896 lex
1113 3831 1214 3897 solum
1239 3833 1376 3899 intendit
1399 3835 1516 3920 punire

339 3955 545 4040 sacrilegium
570 3953 652 4037 quod
677 3955 885 4019 committitur
907 3955 941 4018 in
964 3955 1172 4039 usurpatione
1193 3956 1363 4023 ministerii
1380 3953 1516 4024 alicuius

340 4077 476 4151 ordinis:
492 4077 532 4142 ad
548 4097 643 4163 quam
661 4080 900 4162 usurpationem
917 4077 1034 4144 sufficit
1049 4079 1197 4144 voluntas
1212 4079 1352 4144 faciendi
1368 4084 1516 4148 exterius

341 4199 561 4274 ministerium,
585 4200 662 4265 licet
684 4197 740 4274 fiat
763 4203 832 4265 sine
855 4203 1033 4267 intentione
1056 4199 1248 4268 conficiendi
1276 4209 1515 4269 sacramentum

340 4344 422 4407 quae
437 4325 604 4390 moraliter
620 4325 821 4410 impossibilis
833 4313 963 4393 estsine
979 4345 1104 4392 errore.
1116 4346 1134 4392 s
1148 4327 1239 4392 Haec
1255 4347 1333 4392 sane
1345 4333 1395 4392 est
1405 4329 1517 4412 gravis

341 4448 422 4512 ratio
438 4466 519 4532 quae
533 4452 642 4513 tamen
661 4467 727 4512 non
746 4451 846 4515 morit
862 4447 1060 4515 D’Annibele
1075 4453 1129 4535 qui
1146 4453 1179 4516 in
1194 4457 1276 4517 uota
1291 4452 1350 4528 29,
1368 4451 1407 4537 (Ι,
1426 4452 1515 4534 411),
