3290 5100
298 267 366 336 512
822 287 906 336 runs
930 287 953 334 1.

298 412 545 498 promulgentur
561 417 593 477 et
608 411 845 478 demandentur
860 413 1058 477 executioni.
1076 446 1094 460 -
1108 411 1204 478 Alios
1219 411 1429 498 intelligimus
1443 411 1487 475 ab

298 537 375 622 ipsis
401 536 545 622 partibus
569 535 726 602 habentes
757 557 899 611 causam,
926 537 1027 602 veluti
1054 541 1203 622 aperies,
1226 541 1485 620 procuratores.

298 665 504 734 euecutores.
529 661 581 726 vel
604 660 734 746 affines,
758 661 1043 748 compupuiueos.

388 785 604 860 Quamobrem
628 804 748 852 eorum
765 805 870 852 causa
891 782 1020 872 (nempe
1036 805 1079 851 ne
1094 791 1170 852 actu
1186 783 1325 851 debitam
1341 785 1488 850 habeant

298 909 546 996 publicationem
569 915 625 977 aut
648 911 887 999 executionem)
912 911 966 976 vel
997 912 1058 998 ipsi
1089 912 1300 997 impetrantes
1324 911 1488 996 rescripta

298 1035 366 1100 sive
390 1036 515 1128 gratiae
539 1037 607 1100 sive
636 1036 786 1108 iustitiae,
811 1035 863 1100 vel
891 1036 1033 1122 partium
1065 1040 1307 1120 procuratores,
1330 1039 1485 1120 agentes,

299 1161 427 1234 notarii,
453 1165 657 1242 executores,
682 1160 938 1226 subexecutores
961 1159 1019 1244 (uti
1043 1159 1143 1226 babet
1158 1194 1176 1208 -
1198 1158 1294 1224 Bulla
1317 1159 1448 1224 Coenae
1466 1195 1483 1208 -

298 1281 391 1369 513)
415 1302 475 1368 per
498 1283 633 1348 iniurias
649 1283 755 1348 reales
778 1283 811 1347 in
836 1303 955 1367 corpus
971 1281 1046 1368 (boc
1066 1287 1117 1348 est
1139 1282 1287 1366 taedere)
1307 1287 1341 1348 et
1362 1301 1487 1368 graves

298 1405 439 1471 morales
454 1407 639 1471 coactiones
654 1405 728 1489 (boc
745 1411 794 1471 est
814 1405 1101 1492 perterrefacere)
1122 1403 1337 1491 prohibentur
1358 1405 1399 1470 ab
1424 1425 1487 1470 usu

298 1532 351 1595 vel
367 1529 407 1595 ab
423 1533 616 1596 executione
631 1536 778 1596 actorum
799 1529 889 1597 Sedis
907 1531 1114 1616 Apostolicae
1137 1531 1269 1614 eiusque
1286 1531 1486 1616 Legatorum

298 1661 331 1720 et
354 1655 593 1740 Delegatorum.

432 1777 466 1862 4)
490 1777 572 1852 Quia
595 1798 767 1844 versamur
791 1779 823 1844 in
848 1797 886 1843 re
910 1777 1073 1844 criminali
1101 1778 1263 1863 quaelibet
1286 1798 1362 1864 pars
1385 1779 1486 1844 huius

298 1901 522 1988 dispositionis,
546 1903 671 1998 scilicet
698 1905 767 1968 sive
790 1924 950 1971 recursus
981 1905 1049 1970 sive
1071 1903 1316 1987 impedimenta
1340 1906 1373 1968 in
1396 1907 1485 1970 Acta

299 2026 416 2092 Curiae
434 2027 525 2092 Rom.
543 2027 659 2111 quoad
674 2026 876 2093 enercitium
897 2028 1078 2110 potestatis
1092 2027 1334 2093 ecclesiasticae
1352 2031 1485 2111 oportet

299 2150 381 2235 quod
398 2153 581 2236 respective
596 2172 688 2216 suurn
705 2151 906 2216 obtinuerint
922 2147 1089 2226 effectum;
1111 2171 1183 2216 curn
1200 2153 1323 2217 sanctio
1343 2153 1486 2237 attingat

298 2274 429 2349 facturn,
448 2271 566 2341 effectu
580 2280 726 2360 sequuto.
744 2275 873 2341 Verum
891 2275 1047 2340 Doctores
1064 2296 1128 2340 non
1144 2295 1255 2342 omnes
1271 2277 1304 2340 in
1319 2275 1383 2340 hoc
1401 2295 1484 2340 con-

297 2401 448 2475 veniunt;
475 2399 529 2485 (cl.
547 2398 730 2464 Lebmkuhl
749 2397 805 2484 (ll,
826 2399 905 2486 933)
922 2401 976 2484 qui
996 2396 1147 2466 effectum
1166 2399 1390 2486 prohibitionis
1414 2421 1484 2466 non

238 2601 243 2610 .
298 2523 493 2610 expostulat)
516 2523 572 2590 sed
604 2525 679 2608 quia
708 2525 786 2590 hinc
818 2525 892 2591 inde
924 2525 1014 2591 adest
1046 2524 1221 2611 probabilis
1250 2527 1367 2611 opinio,
1391 2527 1485 2612 viget

298 2646 439 2714 dubium
463 2647 550 2713 iuris
575 2653 608 2712 et
630 2647 708 2712 hinc
731 2648 823 2733 quod
847 2647 1032 2713 minimum
1055 2652 1103 2714 est
1123 2648 1310 2734 sequimur.

432 2773 465 2860 5)
490 2774 623 2839 Demum
642 2809 658 2821 -
676 2773 895 2857 prohibentes
915 2809 932 2822 -
953 2775 988 2839 hi
1015 2779 1090 2839 sunt
1112 2775 1166 2858 qui
1190 2773 1319 2858 publica
1341 2775 1484 2839 auctori·

297 2902 364 2963 tate
386 2898 568 2983 prohibent.
596 2935 613 2948 -
639 2898 767 2964 Etenim
792 2903 898 2963 utrum
923 2898 977 2963 alii
1003 2917 1129 2983 quoque
1162 2897 1484 2984 comprehendantur

293 3021 424 3104 privati
442 3021 660 3105 prohibentes
683 3042 747 3086 non
771 3023 925 3088 convenit
946 3021 1032 3106 apud
1052 3022 1222 3103 ductores,
1247 3027 1279 3086 et
1302 3021 1337 3084 hi
1360 3022 1482 3107 privati

298 3150 450 3210 tenentur
473 3147 577 3231 potius
594 3147 760 3212 sanctione
781 3143 904 3210 inflicta
926 3145 963 3210 in
982 3150 1208 3228 recurrentes,
1226 3144 1397 3210 taedentes
1420 3150 1483 3210 aut

293 3268 623 3352 perterrefacientes.
650 3270 700 3336 Ol.
725 3268 935 3345 D’Auuibale‚
963 3271 1090 3338 Comm.
1114 3291 1147 3336 n.
1174 3269 1215 3335 71
1236 3289 1306 3354 sep.

387 3391 464 3458 446.
489 3393 667 3457 Praeterea
691 3393 856 3458 articulus
881 3393 904 3458 9
926 3412 995 3478 seq.
1019 3392 1158 3458 consulit
1189 3392 1367 3478 integritati
1396 3410 1481 3456 non-

298 3519 459 3584 nullorum
490 3525 638 3583 actorum
663 3515 919 3592 Pontificalium‚
946 3537 1057 3582 eorum
1090 3537 1205 3604 nempe
1236 3537 1318 3600 quae
1345 3515 1482 3602 abipso

299 3639 457 3707 Pontifice
484 3639 732 3728 proficiscuntur
762 3642 894 3726 eiusque
926 3642 1151 3737 auctoritatem
1183 3640 1364 3706 immediate
1395 3640 1483 3706 refe-

297 3773 382 3835 runt.
409 3767 630 3854 Compescitur
661 3769 746 3834 enim
777 3769 1114 3834 excommunicatione
1132 3739 1270 3834 ‘utmen
1292 3765 1375 3850 satri
1401 3785 1481 3850 per-

297 3899 458 3980 petratum
483 3895 515 3957 in
540 3893 673 3958 Litteris
690 3892 894 3978 Apostolicis.
914 3893 1044 3957 Revera
1060 3891 1168 3957 Const
1184 3890 1249 3972 Ap.
1267 3888 1375 3962 Sedis,
1392 3890 1483 3954 inter

297 4037 463 4085 eucomm.
488 4036 538 4101 sp.
564 4017 664 4084 modo
695 4023 887 4084 reservatas
917 4016 979 4083 sub
1009 4036 1042 4081 n.
1070 4017 1102 4092 9,
1128 4015 1219 4080 Rom.
1249 4015 1356 4095 Pont,
1381 4012 1484 4080 edicit

297 4145 611 4212 excommunicatos:
635 4165 653 4208 c
672 4143 794 4210 Omnes
807 4142 971 4227 falsarios
988 4142 1180 4209 litterarum
1199 4138 1483 4223 Apostolum-um

296 4273 398 4338 etiam
421 4271 458 4336 in
480 4269 597 4354 formu
614 4269 742 4345 Breuis,
767 4288 810 4336 uc
832 4268 1123 4352 supplicationum
1137 4265 1289 4354 pretium
1311 4266 1365 4330 vet
1387 4265 1482 4333 iusti·

297 4396 380 4462 tium
404 4393 681 4461 concernentium
699 4412 767 4476 per
789 4392 986 4460 Romanum
1014 4391 1212 4478 Pontificem
1234 4390 1286 4456 vet
1309 4385 1343 4452 S.
1372 4388 1412 4453 R.
1439 4391 1479 4456 E.
