<?xml version="1.0" encoding="UTF-8"?>
<!DOCTYPE html PUBLIC "-//W3C//DTD XHTML 1.0 Transitional//EN"
    "http://www.w3.org/TR/xhtml1/DTD/xhtml1-transitional.dtd">
<html xmlns="http://www.w3.org/1999/xhtml" xml:lang="en" lang="en">
 <head>
  <title>
</title>
<meta http-equiv="Content-Type" content="text/html;charset=utf-8" />
  <meta name='ocr-system' content='tesseract 3.04.00' />
  <meta name='ocr-capabilities' content='ocr_page ocr_carea ocr_par ocr_line ocrx_word'/>
</head>
<body>
  <div class='ocr_page' id='page_1' title='image "./praelectionesin02legagoog_0040.png"; bbox 0 0 3312 5108; ppageno 0'>
   <div class='ocr_carea' id='block_1_1' title="bbox 548 309 1353 384">
    <p class='ocr_par' dir='ltr' id='par_1_1' title="bbox 548 309 1353 384">
     <span class='ocr_line' id='line_1_1' title="bbox 548 309 1353 384; baseline -0.004 -10"><span class='ocrx_word' id='word_1_1' title='bbox 548 327 592 374; x_wconf 81' lang='lat' dir='ltr'><strong>nr</strong></span> <span class='ocrx_word' id='word_1_2' title='bbox 617 325 768 384; x_wconf 42' lang='lat' dir='ltr'><strong>nutrioris</strong></span> <span class='ocrx_word' id='word_1_3' title='bbox 792 327 835 377; x_wconf 81' lang='lat' dir='ltr'><strong>er</strong></span> <span class='ocrx_word' id='word_1_4' title='bbox 858 325 981 374; x_wconf 74' lang='lat' dir='ltr'><strong>Porrus</strong></span> <span class='ocrx_word' id='word_1_5' title='bbox 1308 309 1353 380; x_wconf 84' lang='lat'><strong>35</strong></span> 
     </span>
    </p>
   </div>
   <div class='ocr_carea' id='block_1_2' title="bbox 172 449 1382 2040">
    <p class='ocr_par' dir='ltr' id='par_1_2' title="bbox 172 449 1382 1904">
     <span class='ocr_line' id='line_1_2' title="bbox 263 449 1349 539; baseline 0.006 -21"><span class='ocrx_word' id='word_1_6' title='bbox 263 455 369 518; x_wconf 88' lang='lat' dir='ltr'><strong>Porro</strong></span> <span class='ocrx_word' id='word_1_7' title='bbox 401 451 441 517; x_wconf 90' lang='lat' dir='ltr'><strong>ad</strong></span> <span class='ocrx_word' id='word_1_8' title='bbox 471 451 703 517; x_wconf 81' lang='lat' dir='ltr'><strong>aestimandam</strong></span> <span class='ocrx_word' id='word_1_9' title='bbox 732 451 840 518; x_wconf 90' lang='lat' dir='ltr'><strong>delicti</strong></span> <span class='ocrx_word' id='word_1_10' title='bbox 871 451 1030 517; x_wconf 89' lang='lat' dir='ltr'><strong>rationem</strong></span> <span class='ocrx_word' id='word_1_11' title='bbox 1062 449 1184 539; x_wconf 86' lang='lat' dir='ltr'><strong>duplex</strong></span> <span class='ocrx_word' id='word_1_12' title='bbox 1207 455 1349 524; x_wconf 86' lang='lat' dir='ltr'><strong>conside·</strong></span> 
     </span>
     <span class='ocr_line' id='line_1_3' title="bbox 173 549 1382 664; baseline 0 -22"><span class='ocrx_word' id='word_1_13' title='bbox 173 549 308 642; x_wconf 85' lang='lat' dir='ltr'><strong>randum</strong></span> <span class='ocrx_word' id='word_1_14' title='bbox 321 581 370 642; x_wconf 90' lang='lat' dir='ltr'><strong>est</strong></span> <span class='ocrx_word' id='word_1_15' title='bbox 382 576 551 652; x_wconf 88' lang='lat' dir='ltr'><strong>damnum;</strong></span> <span class='ocrx_word' id='word_1_16' title='bbox 568 576 705 642; x_wconf 88' lang='lat' dir='ltr'><strong>alterum</strong></span> <span class='ocrx_word' id='word_1_17' title='bbox 721 576 971 650; x_wconf 77' lang='lat' dir='ltr'><strong>immediatum,</strong></span> <span class='ocrx_word' id='word_1_18' title='bbox 987 577 1176 664; x_wconf 83' lang='lat' dir='ltr'><strong>mediatum</strong></span> <span class='ocrx_word' id='word_1_19' title='bbox 1197 578 1346 645; x_wconf 81' lang='lat' dir='ltr'><strong>alterum</strong></span> <span class='ocrx_word' id='word_1_20' title='bbox 1377 629 1382 642; x_wconf 90' lang='lat'>.</span> 
     </span>
     <span class='ocr_line' id='line_1_4' title="bbox 174 699 1352 788; baseline 0.002 -20"><span class='ocrx_word' id='word_1_21' title='bbox 174 704 293 788; x_wconf 86' lang='lat' dir='ltr'><strong>Reipsa</strong></span> <span class='ocrx_word' id='word_1_22' title='bbox 320 721 363 768; x_wconf 83' lang='lat' dir='ltr'><strong>ex</strong></span> <span class='ocrx_word' id='word_1_23' title='bbox 390 701 470 766; x_wconf 89' lang='lat' dir='ltr'><strong>iuris</strong></span> <span class='ocrx_word' id='word_1_24' title='bbox 490 701 635 767; x_wconf 90' lang='lat' dir='ltr'><strong>laesione</strong></span> <span class='ocrx_word' id='word_1_25' title='bbox 658 699 810 766; x_wconf 88' lang='lat' dir='ltr'><strong>damnum</strong></span> <span class='ocrx_word' id='word_1_26' title='bbox 834 700 1030 767; x_wconf 85' lang='lat' dir='ltr'><strong>immediate</strong></span> <span class='ocrx_word' id='word_1_27' title='bbox 1054 700 1181 767; x_wconf 89' lang='lat' dir='ltr'><strong>derivat</strong></span> <span class='ocrx_word' id='word_1_28' title='bbox 1204 704 1233 767; x_wconf 90' lang='lat' dir='ltr'><strong>ei</strong></span> <span class='ocrx_word' id='word_1_29' title='bbox 1261 705 1352 770; x_wconf 92' lang='lat' dir='ltr'><strong>cuius</strong></span> 
     </span>
     <span class='ocr_line' id='line_1_5' title="bbox 173 825 1354 911; baseline -0.001 -20"><span class='ocrx_word' id='word_1_30' title='bbox 173 827 312 894; x_wconf 80' lang='lat' dir='ltr'><strong>laeditur</strong></span> <span class='ocrx_word' id='word_1_31' title='bbox 335 829 395 892; x_wconf 89' lang='lat' dir='ltr'><strong>ius.</strong></span> <span class='ocrx_word' id='word_1_32' title='bbox 420 825 482 894; x_wconf 87' lang='lat' dir='ltr'><strong>Sed</strong></span> <span class='ocrx_word' id='word_1_33' title='bbox 507 825 681 911; x_wconf 91' lang='lat' dir='ltr'><strong>aliquando</strong></span> <span class='ocrx_word' id='word_1_34' title='bbox 697 825 798 891; x_wconf 91' lang='lat' dir='ltr'><strong>laesio</strong></span> <span class='ocrx_word' id='word_1_35' title='bbox 815 830 866 892; x_wconf 86' lang='lat' dir='ltr'><strong>est</strong></span> <span class='ocrx_word' id='word_1_36' title='bbox 879 829 945 890; x_wconf 83' lang='lat' dir='ltr'><strong>tam</strong></span> <span class='ocrx_word' id='word_1_37' title='bbox 962 825 1071 911; x_wconf 86' lang='lat' dir='ltr'><strong>gravis</strong></span> <span class='ocrx_word' id='word_1_38' title='bbox 1087 830 1121 890; x_wconf 90' lang='lat' dir='ltr'><strong>ut</strong></span> <span class='ocrx_word' id='word_1_39' title='bbox 1137 845 1248 892; x_wconf 89' lang='lat' dir='ltr'><strong>omnes</strong></span> <span class='ocrx_word' id='word_1_40' title='bbox 1265 826 1354 891; x_wconf 87' lang='lat' dir='ltr'><strong>cives</strong></span> 
     </span>
     <span class='ocr_line' id='line_1_6' title="bbox 173 949 1353 1038; baseline -0.002 -20"><span class='ocrx_word' id='word_1_41' title='bbox 173 954 270 1018; x_wconf 89' lang='lat' dir='ltr'><strong>timor</strong></span> <span class='ocrx_word' id='word_1_42' title='bbox 293 957 437 1037; x_wconf 83' lang='lat' dir='ltr'><strong>occupet,</strong></span> <span class='ocrx_word' id='word_1_43' title='bbox 461 953 570 1038; x_wconf 84' lang='lat' dir='ltr'><strong>legem</strong></span> <span class='ocrx_word' id='word_1_44' title='bbox 594 951 681 1018; x_wconf 90' lang='lat' dir='ltr'><strong>haud</strong></span> <span class='ocrx_word' id='word_1_45' title='bbox 696 971 767 1017; x_wconf 89' lang='lat' dir='ltr'><strong>esse</strong></span> <span class='ocrx_word' id='word_1_46' title='bbox 783 949 925 1016; x_wconf 89' lang='lat' dir='ltr'><strong>validum</strong></span> <span class='ocrx_word' id='word_1_47' title='bbox 941 949 1090 1016; x_wconf 82' lang='lat' dir='ltr'><strong>fraenum</strong></span> <span class='ocrx_word' id='word_1_48' title='bbox 1106 952 1147 1017; x_wconf 86' lang='lat' dir='ltr'><strong>ad</strong></span> <span class='ocrx_word' id='word_1_49' title='bbox 1164 951 1265 1018; x_wconf 70' lang='lat' dir='ltr'><strong>malm</strong></span> <span class='ocrx_word' id='word_1_50' title='bbox 1280 970 1353 1016; x_wconf 86' lang='lat' dir='ltr'><strong>oon·</strong></span> 
     </span>
     <span class='ocr_line' id='line_1_7' title="bbox 174 1075 1354 1153; baseline -0.001 -10"><span class='ocrx_word' id='word_1_51' title='bbox 174 1077 324 1143; x_wconf 83' lang='lat' dir='ltr'><strong>timendos</strong></span> <span class='ocrx_word' id='word_1_52' title='bbox 354 1079 388 1142; x_wconf 89' lang='lat' dir='ltr'><strong>in</strong></span> <span class='ocrx_word' id='word_1_53' title='bbox 420 1075 543 1153; x_wconf 88' lang='lat' dir='ltr'><strong>officio;</strong></span> <span class='ocrx_word' id='word_1_54' title='bbox 572 1076 658 1142; x_wconf 89' lang='lat' dir='ltr'><strong>unde</strong></span> <span class='ocrx_word' id='word_1_55' title='bbox 688 1078 830 1142; x_wconf 89' lang='lat' dir='ltr'><strong>omnium</strong></span> <span class='ocrx_word' id='word_1_56' title='bbox 853 1077 972 1141; x_wconf 90' lang='lat' dir='ltr'><strong>civium</strong></span> <span class='ocrx_word' id='word_1_57' title='bbox 1003 1077 1075 1140; x_wconf 88' lang='lat' dir='ltr'><strong>iura</strong></span> <span class='ocrx_word' id='word_1_58' title='bbox 1103 1077 1138 1140; x_wconf 94' lang='lat' dir='ltr'><strong>in</strong></span> <span class='ocrx_word' id='word_1_59' title='bbox 1168 1076 1354 1148; x_wconf 88' lang='lat' dir='ltr'><strong>discrimine</strong></span> 
     </span>
     <span class='ocr_line' id='line_1_8' title="bbox 176 1197 1352 1283; baseline -0.003 -17"><span class='ocrx_word' id='word_1_60' title='bbox 176 1221 245 1266; x_wconf 83' lang='lat' dir='ltr'><strong>esse</strong></span> <span class='ocrx_word' id='word_1_61' title='bbox 260 1199 410 1266; x_wconf 80' lang='lat' dir='ltr'><strong>videnter</strong></span> <span class='ocrx_word' id='word_1_62' title='bbox 427 1200 467 1264; x_wconf 94' lang='lat' dir='ltr'><strong>ob</strong></span> <span class='ocrx_word' id='word_1_63' title='bbox 491 1198 691 1266; x_wconf 88' lang='lat' dir='ltr'><strong>inefficacem</strong></span> <span class='ocrx_word' id='word_1_64' title='bbox 718 1197 940 1264; x_wconf 83' lang='lat' dir='ltr'><strong>defensionem</strong></span> <span class='ocrx_word' id='word_1_65' title='bbox 967 1199 1138 1275; x_wconf 86' lang='lat' dir='ltr'><strong>socialem;</strong></span> <span class='ocrx_word' id='word_1_66' title='bbox 1159 1204 1192 1264; x_wconf 90' lang='lat' dir='ltr'><strong>et</strong></span> <span class='ocrx_word' id='word_1_67' title='bbox 1218 1203 1352 1283; x_wconf 87' lang='lat' dir='ltr'><strong>praete·</strong></span> 
     </span>
     <span class='ocr_line' id='line_1_9' title="bbox 175 1320 1354 1410; baseline -0.002 -20"><span class='ocrx_word' id='word_1_68' title='bbox 175 1343 241 1397; x_wconf 82' lang='lat' dir='ltr'><strong>rea,</strong></span> <span class='ocrx_word' id='word_1_69' title='bbox 256 1343 298 1390; x_wconf 85' lang='lat' dir='ltr'><strong>ex</strong></span> <span class='ocrx_word' id='word_1_70' title='bbox 313 1325 401 1390; x_wconf 86' lang='lat' dir='ltr'><strong>facili</strong></span> <span class='ocrx_word' id='word_1_71' title='bbox 425 1320 533 1410; x_wconf 77' lang='lat' dir='ltr'><strong>leg&#39;um</strong></span> <span class='ocrx_word' id='word_1_72' title='bbox 555 1325 739 1397; x_wconf 87' lang='lat' dir='ltr'><strong>violatione,</strong></span> <span class='ocrx_word' id='word_1_73' title='bbox 770 1323 847 1388; x_wconf 90' lang='lat' dir='ltr'><strong>mali</strong></span> <span class='ocrx_word' id='word_1_74' title='bbox 869 1323 1017 1388; x_wconf 88' lang='lat' dir='ltr'><strong>homines</strong></span> <span class='ocrx_word' id='word_1_75' title='bbox 1041 1323 1081 1388; x_wconf 93' lang='lat' dir='ltr'><strong>ob</strong></span> <span class='ocrx_word' id='word_1_76' title='bbox 1108 1324 1227 1389; x_wconf 89' lang='lat' dir='ltr'><strong>malum</strong></span> <span class='ocrx_word' id='word_1_77' title='bbox 1244 1341 1354 1398; x_wconf 72' lang='lat' dir='ltr'><strong>eccene</strong></span> 
     </span>
     <span class='ocr_line' id='line_1_10' title="bbox 172 1447 1352 1532; baseline -0.004 -17"><span class='ocrx_word' id='word_1_78' title='bbox 172 1450 271 1531; x_wconf 82' lang='lat' dir='ltr'><strong>plum</strong></span> <span class='ocrx_word' id='word_1_79' title='bbox 293 1448 484 1514; x_wconf 83' lang='lat' dir='ltr'><strong>audaciores</strong></span> <span class='ocrx_word' id='word_1_80' title='bbox 506 1447 588 1514; x_wconf 88' lang='lat' dir='ltr'><strong>flunt</strong></span> <span class='ocrx_word' id='word_1_81' title='bbox 608 1450 640 1514; x_wconf 90' lang='lat' dir='ltr'><strong>in</strong></span> <span class='ocrx_word' id='word_1_82' title='bbox 664 1447 889 1532; x_wconf 90' lang='lat' dir='ltr'><strong>delinquendo.</strong></span> <span class='ocrx_word' id='word_1_83' title='bbox 915 1449 965 1512; x_wconf 84' lang='lat' dir='ltr'><strong>En</strong></span> <span class='ocrx_word' id='word_1_84' title='bbox 990 1447 1139 1513; x_wconf 88' lang='lat' dir='ltr'><strong>damnum</strong></span> <span class='ocrx_word' id='word_1_85' title='bbox 1164 1447 1352 1513; x_wconf 83' lang='lat' dir='ltr'><strong>mediatum</strong></span> 
     </span>
     <span class='ocr_line' id='line_1_11' title="bbox 175 1572 1354 1659; baseline 0 -19"><span class='ocrx_word' id='word_1_86' title='bbox 175 1574 299 1650; x_wconf 89' lang='lat' dir='ltr'><strong>delicti;</strong></span> <span class='ocrx_word' id='word_1_87' title='bbox 325 1579 357 1640; x_wconf 89' lang='lat' dir='ltr'><strong>et</strong></span> <span class='ocrx_word' id='word_1_88' title='bbox 381 1579 430 1641; x_wconf 88' lang='lat' dir='ltr'><strong>est</strong></span> <span class='ocrx_word' id='word_1_89' title='bbox 453 1574 604 1641; x_wconf 89' lang='lat' dir='ltr'><strong>damnum</strong></span> <span class='ocrx_word' id='word_1_90' title='bbox 633 1577 766 1649; x_wconf 78' lang='lat' dir='ltr'><strong>sociate,</strong></span> <span class='ocrx_word' id='word_1_91' title='bbox 798 1595 858 1640; x_wconf 88' lang='lat' dir='ltr'><strong>seu</strong></span> <span class='ocrx_word' id='word_1_92' title='bbox 879 1575 1079 1658; x_wconf 62' lang='lat' dir='ltr'><strong>politicum</strong></span> <span class='ocrx_word' id='word_1_93' title='bbox 1103 1594 1200 1659; x_wconf 92' lang='lat' dir='ltr'><strong>quum</strong></span> <span class='ocrx_word' id='word_1_94' title='bbox 1224 1572 1354 1640; x_wconf 85' lang='lat' dir='ltr'><strong>auferat</strong></span> 
     </span>
     <span class='ocr_line' id='line_1_12' title="bbox 175 1697 1352 1784; baseline 0 -21"><span class='ocrx_word' id='word_1_95' title='bbox 175 1699 297 1764; x_wconf 90' lang='lat' dir='ltr'><strong>civibus</strong></span> <span class='ocrx_word' id='word_1_96' title='bbox 313 1700 509 1782; x_wconf 80' lang='lat' dir='ltr'><strong>opinionem</strong></span> <span class='ocrx_word' id='word_1_97' title='bbox 528 1699 668 1766; x_wconf 88' lang='lat' dir='ltr'><strong>efficacis</strong></span> <span class='ocrx_word' id='word_1_98' title='bbox 688 1700 884 1766; x_wconf 87' lang='lat' dir='ltr'><strong>defensionis</strong></span> <span class='ocrx_word' id='word_1_99' title='bbox 900 1699 1045 1776; x_wconf 80' lang='lat' dir='ltr'><strong>socialis3</strong></span> <span class='ocrx_word' id='word_1_100' title='bbox 1070 1705 1103 1766; x_wconf 91' lang='lat' dir='ltr'><strong>et</strong></span> <span class='ocrx_word' id='word_1_101' title='bbox 1124 1697 1202 1766; x_wconf 87' lang='lat' dir='ltr'><strong>hinc</strong></span> <span class='ocrx_word' id='word_1_102' title='bbox 1224 1700 1352 1784; x_wconf 88' lang='lat' dir='ltr'><strong>penitus</strong></span> 
     </span>
     <span class='ocr_line' id='line_1_13' title="bbox 176 1815 796 1904; baseline 0.005 -18"><span class='ocrx_word' id='word_1_103' title='bbox 176 1820 322 1886; x_wconf 89' lang='lat' dir='ltr'><strong>ordinem</strong></span> <span class='ocrx_word' id='word_1_104' title='bbox 352 1821 504 1904; x_wconf 82' lang='lat' dir='ltr'><strong>socialem</strong></span> <span class='ocrx_word' id='word_1_105' title='bbox 535 1823 693 1890; x_wconf 89' lang='lat' dir='ltr'><strong>deturbat.</strong></span> <span class='ocrx_word' id='word_1_106' title='bbox 792 1815 796 1822; x_wconf 67' lang='grc'><strong><em>’</em></strong></span> 
     </span>
    </p>

    <p class='ocr_par' dir='ltr' id='par_1_3' title="bbox 265 1943 1353 2040">
     <span class='ocr_line' id='line_1_14' title="bbox 265 1943 1353 2040; baseline -0.004 -32"><span class='ocrx_word' id='word_1_107' title='bbox 265 1943 397 2008; x_wconf 79' lang='lat' dir='ltr'><strong>Revera</strong></span> <span class='ocrx_word' id='word_1_108' title='bbox 426 1947 458 2008; x_wconf 95' lang='lat' dir='ltr'><strong>in</strong></span> <span class='ocrx_word' id='word_1_109' title='bbox 495 1947 650 2011; x_wconf 84' lang='lat' dir='ltr'><strong>societate</strong></span> <span class='ocrx_word' id='word_1_110' title='bbox 664 1944 826 2040; x_wconf 84' lang='lat' dir='ltr'><strong>religiosa</strong></span> <span class='ocrx_word' id='word_1_111' title='bbox 849 1964 891 2010; x_wconf 82' lang='lat' dir='ltr'><strong>ex</strong></span> <span class='ocrx_word' id='word_1_112' title='bbox 916 1943 1033 2010; x_wconf 89' lang='lat' dir='ltr'><strong>delicto</strong></span> <span class='ocrx_word' id='word_1_113' title='bbox 1057 1945 1178 2029; x_wconf 87' lang='lat' dir='ltr'><strong>patitur</strong></span> <span class='ocrx_word' id='word_1_114' title='bbox 1200 1944 1353 2010; x_wconf 84' lang='lat' dir='ltr'><strong>damnum</strong></span> 
     </span>
    </p>
   </div>
   <div class='ocr_carea' id='block_1_3' title="bbox 178 2037 1355 2154">
    <p class='ocr_par' dir='ltr' id='par_1_4' title="bbox 178 2037 1355 2154">
     <span class='ocr_line' id='line_1_15' title="bbox 178 2037 1355 2154; baseline 0.002 -24"><span class='ocrx_word' id='word_1_115' title='bbox 178 2037 485 2148; x_wconf 48' lang='lat' dir='ltr'><strong>immediotumfut</strong></span> <span class='ocrx_word' id='word_1_116' title='bbox 509 2067 691 2153; x_wconf 82' lang='lat' dir='ltr'><strong>plurimum.</strong></span> <span class='ocrx_word' id='word_1_117' title='bbox 720 2071 788 2154; x_wconf 89' lang='lat' dir='ltr'><strong>ipse</strong></span> <span class='ocrx_word' id='word_1_118' title='bbox 815 2069 1015 2154; x_wconf 88' lang='lat' dir='ltr'><strong>delinquens,</strong></span> <span class='ocrx_word' id='word_1_119' title='bbox 1040 2070 1093 2153; x_wconf 92' lang='lat' dir='ltr'><strong>qui</strong></span> <span class='ocrx_word' id='word_1_120' title='bbox 1118 2068 1235 2134; x_wconf 81' lang='lat' dir='ltr'><strong>exinde</strong></span> <span class='ocrx_word' id='word_1_121' title='bbox 1257 2067 1355 2153; x_wconf 81' lang='lat' dir='ltr'><strong>longe</strong></span> 
     </span>
    </p>
   </div>
   <div class='ocr_carea' id='block_1_4' title="bbox 175 2173 1359 4541">
    <p class='ocr_par' dir='ltr' id='par_1_5' title="bbox 175 2173 1358 3784">
     <span class='ocr_line' id='line_1_16' title="bbox 175 2173 1354 2268; baseline 0.003 -15"><span class='ocrx_word' id='word_1_122' title='bbox 175 2189 344 2255; x_wconf 87' lang='lat' dir='ltr'><strong>aberrata</strong></span> <span class='ocrx_word' id='word_1_123' title='bbox 360 2173 541 2258; x_wconf 74' lang='lat' dir='ltr'><strong>sanctitate</strong></span> <span class='ocrx_word' id='word_1_124' title='bbox 555 2212 699 2268; x_wconf 88' lang='lat' dir='ltr'><strong>morum;</strong></span> <span class='ocrx_word' id='word_1_125' title='bbox 716 2193 772 2258; x_wconf 89' lang='lat' dir='ltr'><strong>sed</strong></span> <span class='ocrx_word' id='word_1_126' title='bbox 797 2191 946 2258; x_wconf 84' lang='lat' dir='ltr'><strong>damnum</strong></span> <span class='ocrx_word' id='word_1_127' title='bbox 971 2193 1153 2258; x_wconf 88' lang='lat' dir='ltr'><strong>refunditur</strong></span> <span class='ocrx_word' id='word_1_128' title='bbox 1168 2192 1354 2258; x_wconf 79' lang='lat' dir='ltr'><strong>mediatum</strong></span> 
     </span>
     <span class='ocr_line' id='line_1_17' title="bbox 177 2299 1356 2403; baseline 0.003 -23"><span class='ocrx_word' id='word_1_129' title='bbox 177 2318 212 2381; x_wconf 93' lang='lat' dir='ltr'><strong>in</strong></span> <span class='ocrx_word' id='word_1_130' title='bbox 235 2316 421 2382; x_wconf 88' lang='lat' dir='ltr'><strong>universam</strong></span> <span class='ocrx_word' id='word_1_131' title='bbox 445 2320 644 2392; x_wconf 75' lang='lat' dir='ltr'><strong>societatem,</strong></span> <span class='ocrx_word' id='word_1_132' title='bbox 661 2299 859 2402; x_wconf 50' lang='lat' dir='ltr'><strong>quae&#39;veluti</strong></span> <span class='ocrx_word' id='word_1_133' title='bbox 883 2302 968 2382; x_wconf 87' lang='lat' dir='ltr'><strong>malo</strong></span> <span class='ocrx_word' id='word_1_134' title='bbox 985 2319 1134 2403; x_wconf 82' lang='lat' dir='ltr'><strong>exemplo</strong></span> <span class='ocrx_word' id='word_1_135' title='bbox 1159 2313 1301 2381; x_wconf 84' lang='lat' dir='ltr'><strong>inficitur</strong></span> <span class='ocrx_word' id='word_1_136' title='bbox 1324 2321 1356 2383; x_wconf 89' lang='lat' dir='ltr'><strong>et</strong></span> 
     </span>
     <span class='ocr_line' id='line_1_18' title="bbox 177 2442 1355 2532; baseline 0.002 -26"><span class='ocrx_word' id='word_1_137' title='bbox 177 2457 222 2506; x_wconf 81' lang='lat' dir='ltr'><strong>ex</strong></span> <span class='ocrx_word' id='word_1_138' title='bbox 237 2442 347 2508; x_wconf 86' lang='lat' dir='ltr'><strong>morbo</strong></span> <span class='ocrx_word' id='word_1_139' title='bbox 364 2445 458 2509; x_wconf 89' lang='lat' dir='ltr'><strong>unius</strong></span> <span class='ocrx_word' id='word_1_140' title='bbox 480 2443 617 2512; x_wconf 90' lang='lat' dir='ltr'><strong>membri</strong></span> <span class='ocrx_word' id='word_1_141' title='bbox 633 2446 665 2509; x_wconf 90' lang='lat' dir='ltr'><strong>in</strong></span> <span class='ocrx_word' id='word_1_142' title='bbox 682 2465 739 2511; x_wconf 91' lang='lat' dir='ltr'><strong>sua</strong></span> <span class='ocrx_word' id='word_1_143' title='bbox 756 2447 947 2531; x_wconf 85' lang='lat' dir='ltr'><strong>compagine</strong></span> <span class='ocrx_word' id='word_1_144' title='bbox 970 2449 1178 2532; x_wconf 86' lang='lat' dir='ltr'><strong>pervertitur.</strong></span> <span class='ocrx_word' id='word_1_145' title='bbox 1198 2445 1279 2521; x_wconf 84' lang='lat' dir='ltr'><strong>Quia</strong></span> <span class='ocrx_word' id='word_1_146' title='bbox 1299 2444 1355 2509; x_wconf 78' lang='lat' dir='ltr'><strong>lex</strong></span> 
     </span>
     <span class='ocr_line' id='line_1_19' title="bbox 176 2539 1355 2658; baseline 0.003 -25"><span class='ocrx_word' id='word_1_147' title='bbox 176 2571 322 2655; x_wconf 88' lang='lat' dir='ltr'><strong>poenalis</strong></span> <span class='ocrx_word' id='word_1_148' title='bbox 334 2570 482 2636; x_wconf 89' lang='lat' dir='ltr'><strong>ordinata</strong></span> <span class='ocrx_word' id='word_1_149' title='bbox 498 2578 547 2637; x_wconf 91' lang='lat' dir='ltr'><strong>est</strong></span> <span class='ocrx_word' id='word_1_150' title='bbox 563 2571 603 2636; x_wconf 93' lang='lat' dir='ltr'><strong>ad</strong></span> <span class='ocrx_word' id='word_1_151' title='bbox 614 2539 859 2658; x_wconf 70' lang='lat' dir='ltr'><strong>praecavendae</strong></span> <span class='ocrx_word' id='word_1_152' title='bbox 883 2561 1143 2639; x_wconf 88' lang='lat' dir='ltr'><strong>deordinationes</strong></span> <span class='ocrx_word' id='word_1_153' title='bbox 1166 2572 1287 2637; x_wconf 88' lang='lat' dir='ltr'><strong>ordinis</strong></span> <span class='ocrx_word' id='word_1_154' title='bbox 1303 2589 1355 2636; x_wconf 90' lang='lat' dir='ltr'><strong>so·</strong></span> 
     </span>
     <span class='ocr_line' id='line_1_20' title="bbox 176 2694 1356 2783; baseline 0.001 -25"><span class='ocrx_word' id='word_1_155' title='bbox 176 2695 285 2770; x_wconf 88' lang='lat' dir='ltr'><strong>cialis;</strong></span> <span class='ocrx_word' id='word_1_156' title='bbox 299 2695 435 2779; x_wconf 88' lang='lat' dir='ltr'><strong>proinde</strong></span> <span class='ocrx_word' id='word_1_157' title='bbox 447 2695 584 2760; x_wconf 89' lang='lat' dir='ltr'><strong>ferenda</strong></span> <span class='ocrx_word' id='word_1_158' title='bbox 597 2701 646 2762; x_wconf 90' lang='lat' dir='ltr'><strong>est</strong></span> <span class='ocrx_word' id='word_1_159' title='bbox 658 2696 714 2760; x_wconf 81' lang='lat' dir='ltr'><strong>lex</strong></span> <span class='ocrx_word' id='word_1_160' title='bbox 730 2696 912 2762; x_wconf 87' lang='lat' dir='ltr'><strong>huiusmodi</strong></span> <span class='ocrx_word' id='word_1_161' title='bbox 924 2694 965 2761; x_wconf 91' lang='lat' dir='ltr'><strong>ad</strong></span> <span class='ocrx_word' id='word_1_162' title='bbox 985 2696 1186 2783; x_wconf 89' lang='lat' dir='ltr'><strong>prohibenda</strong></span> <span class='ocrx_word' id='word_1_163' title='bbox 1205 2695 1262 2761; x_wconf 85' lang='lat' dir='ltr'><strong>illa</strong></span> <span class='ocrx_word' id='word_1_164' title='bbox 1280 2694 1356 2760; x_wconf 86' lang='lat' dir='ltr'><strong>faoi·</strong></span> 
     </span>
     <span class='ocr_line' id='line_1_21' title="bbox 177 2823 1357 2910; baseline -0.001 -22"><span class='ocrx_word' id='word_1_165' title='bbox 177 2843 269 2897; x_wconf 86' lang='lat' dir='ltr'><strong>nora,</strong></span> <span class='ocrx_word' id='word_1_166' title='bbox 294 2843 376 2907; x_wconf 90' lang='lat' dir='ltr'><strong>quae</strong></span> <span class='ocrx_word' id='word_1_167' title='bbox 400 2844 465 2889; x_wconf 91' lang='lat' dir='ltr'><strong>non</strong></span> <span class='ocrx_word' id='word_1_168' title='bbox 480 2823 613 2889; x_wconf 90' lang='lat' dir='ltr'><strong>laedunt</strong></span> <span class='ocrx_word' id='word_1_169' title='bbox 635 2829 760 2890; x_wconf 90' lang='lat' dir='ltr'><strong>tantum</strong></span> <span class='ocrx_word' id='word_1_170' title='bbox 783 2826 834 2891; x_wconf 78' lang='lat' dir='ltr'><strong>itis</strong></span> <span class='ocrx_word' id='word_1_171' title='bbox 858 2825 996 2910; x_wconf 83' lang='lat' dir='ltr'><strong>aliquod,</strong></span> <span class='ocrx_word' id='word_1_172' title='bbox 1021 2825 1078 2890; x_wconf 90' lang='lat' dir='ltr'><strong>sed</strong></span> <span class='ocrx_word' id='word_1_173' title='bbox 1101 2826 1146 2892; x_wconf 82' lang='lat' dir='ltr'><strong>ita</strong></span> <span class='ocrx_word' id='word_1_174' title='bbox 1168 2823 1300 2889; x_wconf 86' lang='lat' dir='ltr'><strong>laedunt</strong></span> <span class='ocrx_word' id='word_1_175' title='bbox 1321 2827 1357 2887; x_wconf 89' lang='lat' dir='ltr'><strong>ut</strong></span> 
     </span>
     <span class='ocr_line' id='line_1_22' title="bbox 177 2949 1357 3035; baseline 0.001 -22"><span class='ocrx_word' id='word_1_176' title='bbox 177 2949 333 3014; x_wconf 89' lang='lat' dir='ltr'><strong>universa</strong></span> <span class='ocrx_word' id='word_1_177' title='bbox 357 2955 597 3015; x_wconf 81' lang='lat' dir='ltr'><strong>commoveatur</strong></span> <span class='ocrx_word' id='word_1_178' title='bbox 621 2952 767 3024; x_wconf 87' lang='lat' dir='ltr'><strong>societas,</strong></span> <span class='ocrx_word' id='word_1_179' title='bbox 792 2951 908 3016; x_wconf 91' lang='lat' dir='ltr'><strong>timens</strong></span> <span class='ocrx_word' id='word_1_180' title='bbox 931 2971 973 3017; x_wconf 88' lang='lat' dir='ltr'><strong>ne</strong></span> <span class='ocrx_word' id='word_1_181' title='bbox 996 2951 1094 3016; x_wconf 85' lang='lat' dir='ltr'><strong>facile</strong></span> <span class='ocrx_word' id='word_1_182' title='bbox 1109 2955 1142 3016; x_wconf 88' lang='lat' dir='ltr'><strong>et</strong></span> <span class='ocrx_word' id='word_1_183' title='bbox 1159 2951 1285 3035; x_wconf 90' lang='lat' dir='ltr'><strong>saepius</strong></span> <span class='ocrx_word' id='word_1_184' title='bbox 1308 2969 1357 3014; x_wconf 86' lang='lat' dir='ltr'><strong>re·</strong></span> 
     </span>
     <span class='ocr_line' id='line_1_23' title="bbox 177 3071 1357 3158; baseline 0 -20"><span class='ocrx_word' id='word_1_185' title='bbox 177 3077 330 3158; x_wconf 86' lang='lat' dir='ltr'><strong>petantur</strong></span> <span class='ocrx_word' id='word_1_186' title='bbox 353 3071 533 3150; x_wconf 85' lang='lat' dir='ltr'><strong>huiusmodi</strong></span> <span class='ocrx_word' id='word_1_187' title='bbox 556 3074 675 3140; x_wconf 90' lang='lat' dir='ltr'><strong>iurium</strong></span> <span class='ocrx_word' id='word_1_188' title='bbox 698 3073 867 3139; x_wconf 88' lang='lat' dir='ltr'><strong>laesiones.</strong></span> <span class='ocrx_word' id='word_1_189' title='bbox 900 3073 1035 3149; x_wconf 83' lang='lat' dir='ltr'><strong>Quando</strong></span> <span class='ocrx_word' id='word_1_190' title='bbox 1058 3093 1123 3139; x_wconf 90' lang='lat' dir='ltr'><strong>non</strong></span> <span class='ocrx_word' id='word_1_191' title='bbox 1153 3073 1244 3138; x_wconf 87' lang='lat' dir='ltr'><strong>adest</strong></span> <span class='ocrx_word' id='word_1_192' title='bbox 1274 3073 1357 3138; x_wconf 88' lang='lat' dir='ltr'><strong>haec</strong></span> 
     </span>
     <span class='ocr_line' id='line_1_24' title="bbox 178 3195 1356 3282; baseline 0 -21"><span class='ocrx_word' id='word_1_193' title='bbox 178 3195 380 3280; x_wconf 87' lang='lat' dir='ltr'><strong>perturbatio</strong></span> <span class='ocrx_word' id='word_1_194' title='bbox 408 3195 557 3282; x_wconf 87' lang='lat' dir='ltr'><strong>publicae</strong></span> <span class='ocrx_word' id='word_1_195' title='bbox 579 3197 832 3281; x_wconf 85' lang='lat' dir='ltr'><strong>tranquillitatis,</strong></span> <span class='ocrx_word' id='word_1_196' title='bbox 862 3195 980 3264; x_wconf 87' lang='lat' dir='ltr'><strong>sufficit</strong></span> <span class='ocrx_word' id='word_1_197' title='bbox 1010 3197 1232 3282; x_wconf 86' lang='lat' dir='ltr'><strong>magisterium</strong></span> <span class='ocrx_word' id='word_1_198' title='bbox 1256 3197 1356 3262; x_wconf 88' lang='lat' dir='ltr'><strong>socie-</strong></span> 
     </span>
     <span class='ocr_line' id='line_1_25' title="bbox 178 3316 1358 3406; baseline -0.003 -20"><span class='ocrx_word' id='word_1_199' title='bbox 178 3320 253 3386; x_wconf 80' lang='lat' dir='ltr'><strong>tatis</strong></span> <span class='ocrx_word' id='word_1_200' title='bbox 277 3318 374 3386; x_wconf 82' lang='lat' dir='ltr'><strong>cicitc</strong></span> <span class='ocrx_word' id='word_1_201' title='bbox 390 3339 447 3384; x_wconf 87' lang='lat' dir='ltr'><strong>seu</strong></span> <span class='ocrx_word' id='word_1_202' title='bbox 464 3319 686 3403; x_wconf 71' lang='lat' dir='ltr'><strong>disciplicere</strong></span> <span class='ocrx_word' id='word_1_203' title='bbox 700 3319 740 3384; x_wconf 92' lang='lat' dir='ltr'><strong>ad</strong></span> <span class='ocrx_word' id='word_1_204' title='bbox 757 3319 976 3406; x_wconf 88' lang='lat' dir='ltr'><strong>reparandum</strong></span> <span class='ocrx_word' id='word_1_205' title='bbox 999 3319 1167 3392; x_wconf 87' lang='lat' dir='ltr'><strong>damnum;</strong></span> <span class='ocrx_word' id='word_1_206' title='bbox 1190 3319 1299 3404; x_wconf 89' lang='lat' dir='ltr'><strong>prouti</strong></span> <span class='ocrx_word' id='word_1_207' title='bbox 1321 3316 1358 3383; x_wconf 88' lang='lat' dir='ltr'><strong>fit</strong></span> 
     </span>
     <span class='ocr_line' id='line_1_26' title="bbox 177 3443 1356 3528; baseline -0.001 -21"><span class='ocrx_word' id='word_1_208' title='bbox 177 3463 237 3527; x_wconf 90' lang='lat' dir='ltr'><strong>per</strong></span> <span class='ocrx_word' id='word_1_209' title='bbox 260 3444 405 3510; x_wconf 89' lang='lat' dir='ltr'><strong>actiones</strong></span> <span class='ocrx_word' id='word_1_210' title='bbox 428 3445 539 3509; x_wconf 88' lang='lat' dir='ltr'><strong>civiles</strong></span> <span class='ocrx_word' id='word_1_211' title='bbox 567 3443 691 3511; x_wconf 88' lang='lat' dir='ltr'><strong>civibus</strong></span> <span class='ocrx_word' id='word_1_212' title='bbox 706 3463 887 3518; x_wconf 85' lang='lat' dir='ltr'><strong>concessas,</strong></span> <span class='ocrx_word' id='word_1_213' title='bbox 906 3443 1019 3528; x_wconf 90' lang='lat' dir='ltr'><strong>quibus</strong></span> <span class='ocrx_word' id='word_1_214' title='bbox 1042 3445 1095 3510; x_wconf 91' lang='lat' dir='ltr'><strong>isti</strong></span> <span class='ocrx_word' id='word_1_215' title='bbox 1117 3463 1176 3510; x_wconf 87' lang='lat' dir='ltr'><strong>sua</strong></span> <span class='ocrx_word' id='word_1_216' title='bbox 1199 3444 1271 3508; x_wconf 88' lang='lat' dir='ltr'><strong>iura</strong></span> <span class='ocrx_word' id='word_1_217' title='bbox 1287 3443 1356 3507; x_wconf 89' lang='lat' dir='ltr'><strong>vin·</strong></span> 
     </span>
     <span class='ocr_line' id='line_1_27' title="bbox 177 3567 1357 3654; baseline 0.002 -21"><span class='ocrx_word' id='word_1_218' title='bbox 177 3569 287 3634; x_wconf 87' lang='lat' dir='ltr'><strong>dicant</strong></span> <span class='ocrx_word' id='word_1_219' title='bbox 318 3575 351 3634; x_wconf 89' lang='lat' dir='ltr'><strong>et</strong></span> <span class='ocrx_word' id='word_1_220' title='bbox 380 3574 523 3635; x_wconf 89' lang='lat' dir='ltr'><strong>tuentur.</strong></span> <span class='ocrx_word' id='word_1_221' title='bbox 547 3605 563 3618; x_wconf 95' lang='lat'>-</span> <span class='ocrx_word' id='word_1_222' title='bbox 587 3569 858 3654; x_wconf 85' lang='lat' dir='ltr'><strong>Quotiescumque</strong></span> <span class='ocrx_word' id='word_1_223' title='bbox 881 3588 962 3634; x_wconf 86' lang='lat' dir='ltr'><strong>vero</strong></span> <span class='ocrx_word' id='word_1_224' title='bbox 985 3569 1076 3634; x_wconf 87' lang='lat' dir='ltr'><strong>adest</strong></span> <span class='ocrx_word' id='word_1_225' title='bbox 1105 3567 1256 3634; x_wconf 91' lang='lat' dir='ltr'><strong>damnum</strong></span> <span class='ocrx_word' id='word_1_226' title='bbox 1286 3587 1357 3635; x_wconf 84' lang='lat' dir='ltr'><strong>me·</strong></span> 
     </span>
     <span class='ocr_line' id='line_1_28' title="bbox 178 3696 1178 3784; baseline 0 -23"><span class='ocrx_word' id='word_1_227' title='bbox 178 3696 321 3770; x_wconf 81' lang='lat' dir='ltr'><strong>dietum,</strong></span> <span class='ocrx_word' id='word_1_228' title='bbox 345 3701 423 3762; x_wconf 90' lang='lat' dir='ltr'><strong>tunc</strong></span> <span class='ocrx_word' id='word_1_229' title='bbox 447 3701 619 3764; x_wconf 87' lang='lat' dir='ltr'><strong>succurrat</strong></span> <span class='ocrx_word' id='word_1_230' title='bbox 642 3703 767 3783; x_wconf 86' lang='lat' dir='ltr'><strong>oportet</strong></span> <span class='ocrx_word' id='word_1_231' title='bbox 790 3698 1010 3784; x_wconf 83' lang='lat' dir='ltr'><strong>magisterium</strong></span> <span class='ocrx_word' id='word_1_232' title='bbox 1033 3697 1178 3782; x_wconf 90' lang='lat' dir='ltr'><strong>poenale.</strong></span> 
     </span>
    </p>

    <p class='ocr_par' dir='ltr' id='par_1_6' title="bbox 178 3819 1359 4541">
     <span class='ocr_line' id='line_1_29' title="bbox 268 3819 1359 3906; baseline 0.001 -22"><span class='ocrx_word' id='word_1_233' title='bbox 268 3821 378 3884; x_wconf 88' lang='lat' dir='ltr'><strong>Porro</strong></span> <span class='ocrx_word' id='word_1_234' title='bbox 394 3819 586 3886; x_wconf 88' lang='lat' dir='ltr'><strong>advertatur</strong></span> <span class='ocrx_word' id='word_1_235' title='bbox 607 3820 671 3888; x_wconf 88' lang='lat' dir='ltr'><strong>hoc</strong></span> <span class='ocrx_word' id='word_1_236' title='bbox 687 3821 839 3888; x_wconf 87' lang='lat' dir='ltr'><strong>damnum</strong></span> <span class='ocrx_word' id='word_1_237' title='bbox 856 3821 1043 3887; x_wconf 83' lang='lat' dir='ltr'><strong>mediatum</strong></span> <span class='ocrx_word' id='word_1_238' title='bbox 1058 3820 1214 3906; x_wconf 85' lang='lat' dir='ltr'><strong>perpendi</strong></span> <span class='ocrx_word' id='word_1_239' title='bbox 1231 3840 1273 3885; x_wconf 80' lang='lat' dir='ltr'><strong>ex</strong></span> <span class='ocrx_word' id='word_1_240' title='bbox 1288 3840 1359 3906; x_wconf 86' lang='lat' dir='ltr'><strong>per-</strong></span> 
     </span>
     <span class='ocr_line' id='line_1_30' title="bbox 183 3942 1358 4029; baseline -0.001 -19"><span class='ocrx_word' id='word_1_241' title='bbox 183 3942 314 4010; x_wconf 89' lang='lat' dir='ltr'><strong>turbato</strong></span> <span class='ocrx_word' id='word_1_242' title='bbox 327 3943 454 4029; x_wconf 89' lang='lat' dir='ltr'><strong>publico</strong></span> <span class='ocrx_word' id='word_1_243' title='bbox 471 3945 610 4010; x_wconf 90' lang='lat' dir='ltr'><strong>civitatis</strong></span> <span class='ocrx_word' id='word_1_244' title='bbox 626 3943 750 4010; x_wconf 89' lang='lat' dir='ltr'><strong>ordine.</strong></span> <span class='ocrx_word' id='word_1_245' title='bbox 764 3943 920 4028; x_wconf 85' lang='lat' dir='ltr'><strong>Equidem</strong></span> <span class='ocrx_word' id='word_1_246' title='bbox 937 3946 996 4010; x_wconf 84' lang='lat' dir='ltr'><strong>etsi</strong></span> <span class='ocrx_word' id='word_1_247' title='bbox 1013 3944 1163 4020; x_wconf 89' lang='lat' dir='ltr'><strong>damnum</strong></span> <span class='ocrx_word' id='word_1_248' title='bbox 1178 3943 1358 4009; x_wconf 83' lang='lat' dir='ltr'><strong>immedia-</strong></span> 
     </span>
     <span class='ocr_line' id='line_1_31' title="bbox 179 4066 1358 4155; baseline 0.003 -24"><span class='ocrx_word' id='word_1_249' title='bbox 179 4071 251 4133; x_wconf 84' lang='lat' dir='ltr'><strong>tum</strong></span> <span class='ocrx_word' id='word_1_250' title='bbox 275 4066 386 4132; x_wconf 83' lang='lat' dir='ltr'><strong>laedat</strong></span> <span class='ocrx_word' id='word_1_251' title='bbox 402 4067 530 4152; x_wconf 90' lang='lat' dir='ltr'><strong>aliquod</strong></span> <span class='ocrx_word' id='word_1_252' title='bbox 553 4071 602 4134; x_wconf 90' lang='lat' dir='ltr'><strong>ius</strong></span> <span class='ocrx_word' id='word_1_253' title='bbox 625 4089 691 4134; x_wconf 90' lang='lat' dir='ltr'><strong>non</strong></span> <span class='ocrx_word' id='word_1_254' title='bbox 716 4071 895 4152; x_wconf 76' lang='lat' dir='ltr'><strong>privatum</strong></span> <span class='ocrx_word' id='word_1_255' title='bbox 924 4069 980 4135; x_wconf 92' lang='lat' dir='ltr'><strong>sed</strong></span> <span class='ocrx_word' id='word_1_256' title='bbox 998 4069 1186 4153; x_wconf 80' lang='lat' dir='ltr'><strong>publicum,</strong></span> <span class='ocrx_word' id='word_1_257' title='bbox 1215 4075 1251 4134; x_wconf 90' lang='lat' dir='ltr'><strong>ut</strong></span> <span class='ocrx_word' id='word_1_258' title='bbox 1280 4073 1358 4155; x_wconf 90' lang='lat' dir='ltr'><strong>puta</strong></span> 
     </span>
     <span class='ocr_line' id='line_1_32' title="bbox 178 4193 1359 4279; baseline 0.002 -23"><span class='ocrx_word' id='word_1_259' title='bbox 178 4193 373 4256; x_wconf 83' lang='lat' dir='ltr'><strong>exercitium</strong></span> <span class='ocrx_word' id='word_1_260' title='bbox 403 4193 541 4258; x_wconf 88' lang='lat' dir='ltr'><strong>iustitiae</strong></span> <span class='ocrx_word' id='word_1_261' title='bbox 564 4193 682 4264; x_wconf 79' lang='lat' dir='ltr'><strong>civilis,</strong></span> <span class='ocrx_word' id='word_1_262' title='bbox 706 4194 806 4258; x_wconf 89' lang='lat' dir='ltr'><strong>veluti</strong></span> <span class='ocrx_word' id='word_1_263' title='bbox 830 4193 988 4259; x_wconf 90' lang='lat' dir='ltr'><strong>laedendo</strong></span> <span class='ocrx_word' id='word_1_264' title='bbox 1010 4193 1101 4279; x_wconf 85' lang='lat' dir='ltr'><strong>leges</strong></span> <span class='ocrx_word' id='word_1_265' title='bbox 1123 4211 1294 4278; x_wconf 87' lang='lat' dir='ltr'><strong>processus</strong></span> <span class='ocrx_word' id='word_1_266' title='bbox 1317 4195 1359 4258; x_wconf 92' lang='lat' dir='ltr'><strong>ci·</strong></span> 
     </span>
     <span class='ocr_line' id='line_1_33' title="bbox 179 4316 1359 4404; baseline 0.006 -26"><span class='ocrx_word' id='word_1_267' title='bbox 179 4317 270 4392; x_wconf 85' lang='lat' dir='ltr'><strong>vilis;</strong></span> <span class='ocrx_word' id='word_1_268' title='bbox 287 4316 368 4381; x_wconf 88' lang='lat' dir='ltr'><strong>adeo</strong></span> <span class='ocrx_word' id='word_1_269' title='bbox 394 4323 429 4382; x_wconf 89' lang='lat' dir='ltr'><strong>ut</strong></span> <span class='ocrx_word' id='word_1_270' title='bbox 452 4317 602 4383; x_wconf 88' lang='lat' dir='ltr'><strong>damnum</strong></span> <span class='ocrx_word' id='word_1_271' title='bbox 625 4319 861 4386; x_wconf 80' lang='lat' dir='ltr'><strong>immediatum</strong></span> <span class='ocrx_word' id='word_1_272' title='bbox 885 4321 984 4404; x_wconf 92' lang='lat' dir='ltr'><strong>possit</strong></span> <span class='ocrx_word' id='word_1_273' title='bbox 1007 4317 1069 4384; x_wconf 89' lang='lat' dir='ltr'><strong>dici</strong></span> <span class='ocrx_word' id='word_1_274' title='bbox 1093 4320 1277 4385; x_wconf 88' lang='lat' dir='ltr'><strong>universale</strong></span> <span class='ocrx_word' id='word_1_275' title='bbox 1300 4339 1359 4385; x_wconf 89' lang='lat' dir='ltr'><strong>seu</strong></span> 
     </span>
     <span class='ocr_line' id='line_1_34' title="bbox 178 4445 1359 4541; baseline 0 -29"><span class='ocrx_word' id='word_1_276' title='bbox 178 4451 316 4531; x_wconf 82' lang='lat' dir='ltr'><strong>tangens</strong></span> <span class='ocrx_word' id='word_1_277' title='bbox 340 4465 452 4510; x_wconf 88' lang='lat' dir='ltr'><strong>omues</strong></span> <span class='ocrx_word' id='word_1_278' title='bbox 475 4447 572 4519; x_wconf 84' lang='lat' dir='ltr'><strong>cives,</strong></span> <span class='ocrx_word' id='word_1_279' title='bbox 598 4448 714 4532; x_wconf 92' lang='lat' dir='ltr'><strong>quippe</strong></span> <span class='ocrx_word' id='word_1_280' title='bbox 738 4448 791 4530; x_wconf 92' lang='lat' dir='ltr'><strong>qui</strong></span> <span class='ocrx_word' id='word_1_281' title='bbox 820 4447 869 4512; x_wconf 88' lang='lat' dir='ltr'><strong>ius</strong></span> <span class='ocrx_word' id='word_1_282' title='bbox 886 4445 1015 4541; x_wconf 86' lang='lat' dir='ltr'><strong>¹habent</strong></span> <span class='ocrx_word' id='word_1_283' title='bbox 1038 4451 1074 4512; x_wconf 90' lang='lat' dir='ltr'><strong>ut</strong></span> <span class='ocrx_word' id='word_1_284' title='bbox 1095 4445 1185 4534; x_wconf 83' lang='lat' dir='ltr'><strong>leges</strong></span> <span class='ocrx_word' id='word_1_285' title='bbox 1209 4447 1359 4534; x_wconf 85' lang='lat' dir='ltr'><strong>religiose</strong></span> 
     </span>
    </p>
   </div>
   <div class='ocr_carea' id='block_1_5' title="bbox 0 0 1669 5108">
    <p class='ocr_par' dir='ltr' id='par_1_7' title="bbox 0 0 1669 5108">
     <span class='ocr_line' id='line_1_35' title="bbox 0 0 1669 5108; baseline 0 0"><span class='ocrx_word' id='word_1_286' title='bbox 0 0 1669 5108; x_wconf 95' lang='lat' dir='ltr'><strong> </strong></span> 
     </span>
    </p>
   </div>
  </div>
 </body>
</html>
