3160 5104
552 319 759 372 nausearum
783 321 833 372 111.
1216 299 1284 374 555

102 439 184 511 leges
201 441 338 512 publicae.
357 441 430 497 Hinc
448 459 483 498 ex
501 460 557 498 una
576 449 665 522 parte,
684 445 809 515 suspensi
829 444 965 515 religione
978 444 1065 500 animi
1084 443 1283 515 plurimorum:

102 563 139 602 ex
157 547 257 615 altera,
274 547 412 620 quidlibet
431 549 542 620 legendi
561 551 701 622 impunita
718 553 806 623 copia

193 655 277 710 Hisce
296 656 384 726 igitur
402 657 584 712 incommodis
602 658 767 714 medendum
785 659 849 725 rati,
868 659 923 713 duo
940 658 1069 715 facienda
1092 659 1230 726 duximus,
1248 675 1283 714 ex

100 762 206 832 quibus
224 779 322 818 norma
340 765 441 834 agendi
460 765 490 818 in
509 763 562 820 hoc
580 781 683 835 genere
702 773 781 821 certa
792 770 822 820 et
835 765 982 836 perspicua
999 766 1127 820 omnibus
1145 770 1283 836 suppetat.

101 869 244 926 Videlicet
264 857 398 926 librorum
411 871 584 942 improbatae
598 873 728 928 lectionis
740 872 955 944 diligentissime
967 873 1130 944 recognosci
1148 871 1283 940 indicem;

100 976 220 1032 subinde
239 983 380 1032 maturum
399 996 461 1034 cum
479 981 574 1047 fuerit,
592 981 634 1034 ita
652 980 827 1049 recognitum
845 979 956 1049 uulgari
975 979 1112 1035 iussimus
1132 979 1284 1034 Praeterea

100 1087 138 1140 ad
156 1087 231 1156 ipsae
250 1087 374 1158 Regulas
389 1093 512 1144 mentem
531 1089 692 1154 adiecimus,
711 1105 814 1160 easque
833 1089 1014 1154 decrevimus,
1033 1087 1166 1143 incolumi
1187 1104 1283 1143 earum

82 1197 214 1260 natura,
232 1195 342 1251 efficere
369 1195 514 1267 aliquanto
542 1196 695 1263 molliores,
713 1197 755 1251 ita
772 1197 855 1266 plane
874 1200 906 1251 ut
923 1196 959 1250 iis
976 1197 1181 1266 obtemperare,
1203 1194 1283 1247 dum·

100 1299 186 1354 modo
209 1301 272 1372 quis
296 1302 411 1372 ingenio
436 1289 511 1358 malo
529 1320 584 1358 non
603 1304 649 1369 sit,
668 1320 755 1373 grave
773 1299 945 1375 arduumque
969 1318 1029 1357 esee
1054 1318 1110 1357 non
1133 1301 1227 1372 possit.
1253 1299 1282 1354 ln

99 1424 160 1479 quo
187 1424 242 1463 non
270 1409 351 1464 modo
378 1411 507 1482 exempla
534 1411 676 1483 sequimur
703 1411 877 1466 decessorum
906 1409 1079 1475 Nostrorum,
1103 1409 1151 1465 sed
1177 1415 1283 1466 mater-

98 1531 170 1568 num
189 1515 331 1571 Ecclesiae
358 1517 479 1571 studium
499 1518 655 1582 initimum
674 1534 747 1589 quae
765 1517 875 1588 quidem
898 1515 969 1570 nihil
988 1521 1046 1570 tam
1065 1517 1181 1587 expetit,
1199 1535 1283 1590 qnam

98 1639 133 1677 se
153 1622 295 1692 impertire
313 1623 473 1696 benignam,
492 1625 729 1696 sanandosqueex
741 1641 771 1680 se
785 1629 866 1679 natos
878 1625 919 1678 ita
937 1641 1046 1694 semper
1063 1625 1180 1690 curavit,
1194 1630 1284 1690 curat,

98 1735 136 1785 ut
154 1747 250 1786 eornm
268 1731 425 1787 infirmitati
445 1737 571 1788 amanter
590 1734 767 1804 studioseque
788 1737 895 1802 pareat.
945 1747 951 1756 ¹

194 1835 290 1910 ltaque
317 1843 428 1893 matura
455 1839 665 1906 deliberatione,
693 1839 882 1912 adhibitisque
904 1839 930 1893 S.
951 1839 983 1894 a
1005 1839 1034 1894 E.
1055 1839 1283 1896 Cardinalibuse

96 1943 188 1998 Sacro
206 1943 330 1999 Consilio
348 1943 428 2000 libris
455 1946 592 2013 notandis,
612 1947 693 2002 edere
719 1947 839 2001 Decreta
856 1946 1004 2018 pancratio
1032 1947 1191 2013 statuimus,
1210 1961 1284 2019 quae

96 2052 308 2122 infrascripta,
327 2068 437 2124 unaque
456 2069 520 2107 cum
539 2052 592 2108 bac
611 2053 818 2109 Constitutione
831 2054 981 2109 coniuncta
999 2057 1078 2120 sunt3
1097 2053 1197 2125 quibus
1209 2051 1282 2109 idem

96 2171 213 2210 sacrum
232 2157 385 2212 Consilium
406 2157 521 2228 posthac
539 2163 635 2214 utatur
655 2159 746 2227 unice,
758 2161 913 2232 quibusque
932 2159 1064 2214 catholici
1083 2158 1210 2216 homines
1223 2163 1285 2215 toto
1363 2147 1364 2152 ἵ

98 2263 171 2319 orbe
189 2262 320 2332 religiose
348 2268 472 2334 pareant.
504 2265 545 2319 Ea
569 2264 627 2319 uim
656 2265 727 2336 legis
755 2266 859 2322 habere
892 2266 953 2321 sola
978 2265 1115 2332 nolumus,
1139 2268 1284 2335 abrogatis

99 2366 222 2434 Reputo
249 2371 442 2423 sacrosanctae
471 2367 650 2423 Tridentinae
679 2369 784 2441 Synodi
812 2370 888 2424 iussu
916 2369 1009 2435 editis,
1032 2369 1284 2435 obseruationibus,

99 2473 298 2540 Instructionc,
318 2477 456 2541 Decretis,
474 2477 597 2543 Munitis,
615 2481 644 2532 et
662 2479 761 2548 quovis
776 2477 833 2532 alio
851 2477 1027 2533 decessorum
1046 2476 1211 2531 Nostrorum
1230 2475 1283 2530 hac

99 2580 137 2634 de
151 2595 182 2635 re
193 2585 300 2636 statuto
314 2581 453 2653 iussuque,
464 2599 519 2636 una
532 2587 650 2653 excepta
662 2585 868 2639 Constitutione
881 2584 1025 2640 Benedicti
1035 2582 1103 2638 xlv
1118 2583 1244 2638 Sollicito
1257 2593 1283 2638 et

96 2687 231 2756 provida,
241 2703 334 2757 quam,
346 2686 420 2741 sicut
431 2686 521 2741 adbuc
533 2688 635 2758 riguit,
645 2689 686 2742 ita
696 2688 724 2742 in
735 2693 876 2758 posterum
888 2689 983 2759 vigere
995 2688 1136 2758 integram
1145 2687 1282 2743 volumus.

476 3027 660 3100 astetur
687 3029 909 3102 tentantia
947 3048 950 3056 ’

325 3171 369 3244 lte
394 3173 624 3247 rrnntuttrune
648 3177 684 3245 et
707 3175 859 3246 censura
882 3173 1065 3246 librorum.

593 3369 754 3426 TlTULUS
773 3369 795 3424 l.

441 3489 487 3546 De
514 3449 737 3548 Prohibitione
764 3489 943 3546 Librorum.

626 3668 723 3723 Curua
742 3667 761 3722 l.

227 3788 270 3843 De
285 3789 434 3859 prohibitis
451 3799 652 3860 apostatarum,
673 3790 888 3855 haereticorum,
907 3791 1157 3856 schismaticorum,
1224 3833 1233 3848 .

460 3897 639 3968 aliorumque
650 3900 822 3968 scriptorum
835 3897 925 3952 tibris.

112 4085 113 4090 κ
196 4056 218 4110 1.
238 4054 316 4112 Libri
334 4071 439 4124 omnes,
458 4073 528 4130 quos
546 4061 612 4112 ante
629 4073 733 4112 annum
752 4057 838 4112 MDc.
857 4063 908 4112 aut
925 4057 1032 4111 Summi
1054 4057 1214 4124 Pontifices,
1233 4061 1284 4112 aut

102 4161 230 4217 Concilio
246 4163 427 4219 oecumenica
443 4161 620 4230 damnarunt,
637 4167 667 4218 et
684 4162 732 4234 qui
752 4161 782 4218 in
801 4162 880 4218 Novo
898 4161 992 4218 Indice
1016 4179 1072 4218 non
1091 4168 1282 4230 recenseatur,

101 4269 200 4324 eodem
218 4268 300 4324 modo
317 4268 442 4326 minuati
453 4268 625 4336 ,habeantne
638 4270 711 4324 sicut
722 4268 791 4324 olim
809 4268 934 4324 damnati
952 4269 1080 4325 inerunt:
1094 4268 1129 4324 iis
1147 4269 1282 4340 exceptis,

101 4375 150 4448 qui
170 4391 220 4446 per
238 4375 308 4432 haec
327 4373 445 4432 Decreta
462 4375 612 4432 Generalis
630 4376 843 4446 permittuntur.
