3312 5108
535 314 578 360 na
603 313 758 360 ouurcrrs
781 313 823 358 ur
847 311 965 358 Porrus
1293 289 1338 354 23

161 435 217 518 (ll,
245 437 276 522 1)
300 437 512 524 amplissimos
535 436 653 502 limites
674 437 855 522 praestituit
881 437 1031 522 potestati
1048 434 1212 521 punitivae
1226 435 1337 499 Eccle

161 561 238 636 siae,
263 561 337 626 dum
361 563 420 627 ait:
447 561 527 630 Non
551 563 642 627 enirn
665 560 876 626 intendimus
900 561 1078 626 decernere
1101 559 1144 624 de
1165 557 1270 639 fende

159 689 221 754 sed
235 688 278 754 de
289 694 440 772 peccato,
458 687 553 768 enias
569 687 616 752 ud
631 706 693 752 nes
704 687 856 769 pertinet
869 687 941 752 sine
957 684 1167 752 dubitatione
1183 702 1338 757 censura,

160 833 266 898 qnam
289 813 327 878 in
351 814 532 899 quemlibet
555 833 715 879 cancere
735 831 919 896 pessumas
941 818 972 877 et
995 812 1162 878 debentes.
1180 811 1337 876 Nimirum

160 937 187 1001 si
210 937 342 1002 violatio
372 937 455 1022 legis
486 936 641 1022 positivae
665 936 770 1001 civilis
792 955 894 1022 grave
917 935 1090 999 constituat
1114 938 1281 1019 peccatum
1305 935 1339 998 et

163 1055 361 1132 scandalum,
398 1059 460 1122 ista
487 1056 597 1123 subest
620 1057 715 1122 etiam
744 1055 791 1122 illi
819 1055 1089 1122 animadversioni
1113 1059 1147 1122 et
1169 1073 1336 1128 censurae,

162 1181 201 1247 de
225 1201 288 1266 qua
309 1184 453 1268 loquitur
476 1183 640 1248 Pontifex.
667 1217 684 1232 ·
710 1183 871 1258 Quocirca
887 1185 919 1247 in
936 1185 1007 1248 ‘mre
1028 1203 1098 1248 can.
1123 1181 1339 1248 admittuntur

160 1309 257 1371 etiam
281 1327 405 1392 poenae
428 1308 635 1374 arbitrariae
659 1329 716 1378 seu
740 1309 1050 1380 extraordinariae,
1076 1327 1143 1373 ceu·
1158 1307 1249 1372 nulla
1264 1307 1338 1392 lege

161 1432 297 1516 positiva
320 1431 477 1513 conditae,
503 1433 559 1498 sed
583 1433 738 1499 remissae
766 1433 901 1499 arbitrio
930 1433 1054 1500 iudicis.
1073 1433 1121 1500 Of.
1140 1433 1270 1515 Suarez,
1287 1431 1338 1498 De

161 1555 223 1642 lep.
249 1555 283 1636 V,
301 1575 328 1620 c.
345 1557 389 1620 ll.
407 1591 425 1604 -
444 1555 585 1621 Proinde
599 1558 660 1621 ista
672 1557 759 1621 notio
777 1554 897 1631 delicti,
914 1577 934 1621 a
951 1555 1044 1623 nobis
1059 1558 1217 1643 exposita,
1231 1557 1338 1621 aliena

161 1683 210 1742 est
224 1697 253 1742 -a
275 1681 348 1744 iure
372 1679 534 1744 criminali
560 1681 657 1754 civili,
682 1679 738 1744 sed
761 1682 895 1766 propria
918 1685 967 1746 cst
989 1686 1022 1746 et
1045 1681 1185 1744 maxime
1208 1700 1337 1745 accom-

161 1805 289 1870 modata
312 1806 375 1870 iuri
399 1806 628 1872 ecclesiastico.

252 1927 343 1994 Orda
367 1935 475 1994 autem
499 1930 635 1996 socialis
658 1931 704 2014 (et
726 1931 789 1996 hoc
817 1931 928 1996 sedulo
956 1929 1082 1994 adverti
1113 1929 1218 2015 debet)
1243 1947 1337 2012 quem

164 2052 273 2118 turbat
296 2053 419 2118 crimea
444 2054 477 2118 in
503 2055 658 2120 societate
681 2054 843 2139 religiose,
867 2073 932 2119 uon
955 2052 1016 2118 sub
1039 2074 1078 2118 eo
1101 2058 1234 2138 aspectu
1258 2072 1337 2117 con-

161 2177 325 2243 sideratur
347 2197 410 2262 quo
434 2181 617 2264 protegitur
632 2181 665 2243 in
683 2181 837 2245 societate
853 2178 956 2256 civili;
973 2185 1005 2244 et
1020 2179 1150 2265 plenum
1167 2183 1226 2244 est.
1246 2177 1336 2244 Ordo

162 2304 246 2368 euim
271 2305 406 2370 socialis
421 2305 591 2371 Ecclesiae
613 2306 799 2390 expostulat
815 2313 850 2372 ut
865 2303 1004 2371 fidelium
1022 2311 1179 2372 externae
1194 2305 1337 2371 actiones

163 2426 382 2512 respondeant
404 2428 650 2520 sanctificationi
674 2429 874 2516 singulorum
898 2435 930 2494 et
952 2431 1030 2495 hinc
1054 2431 1226 2496 universae
1249 2449 1337 2494 com·

162 2526 334 2620 munitatis
358 2555 490 2621 foveant
522 2556 640 2621 bonum
675 2557 853 2643 spirituale.
886 2592 900 2604 -
937 2557 1076 2628 Crimen,
1113 2577 1155 2621 ex
1189 2555 1336 2628 adverso,

159 2679 387 2766 praeseferens
405 2681 522 2746 malum
548 2681 683 2746 alicuius
707 2682 832 2746 morale
856 2687 888 2746 et
912 2683 1002 2747 istius
1018 2684 1222 2747 aversionem
1237 2701 1257 2746 a
1273 2679 1336 2745 fine

162 2801 372 2876 demonstrat,
405 2808 437 2868 et
460 2803 501 2868 ad
525 2809 653 2870 ceteros
677 2804 912 2890 pervertendos
936 2805 1079 2890 impellit.

250 2927 302 2992 17.
328 2929 495 3005 Quoniam,
513 2931 558 2997 uti
576 2930 819 3016 explicavimus,
837 2931 877 2996 ad
892 2933 1070 3016 Ecclesiae,
1084 2929 1180 2995 finem
1188 2931 1337 3014 pertinet

158 3052 261 3116 etiam
280 3053 422 3134 privata
444 3055 710 3138 uniasmiasqae
733 3055 843 3140 [idelis
865 3055 1029 3122 institutio
1046 3075 1103 3120 seu
1127 3053 1336 3120 sanctificatio

157 3177 367 3262 singulorum,
392 3178 475 3244 haec
497 3180 537 3244 ad
561 3179 742 3244 Ecclesiam
766 3181 907 3264 pertinet
922 3179 980 3245 sub
996 3180 1114 3264 duplici
1131 3184 1273 3264 aspectu,
1291 3180 1337 3243 ni-

157 3301 275 3365 mirum
295 3302 452 3384 martam
476 3311 635 3387 quatenus
658 3303 769 3370 fideles
797 3304 1044 3371 considerantur
1067 3305 1113 3369 uti
1136 3303 1263 3389 singuli,
1295 3301 1334 3366 de

157 3421 223 3487 suis
247 3420 395 3488 admissis
418 3423 474 3488 vel
498 3409 622 3489 omissis
645 3430 769 3491 tantum
786 3445 895 3490 coram
913 3427 979 3491 Deo
995 3427 1153 3490 rationem
1168 3423 1334 3500 redditura

157 3551 190 3610 et
212 3547 364 3613 secando
389 3554 547 3633 quatenus
570 3549 684 3616 fideles
699 3552 886 3617 coalescunt
902 3552 934 3617 iu
950 3553 1138 3617 societatem
1154 3556 1335 3617 externam.

155 3671 221 3737 Sub
245 3671 352 3757 primo
375 3680 516 3758 aspectu,
542 3675 691 3740 Ecclesia
714 3697 826 3742 curam
850 3676 948 3742 habet
971 3676 1010 3742 de
1033 3675 1179 3742 fidelibus
1202 3677 1236 3741 in
1257 3676 1336 3760 sore

153 3795 301 3878 interae,
327 3801 360 3862 et
384 3797 449 3863 hoc
473 3797 506 3862 in
529 3799 607 3882 saro
631 3806 764 3886 peccata
780 3801 1002 3876 absolvuntur,
1019 3806 1240 3874 reservantur,
1259 3821 1337 3866 cou-

153 3919 246 4003 gruis
262 3921 473 4004 poenitentiis
490 3922 705 3999 mulctantam
721 3923 779 3988 sub
795 3922 897 3988 altero
914 3927 1047 4008 aspectu
1064 3923 1212 3989 Ecclesia
1227 3921 1338 3987 fideles

153 4042 344 4108 moderatur
367 4050 400 4112 el
424 4047 515 4132 regit.
532 4049 564 4111 in
589 4047 667 4130 soro
692 4051 847 4130 carano,
866 4049 898 4112 in
922 4067 995 4132 quo,
1013 4048 1052 4112 ob
1068 4053 1338 4134 potestatemque

152 4168 255 4254 pollet
278 4171 441 4237 societatis
466 4173 639 4259 perfectae,
673 4173 795 4242 delicta
814 4175 937 4258 poenis
959 4175 1138 4256 compescit
1162 4179 1194 4239 et
1216 4173 1335 4240 iudicia

151 4291 292 4358 instituit
315 4292 357 4357 ad
380 4293 502 4360 delicta
526 4296 777 4381 compescenda;
805 4296 929 4363 scilicet
959 4296 1050 4361 hisce
1080 4297 1194 4362 mediis
1223 4303 1334 4363 tuetur

93 4486 97 4495 ,
153 4417 303 4484 ordinem
327 4419 480 4486 socialem
504 4421 715 4506 eumdemque
731 4423 879 4490 defendit
894 4441 914 4488 a
929 4422 1039 4488 delicti
1056 4422 1308 4509 perturbatione.
1328 4461 1337 4472 ·
