3306 5102
508 355 551 400 nn
575 353 729 402 nsmcrrs
753 353 796 400 nr
820 351 942 399 renuis
1248 319 1312 388 317

226 475 359 542 sequamr
386 474 446 528 sive
473 475 617 543 suspensio
644 475 682 528 sit
706 490 826 529 censura
853 473 911 528 sive
932 471 1076 542 suspensio
1094 471 1131 524 sit
1149 485 1250 542 poene.
1278 491 1313 506 -

225 579 286 632 226.
305 578 420 640 Quando
438 581 583 650 suspensio
595 585 637 636 eet
649 581 767 650 simplex
778 581 936 652 prohibitio,
951 583 1028 634 certe
1042 593 1076 633 ex
1089 577 1150 632 eius
1162 575 1314 631 violatione

225 699 280 736 non
308 684 398 739 oritur
426 686 628 756 irregularitas.
659 715 691 728 -
720 689 781 742 227.
801 687 862 740 Non
881 689 913 741 nt
939 685 1102 755 irregularis
1123 685 1170 756 qui
1189 683 1313 738 ordinem

225 795 337 846 exercet
355 792 384 846 iu
404 793 463 846 eius
476 795 657 864 susceptione.
676 822 713 836 -
731 793 791 847 228.
811 793 935 848 Clericus
954 793 1001 864 qui
1020 797 1112 848 actum
1132 791 1211 862 ponit
1229 789 1313 844 etiam

225 894 305 950 laicis
329 904 533 968 competentem
553 900 641 955 veluti
667 901 833 970 baptismum
854 901 1006 970 privatum,
1026 899 1182 954 relectum
1202 897 1313 951 iurisdi-

225 1004 335 1071 ctionis,
355 1023 409 1060 non
428 1009 461 1060 nt
481 1007 652 1077 irregularis.
671 1037 704 1050 -
724 1007 784 1062 229.
800 1007 873 1062 llaec
893 1006 1085 1077 irregularitas
1104 1005 1232 1075 prohibet
1251 1009 1279 1059 et
1297 1021 1315 1057 a

226 1111 362 1182 susceptis
384 1117 413 1168 et
433 1131 451 1167 a
474 1115 656 1184 suscipiendis
679 1115 828 1170 ordinibus.
856 1143 893 1156 -
919 1113 980 1168 230.
999 1115 1040 1168 Ex
1066 1115 1146 1168 tertio
1171 1113 1263 1182 capite
1281 1114 1314 1166 fit

224 1221 388 1292 irregularis
415 1220 532 1277 clericus
560 1222 607 1295 qui
631 1223 754 1278 celebrat
779 1224 808 1278 in
833 1223 894 1276 loco
913 1220 1077 1276 nominatim
1096 1220 1252 1276 interdicto.
1277 1248 1314 1262 -

224 1329 287 1385 231.
312 1331 350 1384 At
377 1330 533 1386 huiusmodi
562 1331 784 1402 irregularitates
809 1349 881 1403 quae
903 1333 1082 1386 incurrantur
1104 1347 1138 1386 ex
1160 1329 1247 1386 vetito
1266 1345 1312 1382 or·

224 1435 320 1490 diuum
345 1437 480 1491 exercitio
498 1437 594 1492 sedulo
613 1437 824 1506 distinguendae
843 1441 908 1492 sunt
927 1453 944 1490 a
961 1437 1187 1508 suspensionibus
1205 1435 1233 1488 in
1253 1434 1313 1489 iure

224 1541 292 1596 latis
311 1541 441 1596 adversus
459 1542 533 1598 male
552 1545 702 1598 ordinatos.

224 1721 301 1788 220.
326 1721 422 1788 Modo
446 1721 615 1789 dicendum
631 1729 690 1806 est,
706 1723 747 1789 de
761 1725 825 1788 alia
841 1726 947 1809 specie
970 1723 1220 1808 irregularitatis
1236 1741 1312 1806 pro-

138 1851 295 1916 venientis
322 1870 365 1916 ex
390 1851 489 1918 uetito
516 1851 678 1918 ordinum
708 1852 887 1918 eaeraitio:
916 1871 1010 1935 quam
1038 1850 1312 1936 irregularitatem

138 1973 309 2040 incurrunt

272 2095 305 2182 l)
321 2103 515 2164 exercentes
528 2099 672 2165 ordinem
690 2120 753 2164 non
770 2107 961 2186 susceptum,
976 2120 1019 2164 ex
1031 2099 1076 2164 tit.
1087 2099 1145 2171 28,
1157 2097 1211 2164 tib.
1227 2099 1261 2171 V,
1270 2098 1310 2168 X.

138 2221 186 2289 De
208 2223 331 2290 nterim
354 2244 425 2290 non
451 2224 609 2292 ordinato
632 2225 846 2292 ministrante
853 2245 867 2309 ,·

269 2346 307 2426 2)
329 2346 474 2412 ordinem
499 2349 561 2412 iam
578 2353 759 2444 susceptum
776 2349 831 2414 sed
848 2369 988 2416 censura
1011 2348 1195 2434 impeditum
1216 2367 1310 2412 exer·

138 2476 254 2546 centes,
277 2491 320 2536 ex
343 2473 389 2538 tit.
405 2472 466 2554 27,
483 2473 537 2540 tib.
560 2459 595 2555 V,
611 2474 652 2556 X,
673 2475 722 2540 De
745 2475 865 2543 clerico
889 2472 1192 2546 recommuniccta
1213 2473 1311 2556 depo-

137 2597 196 2664 sito
219 2599 272 2663 cel
294 2597 472 2665 interdicto
496 2599 732 2683 ministrante

269 2721 302 2808 3)
328 2722 530 2789 celebrantes
553 2725 585 2789 in
609 2722 680 2789 loco
700 2727 886 2791 nominatim
911 2725 1092 2807 interdicto,
1108 2745 1150 2790 ex
1167 2743 1240 2806 cap.
1258 2723 1310 2796 18,

136 2847 198 2928 51,
222 2847 275 2914 De
296 2854 377 2914 sent.
404 2868 458 2915 em.
481 2851 519 2916 in
542 2850 574 2915 6.

222 2972 299 3038 221.
325 2975 377 3038 lla
404 2971 436 3038 l⁰
459 2975 568 3057 capite
591 2977 731 3041 incurrit
754 2975 1044 3061 irregularitatem:

273 3099 303 3184 l)
327 3099 474 3172 clericus,
499 3101 683 3166 ministrans
711 3101 880 3166 inordina
904 3120 969 3164 non
992 3105 1149 3184 suscepto.
1176 3100 1309 3182 lnquam

137 3219 324 3296 -clericus;
341 3241 415 3286 nam
439 3223 546 3290 taimrs
569 3224 632 3290 hac
654 3222 727 3310 lege
750 3244 814 3288 non
838 3229 977 3289 tenetur.
994 3222 1041 3289 Gl.
1059 3223 1148 3288 Santi
1171 3223 1204 3286 in
1228 3243 1310 3288 com-

136 3345 293 3408 mentario
309 3345 361 3410 cit.
380 3331 425 3410 ru.
442 3345 492 3410 28
508 3349 667 3432 opinatur,
684 3367 726 3414 ex
746 3367 821 3431 cap.
840 3349 866 3420 1,
884 3348 914 3412 Ιι.
933 3353 952 3412 t.
973 3349 1069 3413 etiam
1088 3347 1188 3413 laicos
1204 3349 1309 3412 incur-

137 3487 210 3533 rere
225 3468 509 3554 irregularitatem.
525 3471 586 3538 Sed
599 3493 663 3536 non
676 3472 768 3547 bene,
785 3474 860 3557 quia
875 3472 1007 3539 rubrica
1018 3473 1100 3538 tituli
1114 3473 1207 3538 nimis
1220 3473 1310 3538 clera

136 3595 183 3656 est
198 3597 231 3657 et
246 3591 441 3660 determinat
463 3596 580 3662 limites
596 3595 820 3682 prohibitionis
836 3597 909 3662 dum
927 3601 1020 3664 cavet
1035 3617 1206 3682 expresse:
1227 3618 1243 3662 e
1259 3598 1309 3665 De

137 3715 254 3782 clerico
277 3737 348 3783 non
374 3719 535 3786 ordinato
558 3721 824 3788 ministrante».
849 3722 1006 3806 Equidem
1029 3721 1142 3795 obstat,
1168 3723 1200 3787 in
1225 3728 1309 3789 rete

136 3839 221 3906 ribus
250 3843 414 3910 codicibus
444 3843 604 3928 Corporis
629 3847 716 3912 iuris
742 3848 821 3932 legi:
849 3848 898 3913 De
924 3866 994 3914 non
1021 3849 1180 3916 ordinato
1207 3847 1308 3914 mini·

135 3969 269 4032 strande.
295 3968 421 4034 Verum
445 3966 599 4054 quidquid
627 3971 678 4052 sit,
701 3969 839 4036 sufficiat
870 3973 1016 4044 inuuere,
1040 3992 1100 4036 nos
1122 3973 1248 4037 versari
1272 3973 1309 4038 in

135 4089 233 4158 dubio
250 4091 346 4168 iuris,
363 4095 517 4177 quocirca
532 4095 645 4160 exulat
660 4096 884 4180 irregularitas
900 4095 1005 4180 quoad
1021 4097 1130 4162 laicos.
1145 4097 1191 4161 uf.
1206 4095 1308 4162 D'An·

135 4213 248 4299 albula,
273 4217 294 4283 I
313 4217 384 4293 411,
410 4225 479 4286 not.
503 4218 563 4285 23.

263 4343 296 4429 2)
321 4343 466 4410 Clericus
489 4343 525 4410 lit
549 4346 740 4430 irregularis
764 4367 926 4412 exercens
948 4347 1093 4413 ordinem
1109 4367 1179 4415 non
1194 4369 1306 4419 suurn.

136 4465 280 4532 nimirum
303 4471 329 4533 si
354 4475 507 4536 exerceat
522 4471 716 4537 solemniter
739 4491 796 4537 seu
820 4473 864 4537 ita
887 4477 1042 4538 exerceat
1064 4472 1220 4558 quomodo
1239 4495 1303 4540 non
