3296 5108
557 354 599 399 99
624 353 777 400 patioris
802 354 843 399 91
869 353 985 400 rorum
1289 333 1361 398 ’405

173 619 202 698 ,ξ
229 617 256 681 1.
282 617 331 683 De
354 617 608 704 irregularitate
627 619 847 702 proveniente
871 623 941 684 tarn
964 637 1010 683 ea
1032 617 1157 685 indicio
1179 617 1360 703 sanguinis

272 747 341 806 tnrn
358 761 403 808 eoo
419 743 597 810 homicidio
610 749 641 808 et
651 742 861 810 mutilatione
876 743 913 808 in
927 742 1010 810 lello
1026 742 1239 826 perpetratis.
1254 777 1297 791 -
1310 742 1360 806 De

270 866 521 948 dispensatione
543 867 586 932 alr
610 867 674 932 hac
700 867 963 953 irrepnloritate,
989 885 1204 951 9999991999
1226 865 1360 931 ratione

270 995 335 1058 isto
358 993 589 1060 contrahatur.

175 1218 397 1274 summarium.
409 1249 445 1262 -
458 1219 519 1274 317.
533 1220 706 1274 Enunciatur
725 1219 824 1288 regula
836 1235 907 1289 quae
921 1219 1047 1274 continet
1060 1219 1196 1272 rationem
1209 1221 1239 1272 et
1251 1216 1357 1272 limites

270 1327 353 1382 huius
371 1326 589 1397 irregularitatis
609 1345 642 1382 ex
664 1326 765 1381 iudicio
785 1327 937 1396 sanguinis.
950 1355 986 1368 -
1005 1325 1065 1380 318.
1081 1326 1118 1380 De
1138 1325 1271 1395 personis,
1285 1341 1357 1395 quae

270 1437 298 1490 in
317 1437 419 1490 iudicio
440 1441 547 1505 partem
570 1435 683 1500 habent,
702 1435 877 1504 significatur
894 1451 1031 1504 quaenam
1050 1435 1107 1487 sint
1126 1431 1303 1502 irregulares.
1324 1461 1356 1473 -

269 1543 329 1598 319.
343 1544 639 1613 Quaenampersouae
658 1543 692 1596 ab
712 1541 923 1610 irregularitate
942 1541 1078 1594 immunes
1094 1541 1227 1594 dicendae
1243 1541 1307 1594 sint.
1322 1569 1356 1581 -

269 1649 329 1703 320.
350 1649 387 1704 De
406 1648 617 1718 irregularitate
641 1664 676 1702 aa
695 1646 844 1700 homicidio
864 1651 892 1701 et
911 1646 1088 1700 mutilatione
1114 1646 1143 1698 in
1163 1645 1237 1700 bello
1256 1663 1357 1716 perpe·

269 1757 357 1810 tratis.
378 1785 411 1796 -
430 1755 491 1809 321.
512 1754 550 1810 De
570 1759 708 1824 potestate
734 1752 908 1822 dispensandi
928 1755 962 1806 ab
983 1751 1034 1805 liae
1052 1751 1271 1820 irregularitate.

268 1971 342 2037 317.
360 1971 517 2036 Iudicium
540 1965 705 2054 sanguinis
723 1969 800 2034 illud
816 1988 1037 2053 nuncupamus
1059 1969 1091 2031 in
1107 1986 1169 2050 quo
1191 1969 1299 2052 agitur
1313 1967 1356 2032 de

174 2095 324 2165 crimine,
349 2093 531 2158 mulctanda
562 2111 666 2177 poena
698 2095 809 2157 mortis
841 2093 892 2156 vel
927 2093 1144 2156 mutilationis.
1167 2125 1184 2140 ·
1202 2091 1356 2164 Quamuis

178 2216 359 2282 huiusmodi
383 2217 500 2282 iudicia
524 2223 742 2282 exerceantur
766 2217 911 2302 legitime
928 2213 972 2302 (l)
998 2223 1030 2282 91
1053 2235 1157 2301 poena
1181 2215 1253 2280 inde
1277 2215 1354 2280 inle-

175 2348 272 2408 19191
295 2343 393 2423 insta,
414 2342 622 2406 nihilominus
646 2342 793 2406 Ecclesia
816 2361 862 2406 eos
884 2341 1015 2422 defecta
1040 2342 1185 2406 lenitatis
1208 2341 1354 2408 decernit

174 2466 378 2552 irregulares
402 2485 511 2531 omues
543 2467 612 2530 sive
643 2466 782 2530 clericos
812 2467 881 2530 sive
911 2466 1010 2530 laicos
1042 2467 1094 2548 qui
1126 2466 1207 2530 haec
1239 2465 1355 2530 iudicia

177 2597 278 2675 agunt
302 2595 467 2676 postquam
485 2610 570 2654 mors
586 2598 641 2655 991
664 2591 821 2655 mutilatio
843 2595 985 2674 sequuta
1002 2591 1052 2654 sit.
1072 2589 1118 2656 Ol.
1138 2590 1256 2655 Beued.
1270 2589 1353 2656 XIV

178 2715 284 2781 instit.
302 2715 373 2790 101,
390 2736 423 2779 n.
442 2716 473 2779 t.
494 2751 510 2764 -
529 2715 575 2780 De
599 2716 728 2781 clericis
745 2735 901 2800 expressa
916 2716 971 2780 lex
988 2716 1126 2781 habetur
1142 2717 1174 2780 in
1191 2737 1218 2784 c.
1236 2738 1263 2782 c.
1280 2719 1313 2788 5.
1333 2719 1356 2782 9

178 2837 230 2903 Ne
250 2839 603 2904 9191191991199999111
627 2841 657 2904 X
684 2840 757 2918 (111,
783 2839 856 2924 50);
882 2838 921 2902 de
946 2839 1041 2904 laicis
1065 2841 1174 2904 verius
1198 2858 1354 2924 expressa

174 2963 231 3027 lex
248 2981 313 3026 non
330 2964 502 3048 reperitur,
520 2963 574 3028 sed
600 2965 645 3028 119
669 2965 883 3028 communiter
902 2971 934 3027 et
951 2963 1178 3028 universaliter
1193 2969 1243 3028 est
1258 2966 1354 3028 mori-

177 3081 238 3148 bus
265 3089 414 3168 recepta,
448 3091 482 3148 91
513 3086 545 3149 19
579 3085 707 3150 dubium
740 3087 889 3149 revocari
919 3105 983 3149 non
1015 3087 1122 3170 possit.
1156 3084 1204 3150 Ol.
1232 3084 1352 3149 Suarez

173 3207 330 3290 (XLVII,
361 3208 386 3281 1,
414 3208 456 3294 1),
482 3215 513 3274 91
537 3208 737 3274 D'Anuibale
761 3209 799 3294 (1,
825 3209 913 3294 425).

266 3330 340 3394 318.
368 3331 458 3396 Η999
481 3332 705 3418 irregularitas
729 3340 778 3399 est
794 3352 839 3399 ea
855 3332 996 3416 defectu,
1015 3334 1088 3416 quia
1105 3335 1251 3418 ponimus
1268 3333 1353 3397 iudi-

177 3457 260 3519 cium
277 3455 424 3542 legitime
439 3457 562 3522 institui
578 3463 610 3522 91
626 3477 761 3542 poenam
778 3457 859 3522 edici
875 3458 1010 3523 instant.
1028 3459 1131 3523 Tenet
1145 3478 1224 3523 vero
1240 3479 1354 3524 omues

177 3611 194 3625 -
213 3571 272 3662 qni
293 3578 494 3660 protelatam
510 3584 541 3644 et
557 3579 724 3663 efficacem
740 3579 777 3645 in
793 3579 919 3646 indicio
940 3585 1076 3663 partein
1094 3580 1214 3646 habent
1234 3587 1354 3664 sponte

175 3708 366 3784 susceptam
381 3721 420 3768 eo
437 3703 575 3769 consitio
599 3709 638 3769 at
656 3722 735 3769 reus
752 3702 791 3784 (si
815 3703 854 3768 de
879 3705 1015 3768 crimine
1038 3705 1263 3791 convincatur)
1281 3707 1354 3770 lnat

171 3843 322 3908 poenam
345 3825 464 3891 mortis
487 3831 548 3891 ont
569 3827 792 3893 mutilationis
814 3847 836 3892 a
855 3826 996 3909 publica
1015 3829 1215 3895 anctoritate
1230 3831 1352 3896 consti·

176 3953 292 4014 tatoni.
308 3983 326 3998 ·
341 3950 420 4014 Cum
437 3951 597 4016 innuimus
612 3956 736 4036 partem
756 3951 958 4036 pronimani
983 3957 1015 4016 et
1037 3950 1214 4034 efficacem,
1232 3954 1352 4019 intelli-

262 4145 302 4212 (l)
322 4145 435 4215 iuquam
449 4145 614 4214 -lepitimm
630 4161 721 4198 -nam
746 4145 769 4198 sl
789 4145 919 4199 iudicium
945 4147 981 4199 sit
1008 4151 1104 4214 aperte
1129 4149 1262 4200 iniustum
1287 4153 1315 4202 et
1337 4166 1353 4201 a

171 4247 264 4304 iudice
283 4253 312 4305 et
330 4252 365 4302 ab
384 4249 448 4303 aliis
467 4252 590 4320 personis
610 4256 710 4319 agatur
729 4251 763 4304 ad
781 4251 976 4321 obtegendum,
998 4257 1073 4306 veste
1090 4253 1185 4306 iudicii
1203 4259 1232 4307 et
1250 4270 1354 4308 execu-

173 4356 385 4424 numdandum,
399 4358 569 4426 propositum
583 4357 769 4428 delinquendi,
784 4357 977 4427 irregularitas
990 4361 1080 4412 oritur
1098 4376 1133 4413 en
1149 4360 1252 4414 delicto
1265 4358 1354 4414 homi·

171 4462 239 4517 cidii
259 4439 309 4517 aut
327 4463 520 4518 mutilationis.
