3312 5108
537 298 580 344 ua
605 296 760 344 nnurcms
784 297 826 343 ar
852 297 971 344 roaurs
1303 280 1346 344 49

169 388 242 487 tidei
266 422 485 496 Christianae;
509 441 602 488 secus
626 424 658 487 in
681 421 745 486 hac
768 421 846 488 lacit
869 421 1074 510 naufragium
1092 429 1125 488 et
1147 422 1347 489 abscinditur

169 566 189 610 a
212 543 439 612 communione
458 547 626 612 catholica
646 547 717 612 Hoc
732 551 900 632 praestare
923 546 1018 612 debet
1032 547 1128 613 homo
1152 548 1347 614 christianus

170 675 431 758 quotiescumque
451 672 491 738 ad
508 671 691 739 evitandum
714 674 842 758 aliquod
865 674 986 740 factum
1010 674 1190 742 intrinsece
1205 675 1346 750 matum,

170 797 355 878 discrimen,
380 800 440 863 etsi
463 817 657 884 supremum,
683 797 810 862 obvium
841 798 948 870 habet.
973 801 1002 863 ei
1027 800 1159 866 inlatum
1184 819 1203 864 a
1226 800 1350 865 malitia

171 925 320 988 humana.
347 959 364 972 -
390 923 524 1038 Qando
555 943 635 988 vero
663 930 766 989 metus
793 943 858 988 non
885 925 1030 1008 procedit
1056 898 1179 992 iniuste
1205 945 1225 989 a
1251 945 1350 992 causa

171 1049 290 1124 libera;
307 1049 362 1115 sed
378 1050 528 1136 provenit
543 1069 563 1112 a
578 1068 675 1114 causa
691 1049 836 1134 physica,
853 1055 885 1114 et
901 1055 950 1114 est
966 1049 1043 1114 illud
1060 1069 1160 1136 grave
1177 1050 1350 1115 discrimen

173 1175 206 1239 in
230 1195 292 1258 quo
317 1177 387 1258 quis
409 1176 573 1259 reperitur
596 1180 631 1240 ut
654 1173 713 1239 sibi
737 1175 908 1244 consulere
939 1195 1004 1239 non
1034 1177 1134 1262 possit
1156 1176 1232 1259 quin
1256 1175 1352 1239 alteri

175 1307 290 1365 noceat
313 1299 371 1364 sibi
396 1319 460 1394 non
485 1300 623 1370 nocenti,
641 1305 719 1363 tunc
734 1300 788 1362 lex
813 1299 949 1383 positiva
965 1299 1068 1365 civilis
1085 1305 1117 1365 et
1133 1301 1353 1366 ecclesiastica

174 1444 239 1488 non
264 1421 412 1508 infligunt
435 1443 554 1507 poenas
568 1424 601 1485 in
619 1429 724 1487 actum
741 1425 799 1486 etsi
817 1424 1014 1488 immoralem
1024 1449 1031 1500 ;
1050 1425 1124 1507 quia
1139 1425 1194 1489 len
1211 1425 1353 1489 humana

175 1567 239 1612 uon
264 1548 353 1614 iubet
375 1521 446 1612 curn
460 1557 524 1613 tam
540 1548 633 1632 gravi
649 1546 860 1622 incommodo,
878 1548 992 1614 saltem
1008 1547 1048 1612 ad
1065 1569 1201 1634 poenam
1218 1548 1355 1613 subeun-

178 1676 259 1740 dam.
287 1710 304 1722 -
330 1675 449 1758 Utputa
471 1675 497 1737 si
522 1675 591 1756 quis
616 1673 701 1736 lame
725 1679 883 1758 urgeatur
907 1673 939 1738 iu
963 1675 1143 1740 vastissimo
1171 1673 1299 1738 deserto
1323 1677 1355 1737 et

179 1797 283 1862 cibum
307 1797 405 1861 alium
429 1801 561 1880 praesto
578 1815 641 1860 non
658 1794 775 1860 habeat
792 1797 851 1860 nisi
868 1817 985 1864 carnes
1009 1799 1057 1862 sui
1078 1797 1304 1862 commilitonis
1321 1800 1354 1862 et

179 1925 266 1990 huuc
290 1933 414 2006 enecet.
439 1921 525 1988 sorte
547 1923 694 2006 peccabit
717 1922 772 1987 sed
800 1925 911 2007 poenis
934 1925 1006 1988 latis
1031 1927 1063 1988 iu
1087 1925 1263 1992 homicidas
1290 1945 1355 1990 non

179 2056 228 2114 est
251 2048 427 2122 obnoxius;
456 2049 530 2132 quia
560 2053 638 2112 tuno
668 2049 771 2132 potius
800 2049 882 2112 mori
907 2068 1002 2132 quam
1026 2049 1150 2114 foedari
1174 2049 1282 2121 caede,
1308 2055 1357 2113 est

180 2181 270 2240 actus
293 2174 448 2239 heroicus
471 2173 523 2258 qui
547 2171 587 2236 ab
611 2171 741 2236 homine
769 2173 881 2256 poenis
905 2175 1106 2238 comminatis
1130 2177 1273 2260 praecipi
1293 2193 1357 2238 non

181 2297 277 2360 valet.
303 2297 351 2362 cf.
377 2297 472 2360 Rossi
497 2331 513 2343 -
539 2295 661 2361 Diritto
686 2297 821 2378 penate.
846 2297 884 2359 L.
914 2297 961 2361 ll.
987 2319 1014 2363 c.
1039 2297 1100 2362 23.
1137 2298 1356 2364 Probabiliter

184 2440 287 2502 neque
311 2420 500 2484 incursetur
518 2418 744 2502 irregularitas
767 2439 812 2483 em
837 2420 1027 2490 homicidio.
1053 2423 1198 2504 quamvis
1220 2423 1301 2487 haec
1318 2425 1359 2488 sit

185 2549 286 2632 potius
316 2544 577 2630 impedimentum
604 2565 700 2627 quam
723 2565 836 2630 poena,
862 2551 897 2609 ut
920 2566 976 2610 suo
1001 2547 1072 2611 loeo
1097 2547 1283 2612 videbimus.
1309 2547 1358 2614 Cf.

185 2690 213 2734 c.
227 2671 259 2736 5.
277 2669 326 2735 De
342 2669 384 2734 iis
396 2686 484 2752 quae
507 2668 540 2732 ci
563 2672 639 2733 met.
654 2685 758 2732 causa
774 2669 869 2753 fiunt.
884 2669 915 2732 X
932 2669 972 2746 (l.
987 2668 1045 2748 40)
1057 2667 1117 2754 (l);
1135 2689 1241 2752 neque
1257 2669 1362 2734 obstat

185 2792 306 2858 Concil.
331 2789 418 2856 'li-id.
445 2789 513 2856 Ses.
538 2790 589 2854 14.
614 2812 641 2856 c.
667 2791 699 2855 7.
732 2791 782 2856 De
805 2791 868 2874 ref.

275 2921 313 3002 ln
338 2938 375 2982 re
396 2918 623 2984 matrimoniali
646 2923 790 2991 cavetur,
816 2921 1052 2984 matrimonium
1070 2918 1130 2986 sub
1146 2925 1236 2984 melu
1248 2921 1361 2984 initum

185 3064 255 3109 esse
277 3043 412 3115 nullum,
429 3062 500 3107 cum
518 3047 620 3106 metus
644 3043 753 3128 gravis
777 3048 824 3108 est
846 3043 1000 3108 iniustus.
1019 3043 1067 3108 (ll.
1090 3043 1163 3106 Vol.
1189 3039 1213 3106 I.
1237 3064 1268 3106 n.
1285 3043 1360 3107 262.

186 3139 228 3236 ln·
248 3169 396 3234 doctrina
419 3168 632 3232 contractuali
649 3167 682 3230 in
705 3187 826 3252 genere
854 3167 936 3232 idom
963 3167 1143 3252 applicatur
1169 3169 1363 3256 principium

187 3293 227 3358 ad
251 3291 456 3358 obtinendam
480 3297 609 3357 actuum
633 3291 867 3356 rescissionem.
885 3327 899 3338 -
917 3293 955 3356 In
971 3311 1008 3354 re
1029 3291 1156 3376 poenali
1176 3297 1282 3356 metus
1296 3297 1364 3357 tan·

187 3419 350 3485 tummodo
384 3417 501 3504 prauis
535 3437 592 3482 seu
623 3417 683 3484 etsi
714 3436 778 3480 non
814 3417 959 3482 inirestus
983 3422 1118 3482 excusat
1148 3438 1168 3481 a
1199 3419 1364 3501 crimine‚·

187 3553 301 3633 utputa
330 3545 357 3610 si
385 3545 455 3628 quis
486 3543 626 3608 farinam
657 3547 712 3608 aut
735 3542 934 3607 frumentum
958 3541 1087 3607 furatur
1111 3542 1151 3608 ob
1170 3544 1363 3626 paractetum

188 3671 321 3735 instans
344 3668 440 3733 aliter
459 3687 524 3732 non
545 3666 684 3732 habendi
705 3668 859 3731 alimenta
875 3666 988 3750 quibus
1004 3667 1080 3730 sami
1105 3665 1250 3749 satisfiat,
1276 3674 1366 3732 certe

187 3799 317 3859 nonest
334 3815 408 3859 reus
429 3793 521 3868 furth
543 3792 627 3858 unde
641 3788 770 3858 effatum
782 3793 962 3858 necessitas
978 3811 1047 3858 non
1065 3791 1162 3857 habet
1186 3791 1363 3879 teporata).

281 4004 321 4072 (l)
341 4002 500 4057 Thesaurus
513 4031 526 4044 ·
542 4002 571 4054 P.
592 4001 614 4054 I.
629 4021 688 4072 cop.
704 4003 739 4054 18
754 4032 768 4041 -
783 4001 931 4070 distinguit
951 4001 1023 4054 inter
1042 4018 1144 4070 poenas
1166 4003 1182 4052 l.
1197 4019 1218 4067 s,
1233 4012 1258 4056 ot
1271 4007 1291 4072 fi
1305 4020 1326 4068 s,
1340 4008 1368 4056 et

190 4113 324 4184 opinatur
342 4110 459 4163 hasnon
475 4109 607 4179 applicari
622 4111 746 4178 integras
765 4109 812 4162 sed
826 4111 921 4174 minui,
934 4108 1044 4179 quando
1063 4115 1153 4162 metus
1173 4125 1227 4164 non
1247 4109 1369 4164 excludit

191 4235 303 4274 omnem
313 4216 439 4286 culpam3
452 4216 516 4270 illas
525 4232 592 4270 vero
601 4233 650 4271 seu
663 4217 680 4268 l.
691 4233 712 4270 s.
721 4216 833 4282 incurri,
844 4216 952 4285 quaudo
963 4219 1053 4269 metus
1063 4231 1117 4268 uon
1129 4219 1269 4270 excusata
1279 4215 1368 4285 culpa.

192 4321 257 4376 Non
276 4322 424 4390 probamus
443 4319 514 4374 hane
528 4319 695 4389 opinionem.
709 4317 749 4373 Cf.
763 4320 872 4384 Suarez,
888 4320 928 4374 De
945 4319 1021 4374 Gens.
1042 4321 1075 4372 D.
1091 4319 1118 4372 6.
1135 4320 1204 4373 Sacc.
1217 4320 1246 4384 3,
1259 4337 1285 4372 n.
1307 4321 1350 4373 ld.

285 4427 324 4498 (2)
344 4427 415 4482 Hinc
435 4426 606 4482 D'Annibale
625 4427 672 4497 spui
692 4426 723 4496 (l,
742 4427 806 4494 312)
825 4427 865 4481 ait
883 4441 900 4480 <t
915 4427 982 4482 Iure
1000 4431 1118 4498 positivo
1147 4437 1261 4481 accusat
1279 4439 1368 4482 metris

341 4534 400 4588 Suc.
422 4533 498 4603 Lapa
1211 4531 1227 4583 4
