3306 5102
301 285 368 352 338
831 298 914 346 rans
939 298 960 345 1.

300 424 351 491 De
363 426 452 491 elect
466 424 502 488 in
515 423 547 488 6.
564 457 582 471 -
597 421 699 487 Multo
714 423 816 507 magis
832 427 904 507 post
914 420 1080 488 decretum
1094 420 1191 487 Oonc.
1206 421 1293 486 Trid.
1306 441 1370 506 quo
1387 429 1487 487 aucta

300 554 349 616 est
372 551 487 614 horum
511 549 757 614 canonicatuum
774 546 914 632 dignitas
936 552 1071 633 propter
1093 546 1255 612 adnexum
1279 569 1303 612 s.
1323 546 1485 612 ordinem.

301 675 406 750 Quum
429 693 509 739 vero
532 672 612 740 ordo
635 692 730 739 sacer
754 673 864 738 iisdem
888 671 1131 738 canonicatibus
1162 671 1289 738 adnecti
1316 672 1433 738 debeat
1457 675 1485 738 si

300 798 408 866 adhuc
437 797 584 864 adnexus
614 817 678 864 non
702 799 752 870 sit,
778 798 923 881 seqnitur
946 801 981 862 nt
1003 796 1086 860 haec
1116 793 1274 862 beneficia
1304 797 1484 882 possidens,

301 923 417 991 debeat
431 943 503 990 esso
526 931 620 1010 aptus
642 923 683 988 ad
706 942 819 988 sacros
835 922 966 988 ordines
982 921 1217 1006 suscipiendos;
1243 927 1275 986 et
1298 926 1348 986 est
1370 922 1487 986 verior

300 1050 473 1113 sententia.
494 1045 542 1114 cf.
559 1046 658 1118 Santi.
684 1047 715 1112 b.
732 1051 754 1112 t.
778 1068 813 1112 a.
830 1047 862 1112 9.
887 1047 939 1110 Ex
963 1045 1056 1110 dictis
1079 1045 1213 1126 eruitur,
1230 1045 1351 1130 absque
1374 1045 1484 1118 dubio,

300 1193 394 1259 posse
418 1173 595 1259 Episcopos
617 1171 803 1256 dispensare
834 1169 1070 1256 promovendos
1093 1170 1134 1235 ad
1157 1172 1365 1237 canonicatus
1389 1167 1484 1236 Eccl.

302 1299 502 1384 collegiatae.

391 1422 503 1497 Quoad
527 1421 612 1486 hanc
635 1421 786 1508 Episcopi
810 1426 1001 1506 potestatem
1026 1420 1154 1487 demum
1177 1419 1378 1500 advertatur,
1403 1420 1486 1484 limi·

302 1545 458 1610 tationem
481 1542 553 1609 fieri
577 1545 614 1609 in
637 1564 663 1610 c.
688 1545 715 1616 1,
741 1543 772 1608 b.
797 1549 820 1609 t.
842 1544 880 1608 in
903 1543 935 1616 6,
959 1543 1013 1610 ubi
1037 1543 1241 1609 decernitur:
1269 1565 1286 1604 «
1311 1542 1486 1609 dummodo

303 1669 499 1756 beneficium
523 1671 565 1736 sit
587 1669 652 1736 tale
676 1689 774 1755 super
796 1689 859 1754 quo
882 1688 942 1754 per
965 1671 1068 1755 ipsum
1085 1671 1279 1756 Episcopum
1303 1670 1411 1734 valeat
1434 1668 1485 1734 di·

302 1799 504 1884 sponsari».
529 1795 600 1872 Qua
631 1799 664 1860 in
691 1793 908 1892 prohibitione
937 1795 1115 1863 attenditur
1145 1797 1293 1881 quatum
1323 1795 1484 1869 beneficii,

303 1940 404 2006 quare
428 1921 606 2005 Episcopus
629 1919 817 2006 dispensare
841 1939 906 1984 non
930 1926 1052 2006 potest:

436 2043 470 2130 a)
494 2045 521 2108 si
544 2049 661 2130 agatur
683 2043 724 2108 de
748 2041 902 2109 beneficio
923 2043 1106 2110 immediate
1122 2063 1267 2131 possesso
1291 2065 1311 2108 a
1335 2045 1485 2131 genitore

304 2171 389 2235 illius
412 2171 466 2253 qni
498 2169 767 2254 dispensationem
798 2169 955 2254 postulat;
979 2189 1023 2234 ex
1046 2189 1073 2236 c.
1098 2189 1125 2235 c.
1150 2170 1194 2234 10
1215 2177 1247 2236 et
1269 2170 1307 2234 11
1329 2169 1360 2234 b.
1384 2175 1405 2234 t.
1430 2169 1464 2233 X
1469 2189 1485 2250 ;

436 2291 468 2374 b)
492 2293 517 2356 si
541 2287 698 2357 beneficio
722 2311 764 2356 ex
787 2291 861 2376 lege
883 2290 1089 2372 fundationis,
1106 2310 1149 2356 ex
1168 2293 1339 2378 privilegio
1363 2290 1417 2354 vel
1441 2310 1485 2354 ex

303 2416 534 2481 consuetudine
558 2415 698 2480 conditio
718 2414 888 2480 inhaereat
910 2420 946 2479 nt
968 2415 1108 2480 clericus
1131 2412 1358 2480 beneficiarius
1380 2416 1484 2479 sacris

302 2536 469 2603 ordinibus
493 2539 535 2602 sit
558 2538 717 2613 initiatum
742 2556 817 2621 cup.
842 2539 874 2610 6,
899 2538 949 2605 De
972 2543 1075 2605 const.
1099 2539 1135 2602 X
1156 2537 1193 2623 (Ι,
1219 2536 1263 2622 2).

188 2632 192 2640 ’
392 2659 468 2726 246.
497 2663 541 2725 nt
570 2680 767 2747 magnopere
797 2663 945 2726 severior
973 2667 1022 2726 est
1052 2661 1273 2727 ecclesiastica
1304 2660 1482 2745 disciplina.

303 2783 366 2848 hac
389 2783 429 2848 de
453 2803 499 2856 re.
525 2785 628 2868 quoad
654 2783 736 2851 tilios
767 2785 1034 2870 presbyterorum
1061 2782 1263 2871 illepitimor.
1289 2785 1369 2848 Nam
1400 2783 1486 2868 tepi-

303 2908 402 2975 timos
430 2914 523 2974 arcet
546 2929 566 2974 a
589 2907 753 2975 beneficiis
783 2931 803 2974 a
833 2915 969 2994 parente
1000 2911 1164 2994 possessis,
1197 2910 1271 2992 quia
1302 2907 1484 2972 huiusmodi

302 3036 473 3116 successio,
503 3035 713 3100 haereditatis
743 3035 816 3099 iura
845 3034 1027 3110 redoleret;
1052 3036 1159 3118 prouti
1190 3034 1337 3100 declarat
1359 3033 1485 3099 Concil.

302 3159 391 3224 Trid.
415 3161 449 3223 in
472 3177 551 3224 serr.
575 3159 636 3231 25,
661 3179 687 3225 c.
707 3157 739 3234 7,
764 3157 816 3224 De
832 3159 895 3241 ref.
920 3157 982 3224 Sed
1006 3159 1212 3242 excipiuntur
1235 3155 1292 3226 filii
1313 3159 1486 3243 legitimati

302 3304 362 3372 per
385 3283 583 3368 subsequens
607 3285 855 3348 matrimonium.
876 3283 925 3350 cf.
943 3283 1132 3368 Fagnanum
1157 3283 1197 3348 ad
1221 3303 1291 3367 cap.
1308 3280 1367 3348 Aa
1381 3285 1486 3350 eorda

298 3410 447 3494 pandas,
473 3409 503 3473 b.
530 3413 550 3472 t.
574 3429 608 3474 n.
626 3407 685 3474 33.
711 3443 728 3457 -
755 3409 825 3474 Fiiii
849 3408 1018 3494 illepitimi
1040 3409 1206 3474 severiore
1231 3409 1303 3494 lege
1327 3417 1487 3476 arcentur

302 3555 344 3600 ne
360 3533 454 3599 foede
466 3533 738 3599 dehonestaretur
749 3532 828 3599 ordo
840 3533 1012 3599 clericalis.
1023 3533 1267 3608 -Quamobrem
1279 3533 1319 3598 de
1332 3531 1398 3598 dlio
1415 3553 1488 3619 pre-

302 3661 424 3746 sbyteri
441 3659 495 3723 vel
512 3656 638 3723 diaconi
660 3664 694 3722 et
717 3657 902 3723 subdiaconi
918 3657 1103 3745 illepitimo,
1121 3677 1237 3742 nempe
1253 3657 1306 3721 vel
1323 3659 1487 3744 sacrilege

303 3785 472 3869 progenito
496 3787 568 3867 post
591 3787 755 3868 susceptos
779 3781 908 3847 ordine's
932 3801 1044 3848 sacros
1061 3781 1099 3846 in
1115 3780 1267 3847 Ecclesia
1291 3782 1411 3856 latina,
1431 3782 1488 3848 vel

304 3913 400 3972 antea
430 3907 596 3991 illegitime
627 3911 712 3980 nato,
738 3907 771 3970 in
795 3905 882 3971 Trid.
908 3907 1004 3973 Ocno.
1036 3925 1114 3972 sess.
1142 3903 1203 3979 25,
1228 3925 1255 3971 c.
1278 3906 1321 3971 15
1346 3906 1397 3972 De
1419 3907 1486 3985 ref.

303 4031 509 4097 decernitur:

439 4155 473 4244 a)
497 4156 579 4222 iilios
601 4157 794 4244 illepitimor
816 4149 1094 4245 presbyterorum,
1111 4177 1175 4222 non
1199 4157 1312 4230 solum,
1339 4175 1401 4223 noc
1424 4157 1488 4224 im·

305 4283 451 4348 mediate
474 4301 534 4347 nec
557 4282 703 4349 mediate
729 4283 906 4348 succedere
935 4303 1029 4369 posse
1052 4283 1086 4348 in
1109 4279 1267 4348 beneficia
1291 4303 1312 4346 a
1334 4285 1487 4368 genitore

305 4423 461 4489 possessa,
478 4404 534 4470 sed
550 4410 723 4492 praeterea
745 4407 778 4506 in
801 4406 958 4472 Ecclesiis
974 4407 1007 4470 in
1024 4405 1138 4491 quibus
1152 4411 1263 4493 patres
1285 4406 1408 4474 habent
1430 4410 1487 4474 vei
