3202 5104
312 321 380 390 abo
839 339 923 388 rans
948 338 971 385 1.

313 467 445 530 ccccm.
460 463 496 528 X
502 517 503 524 ,
516 462 571 549 (V,
588 461 655 548 39).
681 461 826 528 Indolem
850 467 883 528 et
905 467 1055 530 naturam
1077 461 1174 528 huius
1190 461 1480 528 excommunicatio·
1573 509 1575 558 p

312 589 363 653 nis
386 588 452 655 late
476 589 619 674 explicat
649 586 722 653 Seb.
747 587 885 652 Berardi
908 606 962 671 op.
987 587 1039 654 cit.
1073 585 1143 654 Vol.
1167 587 1208 652 ΙΙ
1231 585 1272 652 Ρ.
1297 588 1339 653 ΙΙ
1358 586 1441 654 Duc.
1461 587 1480 652 3
1574 621 1575 632 1

313 728 389 792 cop.
413 709 446 775 6.
471 743 487 757 ·
511 709 595 786 Quia
617 709 700 774 haec
723 728 863 774 censura
885 715 958 776 erat
983 727 1113 794 semper
1143 708 1233 774 latae
1254 707 1482 774 sententiae

313 833 398 902 haec
420 855 486 902 non
508 842 701 902 recensetur
717 835 826 903 Const.
843 837 960 918 Apost.
979 834 1087 908 Sedis,
1103 833 1179 900 inde
1201 834 1363 910 exolevit;
1387 835 1483 920 pronti

314 962 494 1030 declaravit
516 963 591 1048 Sup.
608 963 646 1030 U.
665 964 690 1027 Ι.
707 963 868 1047 rescripto
899 961 967 1028 diei
989 960 1014 1028 5
1037 959 1170 1028 Decem.
1194 961 1296 1029 1883.
1312 961 1359 1048 (1)
1374 962 1482 1027 Exole·

313 1089 399 1154 visse
422 1093 530 1154 autem
553 1087 716 1153 censenda
738 1091 789 1152 est
810 1084 927 1152 minor
944 1105 1102 1151 excomm.
1119 1105 1184 1151 non
1201 1085 1304 1152 solum
1319 1086 1424 1171 quoad
1437 1106 1485 1152 eos

315 1212 369 1296 qui
393 1211 630 1276 communicant
652 1219 726 1276 cum
749 1209 1200 1300 excommunicatisyvitandis
1223 1229 1243 1274 a
1265 1209 1397 1276 Summo
1413 1211 1486 1275 Pon·

313 1333 401 1402 tilice
429 1333 649 1416 denuncietis,
672 1333 729 1399 sed
756 1334 854 1400 etiam
882 1353 957 1399 oum
984 1333 1056 1400 aliis
1078 1331 1118 1398 ab
1143 1331 1327 1400 Ordineriie
1350 1334 1490 1412 locorum,

314 1457 356 1524 ad
379 1458 466 1524 hunc
488 1456 586 1523 flnem
609 1457 824 1524 denuncietis.

408 1580 481 1647 135.
505 1583 550 1648 At
576 1579 753 1646 nullimode
784 1579 905 1646 abolita
937 1579 1008 1645 fuit·
1031 1578 1206 1664 prohibitio
1238 1579 1484 1646 communicand'

315 1725 389 1772 cum
411 1704 548 1772 vitandis
575 1703 875 1779 excommunicatis;
900 1722 993 1769 secus
1022 1704 1108 1768 enim
1131 1703 1312 1768 illusorium
1337 1710 1422 1770 esset
1442 1703 1488 1768 de

316 1835 442 1897 cretum
472 1849 535 1914 quo
565 1834 756 1895 consumtus
786 1829 1003 1894 denunciatur
1032 1828 1203 1895 vitandus.
1232 1829 1364 1895 Revera
1393 1828 1487 1896 dica

315 1956 405 2042 Aap.
429 1953 521 2021 1893
544 1954 576 2022 S.
600 1953 635 2022 C.
660 1954 736 2046 Sup.
760 1954 798 2021 U.
822 1955 849 2020 I.
872 1953 951 2020 huic
973 1952 1068 2019 dubio
1099 1973 1118 2019 ‹
1145 1954 1265 2020 Utrum
1292 1953 1408 2021 ablata
1433 1972 1486 2020 ec-

316 2079 622 2146 communicatione
652 2079 785 2146 minore
818 2085 938 2146 contro
967 2097 1025 2146 eoa
1052 2079 1112 2164 qui
1142 2079 1398 2146 communicant
1418 2098 1487 2146 cum

316 2203 621 2270 excommunicatis
646 2203 852 2270 nominatim
880 2222 902 2269 a
934 2201 969 2268 S.
993 2201 1169 2290 Pontifice.
1194 2209 1374 2270 censeatur
1395 2203 1489 2270 eliam

317 2326 433 2393 oblato
458 2327 643 2411 prohibitio
668 2348 686 2392 >
712 2347 903 2413 responsum
933 2327 1038 2392 dedit:
1067 2327 1242 2414 Nepotioe.
1267 2327 1359 2404 Quae
1388 2327 1489 2413 probi·

316 2447 394 2514 bitio
417 2431 520 2532 aeque
542 2448 690 2535 urgenda
721 2453 772 2516 est
802 2448 887 2532 quod
916 2447 958 2514 ad
987 2450 1176 2514 nominatim
1200 2451 1490 2515 excommunicatos

316 2573 358 2640 ab
383 2570 567 2639 Ordinariis
589 2574 746 2640 locorum.

407 2697 587 2762 Praetereo
610 2697 696 2761 hano
719 2716 785 2762 non
808 2697 934 2762 violare
956 2695 1207 2782 prohibitionem
1223 2696 1396 2782 aliquoties
1418 2695 1491 2761 adeo

317 2821 454 2885 interest
481 2822 530 2886 rei
560 2818 708 2906 publicae
731 2820 941 2900 christianae,
965 2823 1000 2884 ut
1023 2820 1093 2903 ipsa
1116 2818 1224 2892 const,
1248 2820 1366 2904 Apost.
1390 2817 1493 2891 seua

317 2949 481 3031 expuncta
502 2945 837 3012 excommunicatione
853 2944 988 3017 minore,
1005 2943 1202 3018 decreverit,
1219 2945 1252 3008 in
1269 2943 1434 3010 nonnullis
1449 2963 1495 3008 ca·

317 3066 405 3134 sibus
427 3069 617 3136 violatorem
640 3069 736 3134 huius
758 3068 982 3154 prohibitionis
1005 3067 1204 3134 multandum
1220 3087 1291 3134 esse
1311 3087 1494 3134 excommu-

317 3193 479 3259 nicatione
501 3193 642 3276 maiore,
657 3173 767 3278 prouti
784 3212 940 3278 expresse
966 3197 1095 3259 cautum
1115 3196 1165 3258 est
1188 3192 1223 3258 in
1246 3192 1379 3260 decreto
1396 3193 1498 3260 dieta

269 3306 274 3317 ’
319 3321 395 3386 Ion.
412 3317 503 3386 1884
526 3318 611 3384 edito
627 3337 648 3382 a
663 3317 694 3384 S.
713 3319 747 3386 Ο.
764 3319 858 3385 Univ.
876 3320 958 3402 Inq.;
974 3337 1050 3382 nem
1065 3317 1157 3392 hisce
1172 3317 1279 3384 dubiis
1302 3337 1320 3382 ‹
1337 3319 1359 3386 1
1372 3314 1499 3384 &aba

318 3443 452 3511 meandi
473 3443 532 3528 qui
555 3443 760 3510 nominatim
782 3441 1129 3510 cccommaaicaatar
1156 3441 1227 3508 siue
1253 3462 1277 3507 o
1303 3440 1408 3525 Popo
1434 3441 1499 3507 aaa

319 3569 363 3637 ab
385 3563 583 3652 Episcopo?
606 3568 651 3634 Π
668 3565 800 3634 Suntne
821 3567 955 3633 citandi
971 3567 1031 3652 qui
1049 3565 1255 3633 nominatim
1277 3566 1499 3634 declarando

320 3692 608 3761 ecccmmuaicati
632 3692 702 3759 sive
728 3711 751 3758 o
781 3692 885 3775 Papa
910 3692 981 3758 sive
1008 3692 1051 3759 ab
1079 3686 1276 3775 Episcopo?
1307 3694 1498 3778 rescriptum

319 3816 381 3882 fuit
406 3815 493 3882 «Ad
519 3817 535 3881 Ι
561 3822 595 3882 ct
616 3817 648 3881 ΙΙ
669 3816 882 3902 Affirmotivc
907 3816 1138 3883 calnomum
1162 3815 1273 3884 Consi.
1298 3814 1447 3882 Martini
1477 3812 1502 3878 V
1570 3847 1571 3866 1

409 4024 449 4098 (l)
468 4026 526 4080 lam
544 4026 713 4082 advertimus
730 4026 907 4097 explicantes
926 4027 1048 4082 indolem
1067 4043 1257 4095 censurarum,
1277 4025 1497 4083 excommunica·

319 4133 426 4188 tionem
443 4134 584 4188 minorem
607 4149 668 4189 esee
692 4139 863 4203 postremum
883 4133 1034 4204 vestigium
1059 4138 1179 4206 quatuor
1197 4134 1336 4204 graduum
1355 4135 1496 4204 poeniten·

318 4240 399 4304 tium,
417 4240 466 4311 qni
484 4240 630 4294 dumtaxat
649 4239 750 4308 partim
770 4240 939 4294 arcebantur
957 4256 975 4293 a
994 4239 1189 4294 communione
1201 4239 1335 4295 fidelium.
1349 4237 1409 4293 Hoc
1420 4237 1496 4293 docet

319 4345 435 4402 Berardi
463 4347 483 4402 1.
503 4349 557 4414 αἱς
575 4352 605 4401 et
622 4345 730 4401 consuli
749 4351 865 4416 possunt
883 4365 944 4400 can.
962 4348 1010 4414 24,
1029 4363 1105 4402 caua
1125 4347 1165 4416 11,
1184 4364 1209 4418 q.
1228 4347 1265 4412 33
1283 4351 1313 4401 et
1331 4363 1391 4417 cap.
1411 4346 1440 4412 2,
1458 4344 1496 4397 Dc

320 4455 527 4526 exceptionibus
547 4455 578 4510 Χ
595 4453 639 4523 (ll.
657 4453 703 4522 25)
723 4457 753 4509 et
770 4471 830 4525 cop.
850 4454 887 4508 10
907 4455 948 4510 Dc
967 4455 1064 4510 clario.
1084 4471 1189 4510 excom.
1209 4453 1237 4508 X
1255 4455 1269 4522 t
1274 4453 1302 4506 V.
1322 4451 1385 4524 39).
