3296 5108
314 315 379 379 440
833 335 916 382 eras
941 335 963 380 r.

312 457 467 539 spectant,
481 473 527 520 eeu
538 452 695 537 professo
711 461 853 521 tractant
869 463 902 522 et
917 456 1032 523 medici
1048 465 1081 524 et
1094 457 1247 543 theologi.
1260 476 1362 540 quare
1374 475 1490 520 eorum

311 577 387 644 libri
414 585 547 664 possunt
568 597 640 645 esse
657 581 845 664 periculosi
867 581 924 646 sed
946 601 1011 646 non
1034 587 1109 646 sunt
1132 581 1266 650 obsceni
1287 601 1345 646 seu
1361 580 1491 646 tostin.

312 703 423 779 Quare
446 703 607 772 decenus
630 709 663 770 et
686 707 832 773 innuis
858 713 908 772 est
937 707 1021 772 liber
1051 709 1104 792 qui
1141 705 1212 773 ideo
1243 726 1282 772 ea
1309 709 1493 792 pertractat

313 837 350 896 ut
376 833 515 906 excitet,
545 839 659 917 suapte
689 839 822 906 natura.
851 834 1025 918 appetitum
1055 853 1237 900 ameum
1268 839 1300 897 et
1331 833 1492 896 rationem

313 953 428 1020 doceat
450 957 608 1042 aptiorem
631 975 694 1040 qua
718 958 794 1024 huic
817 957 938 1042 indulgi
961 957 1079 1023 valeat

403 1079 501 1145 Liber
516 1083 570 1165 qui
594 1083 624 1145 in
641 1082 738 1146 talem
756 1080 852 1146 linem
868 1102 922 1146 res
939 1083 1083 1149 lascivas
1104 1101 1163 1148 seu
1178 1081 1340 1149 obscuros
1359 1085 1491 1151 tractat.

313 1209 428 1269 namt
451 1210 506 1270 aut
529 1204 622 1270 docet
644 1205 702 1272 sed
724 1206 831 1273 obiter
853 1225 911 1272 seu
932 1227 999 1272 non
1021 1225 1067 1272 ec
1086 1206 1252 1290 professo!
1272 1207 1490 1276 nihilominus.

314 1333 342 1394 si
369 1351 487 1396 revera
517 1333 637 1418 legenti
660 1337 835 1418 appetitum
859 1335 990 1401 excitet.
1014 1333 1069 1398 hic
1092 1331 1176 1398 liber
1197 1333 1391 1419 prohibetur
1416 1334 1492 1396 iure

313 1457 468 1521 naturali
499 1476 558 1542 pro
590 1475 743 1523 mensura
769 1457 927 1540 periculi.
955 1457 1018 1524 Sed
1047 1459 1102 1524 ius
1129 1459 1312 1541 postitium
1340 1456 1492 1542 prohibet

314 1579 493 1645 huiusmodi
517 1580 635 1646 librum
650 1581 778 1665 quaudo
800 1601 846 1646 ex
862 1581 1019 1665 professo
1034 1585 1067 1647 iu
1083 1585 1185 1667 finem
1202 1581 1367 1648 lasciuum
1391 1583 1491 1646 inten-

314 1704 370 1770 dit.
392 1706 463 1772 Hoc
486 1708 647 1793 praestitit
670 1727 711 1772 ne
735 1709 838 1778 nimis,
857 1707 964 1780 bodie,
982 1707 1237 1792 multiplicentur
1260 1705 1491 1792 prohibitiones

314 1835 347 1895 et
378 1827 519 1896 fidelium
546 1833 736 1897 anxietates.
762 1831 859 1896 Liber
885 1837 992 1897 autem
1016 1849 1062 1898 eto
1081 1831 1237 1915 professo
1268 1837 1401 1910 narrat,
1426 1836 1489 1895 tra·

314 1961 390 2038 ctat,
407 1956 502 2022 docet
525 1957 651 2042 quando
674 1959 727 2022 vel
751 1959 879 2043 integer
901 1958 953 2024 vel
978 1959 1010 2022 in
1034 1957 1166 2025 notabili
1191 1963 1283 2043 parte
1306 1955 1363 2020 tihi
1387 1956 1490 2024 studet

314 2081 475 2148 mulcendi
498 2081 692 2166 serendique
716 2101 833 2167 pravas
858 2081 1057 2169 cupiditates.
1082 2081 1249 2149 Communi
1275 2083 1437 2146 sententia
1459 2083 1490 2146 in

314 2207 377 2271 hoe
400 2225 500 2271 censu
527 2205 689 2272 habentur
711 2227 811 2294 opera
834 2207 972 2273 Aemilii
994 2207 1088 2274 Zeta.
1114 2205 1210 2272 Haud
1235 2206 1398 2271 dissimilis
1422 2211 1491 2270 erat

314 2334 445 2416 antiqua
462 2332 630 2419 disciplina
654 2353 696 2399 ex
714 2333 793 2418 Reg.
811 2333 878 2398 VII
896 2332 1034 2398 Indicis.
1051 2332 1099 2399 ct.
1117 2331 1148 2398 S.
1165 2331 1334 2416 Alpheusi,
1351 2329 1489 2396 Distat.

316 2457 365 2521 De
385 2451 519 2540 prohib.
545 2457 600 2525 lib.
626 2479 653 2524 e.
678 2461 705 2533 1,
730 2481 763 2534 n,
790 2459 821 2524 9.
845 2458 904 2543 (l).

404 2579 479 2644 359.
512 2581 596 2647 Anu
626 2581 677 2646 10.
720 2581 815 2648 Libri
848 2587 1028 2647 oriciorum
1061 2579 1130 2645 sice
1165 2579 1389 2663 antiquorum
1423 2577 1491 2642 sive

314 2702 542 2768 recentiorum
570 2723 655 2788 quos
686 2704 842 2770 clusinos
865 2709 986 2770 uocant
1016 2703 1046 2768 si
1069 2701 1134 2768 buc
1163 2701 1238 2783 ipso
1270 2699 1492 2782 turpitudinis

316 2835 390 2902 labe
411 2833 528 2916 infecti
546 2837 634 2914 sunt,
657 2837 799 2916 propter
820 2831 988 2896 sunnonis
1011 2828 1214 2914 elepantiam
1242 2833 1273 2891 et
1296 2827 1492 2909 proprieta-

316 2966 391 3032 tem,
408 2958 450 3024 iis
473 2963 605 3023 tontum
618 2956 865 3039 perirzittuntur
888 2973 973 3038 qtros
989 2953 1090 3038 officii
1112 2957 1174 3018 aut
1192 2951 1381 3037 mopisterii
1404 2951 1492 3015 ratio

316 3091 473 3168 eucuaet5
495 3085 593 3151 nullo
616 3058 729 3149 tomen
755 3083 889 3148 ratione
913 3081 1033 3164 pueris
1055 3080 1106 3145 uel
1133 3076 1401 3147 adolescentibus
1427 3075 1495 3142 nisi

315 3209 430 3277 solerii
453 3225 538 3273 cura
562 3205 749 3291 expurpati
774 3203 932 3270 tradendi
954 3209 1014 3268 out
1033 3201 1257 3286 proelepeneli
1280 3206 1389 3266 errent.
1409 3222 1428 3260 s

405 3335 480 3402 360.
512 3334 550 3399 ln
581 3332 662 3418 Reg.
694 3331 761 3396 VII
794 3329 912 3395 Indicis
939 3347 1053 3394 sermo
1083 3325 1264 3393 habebatur
1293 3331 1420 3392 uantum
1452 3325 1495 3392 de

316 3461 411 3528 tibris
434 3459 605 3545 antiquis,·
621 3457 716 3522 hodie
740 3457 823 3520 ratio
847 3454 955 3520 habita
983 3460 1033 3518 est
1056 3471 1181 3537 quoque
1208 3451 1449 3518 recentiorum.
1477 3485 1495 3498 -

406 3829 446 3899 (l)
465 3829 508 3882 Ad
527 3845 585 3882 rem
604 3826 673 3882 haec
692 3826 772 3880 docet
788 3825 914 3889 Genicot,
927 3824 1023 3878 4524:
1037 3840 1053 3875 ‹
1067 3821 1095 3874 Si
1115 3822 1177 3891 quie
1195 3823 1304 3873 retroue
1320 3817 1404 3871 officii
1424 3815 1497 3887 quod

317 3937 398 4006 gerit,
412 3939 479 4005 puta
491 3932 598 3998 iudicis,
612 3932 747 3998 advocati,
762 3929 913 3985 reductoris
929 3925 1137 3998 ephemeridum
1150 3929 1203 3981 etc.
1218 3924 1366 3980 occasione
1379 3921 1440 3976 litis
1453 3919 1498 3976 rel

317 4041 523 4097 controversiae
541 4043 634 4094 motae
653 4038 686 4093 de
704 4037 777 4091 libro
795 4053 831 4090 ex
850 4036 973 4106 professo
991 4036 1137 4098 obscoeno,
1158 4033 1186 4086 iu
1205 4029 1306 4086 morali
1328 4028 1497 4082 necessitate

318 4151 475 4203 versaretur
493 4145 579 4201 talem
602 4143 722 4213 legendi,
743 4143 843 4198 merito
868 4144 963 4196 cenoet
981 4137 1127 4194 Hollweck
1146 4139 1183 4207 (p.
1202 4136 1248 4205 32)
1268 4136 1295 4189 id
1314 4135 1368 4205 ipsi
1387 4133 1495 4187 licitum

318 4257 385 4320 iore,
398 4253 507 4308 secluso
525 4251 650 4322 periculo
666 4252 792 4322 proximo
810 4265 960 4303 consensus
979 4247 1008 4300 in
1023 4246 1151 4316 turpia...
1170 4245 1227 4297 imo
1246 4244 1276 4298 in
1295 4241 1345 4296 tali
1366 4258 1432 4296 casu
1451 4238 1494 4294 lex'

318 4362 440 4432 positiva
464 4361 548 4414 noxia
567 4359 696 4414 euaderet
720 4357 784 4410 dum
802 4357 856 4410 riri
875 4355 1007 4410 catholici
1027 4352 1145 4422 publicis
1169 4349 1331 4405 muneribus
1349 4348 1429 4418 fungi
1452 4344 1493 4399 rel

318 4469 403 4523 etiem
423 4467 487 4522 fidei
505 4465 677 4521 adversarios
697 4464 896 4518 conuenienter
915 4460 1059 4515 confutare
1079 4473 1134 4512 uon
1153 4461 1265 4526 possent
1279 4469 1303 4510 a.
