3290 5100
304 311 371 378 534
832 318 916 376 enas
940 326 961 374 r.

394 455 455 520 llla
477 453 595 520 verba:
619 454 782 520 suadente
805 451 951 532 diabolo,
976 453 1164 536 exprimunt
1181 469 1245 513 non
1262 449 1385 513 incurri
1402 467 1482 512 cen-

304 601 413 646 suram
429 581 491 645 nisi
508 580 640 663 fuctum
656 583 783 643 moveat
799 599 841 643 ex
857 579 1021 664 proposito
1037 575 1220 647 iniuriandi,
1238 575 1321 659 quod
1336 575 1439 654 abest,
1456 576 1484 638 si

305 707 415 771 clerici
433 723 571 791 persona
587 704 735 770 laedatur
747 703 799 768 vel
816 703 899 766 insta
911 701 1108 766 detensionis
1123 721 1222 767 causa
1234 700 1290 765 vel
1306 699 1486 784 reprehen-

305 831 403 894 sionis
411 853 419 904 ;
446 828 531 894 unde
559 829 712 894 eximitur
740 829 893 912 magister
920 827 1075 892 clericum
1096 828 1281 911 percutiens
1306 825 1346 890 ad
1375 845 1486 890 corre-

305 953 454 1027 ctionem,
478 953 531 1016 vel
556 954 698 1023 maritus,
718 949 810 1031 filius,
834 950 938 1014 trater
961 951 1107 1034 graviter
1125 950 1303 1034 plectentes
1327 949 1486 1012 clericum

306 1099 378 1143 cum
409 1097 467 1142 sua
497 1097 611 1158 uxore,
641 1083 754 1157 matre,
781 1095 895 1140 sorore
925 1078 1066 1160 turpiter
1095 1080 1255 1159 agentem.
1283 1077 1427 1156 Namque
1452 1075 1484 1136 hi

307 1210 514 1272 excusantur,
540 1199 723 1287 (aequitatis
747 1201 840 1284 iure),
857 1203 947 1284 quasi
970 1205 1062 1266 aestu
1082 1202 1152 1265 irae
1174 1200 1310 1284 abrepti,
1328 1197 1368 1263 ob
1384 1200 1486 1264 velte-

307 1332 445 1392 mentem
477 1327 627 1391 iniuriam
658 1327 735 1410 ipsis
765 1345 891 1409 quoque
922 1326 1020 1390 latam
1043 1327 1075 1390 in
1099 1322 1276 1388 offensione
1303 1329 1367 1389 tarn
1391 1325 1487 1408 gravi

306 1451 393 1517 facta
413 1452 503 1516 hisce
525 1451 673 1535 personis
688 1449 745 1514 sibi
764 1449 844 1514 adeo
859 1453 951 1515 arcte
966 1450 1155 1514 coniunctis.
1173 1449 1282 1523 Quare
1301 1451 1385 1513 haec
1401 1450 1488 1513 ratio

307 1596 371 1642 non
388 1580 561 1642 excusaret
577 1574 681 1660 quoad
697 1573 777 1639 alios
793 1579 977 1643 extraneos.
991 1581 1024 1639 et
1038 1575 1115 1638 item
1128 1575 1179 1639 dic
1196 1575 1236 1638 de
1247 1575 1319 1638 aliis
1335 1574 1365 1638 id
1382 1594 1488 1658 genus

307 1703 441 1770 casibus.
460 1701 621 1786 Siquidem
637 1702 753 1785 quoad
768 1706 950 1767 eutraueos
966 1721 1030 1765 non
1047 1702 1263 1785 praesumitur
1284 1706 1393 1765 aestus
1417 1703 1488 1764 irae

307 1830 358 1894 vel
371 1827 474 1894 subita
490 1830 549 1908 ira,
562 1827 618 1893 sed
634 1829 659 1892 si
676 1827 757 1892 haec
775 1827 941 1912 probetur,
955 1833 1061 1894 cessat
1075 1847 1215 1892 censura
1231 1833 1263 1891 et
1278 1828 1409 1912 planum
1427 1833 1486 1892 est.

398 1958 552 2022 Doctores
583 1959 743 2039 quaerunt
774 1974 816 2018 an
846 1955 922 2019 huic
950 1973 1107 2020 censurae
1136 1955 1200 2019 sint
1227 1953 1356 2018 obnoxii
1387 1975 1487 2020 men-

308 2083 436 2162 dantes,
453 2100 514 2144 nec
538 2047 602 2143 nori
620 2083 737 2144 ratum
753 2077 920 2153 habentes,
939 2083 971 2144 et
988 2077 1187 2143 ll'Annibale
1203 2083 1324 2159 censet,
1346 2079 1406 2144 hos
1423 2101 1489 2143 non

308 2205 424 2276 teneri,
449 2201 593 2270 Summa
614 2204 640 2273 l,
664 2221 698 2266 m.
716 2200 798 2274 367,
823 2201 907 2284 quia,
933 2201 1082 2285 quidquid
1105 2201 1206 2268 tuerit
1225 2201 1265 2265 de
1281 2203 1355 2267 iuro
1371 2203 1490 2268 Decre

307 2329 431 2408 talium,
456 2346 543 2390 nunc
568 2345 609 2390 ex
625 2325 688 2389 hac
712 2325 818 2390 Oonst.
837 2344 997 2390 censurae
1012 2327 1077 2389 vim
1095 2325 1233 2390 habent:
1249 2345 1288 2391 eo
1304 2326 1407 2392 modo
1423 2345 1490 2414 quo

309 2453 347 2517 iu
370 2469 411 2517 ea
434 2451 582 2516 insertae
605 2455 726 2515 sunt...
751 2469 821 2516 uon
843 2469 938 2516 secus
961 2469 1003 2516 uc
1025 2450 1055 2514 si
1074 2450 1230 2532 primum
1253 2450 1297 2516 ab
1321 2469 1362 2516 eu
1377 2451 1491 2516 editae

306 2576 446 2659 fuerint.
462 2613 479 2624 -
495 2574 636 2640 Proinde
649 2577 859 2662 praeteriens,
874 2575 1061 2641 mandantes
1078 2581 1229 2642 atratum
1246 2576 1412 2648 habentes,
1429 2579 1489 2641 hos

309 2705 468 2768 exemisse
484 2708 595 2768 nostra
611 2703 717 2768 Gonst.
735 2701 863 2766 videtur
887 2703 961 2784 quia
984 2702 1044 2767 hos
1068 2704 1237 2787 praeteriit
1260 2708 1293 2767 et
1316 2701 1398 2768 haec
1413 2723 1488 2768 sen·

308 2831 411 2894 tentia
423 2826 517 2892 hodie
530 2828 730 2894 communior
741 2833 800 2893 est.
813 2829 895 2892 Item
907 2826 1109 2908 impuberes,
1124 2829 1176 2910 qui
1190 2826 1230 2891 ob
1245 2833 1489 2914 praesumptum

310 2954 451 3018 malitiae
474 2953 645 3026 delectum,
672 2954 786 3037 regule
808 2953 964 3036 generali,
989 2973 1053 3017 non
1078 2951 1183 3018 solent
1207 2953 1441 3038 comprehendi
1457 2955 1489 3017 in

309 3078 382 3162 lege
406 3077 532 3162 poenali
557 3077 618 3140 nisi
641 3095 796 3160 expresse
820 3078 1036 3146 nominentur,
1062 3074 1215 3139 videntur
1237 3075 1313 3138 huic
1330 3095 1492 3140 censurae

309 3223 375 3267 non
402 3201 541 3266 obnoxii.
569 3237 586 3248 -
612 3201 660 3266 of.
690 3201 971 3286 Ballarini-Gury,
997 3201 1039 3274 ll,
1066 3201 1142 3274 975,
1168 3206 1200 3265 et
1223 3201 1262 3265 cl.
1289 3201 1491 3274 Pennacchi,

316 3325 410 3391 Tom.
437 3327 464 3398 l,
485 3345 520 3408 p.
546 3323 626 3389 474.

400 3449 475 3514 459.
502 3449 592 3514 Haec
616 3468 755 3513 censura
778 3454 828 3514 est
852 3449 889 3512 R.
916 3449 951 3513 P.
980 3454 1166 3514 reservata:
1197 3447 1347 3530 emceptis
1374 3448 1493 3532 quoad

309 3572 574 3638 reservationem
591 3571 725 3670 cambus
740 3577 772 3637 et
782 3572 941 3655 personis
957 3573 999 3638 de
1014 3571 1136 3657 quibus
1152 3572 1228 3638 iure
1243 3573 1295 3638 uel
1307 3571 1494 3657 pricileqio

307 3697 526 3782 permittitur,
550 3703 587 3762 ut
611 3697 800 3781 Episcopus
826 3697 991 3763 vetelius
1018 3697 1180 3764 absoluat.
1205 3697 1262 3762 Isti
1289 3717 1382 3762 casus
1404 3702 1493 3778 sunt,

447 3823 478 3910 l)
503 3824 535 3890 Si
560 3825 724 3910 percussio
750 3826 858 3898 tuerit,
882 3825 963 3890 levis
986 3825 1047 3889 etsi
1071 3845 1136 3889 non
1157 3825 1239 3889 levis
1263 3825 1390 3896 iniuria,
1408 3843 1495 3908 quae

310 3968 363 4014 ex.
387 3969 437 4034 gr.
462 3947 497 4015 fit
520 3969 637 4035 pugno,
654 3949 744 4033 pede,
768 3948 888 4032 absque
912 3949 1005 4034 gravi
1030 3949 1157 4022 damno,
1182 3949 1360 4034 Episcopus
1385 3954 1493 4031 potest

311 4073 481 4138 absolvere
505 4093 736 4158 quemcumque
759 4093 1004 4158 percussorem

446 4199 479 4282 2)
505 4199 538 4262 Si
560 4199 828 4284 praemuniam
852 4217 907 4262 eos
930 4199 1107 4283 Episcopus
1123 4197 1293 4262 absolvere
1316 4201 1423 4282 potest
1439 4199 1493 4281 qui

312 4323 526 4408 collegialiter
554 4325 685 4400 virunt3
709 4344 753 4389 ex
783 4343 857 4408 cap.
882 4325 940 4398 50,
966 4324 1016 4389 De
1038 4328 1120 4389 sent.
1146 4343 1287 4394 esocem„
1311 4324 1431 4409 quippe
1460 4324 1494 4387 hi

311 4452 488 4513 censentur
510 4449 652 4534 impediti
675 4450 843 4533 quominus
866 4447 984 4514 adeant
1008 4451 1099 4513 Rom.
1125 4445 1335 4522 Pontificem;
