3266 5102
545 745 770 812 TITULUS
807 748 887 812 lll.

596 1049 640 1097 DE
665 1050 837 1098 CENSURIS.

263 1205 315 1246 Huc
331 1205 423 1250 reserat.
437 1207 473 1248 tit.
488 1206 523 1260 39,
538 1207 568 1260 Χ,
584 1206 623 1251 lib.
638 1205 669 1252 V.
683 1208 720 1250 tit.
737 1206 770 1251 ll.
785 1208 808 1250 in
822 1209 843 1262 6,
860 1206 899 1251 lib.
915 1209 942 1248 V.
957 1208 984 1250 ln
999 1207 1071 1252 Clam.
1086 1208 1122 1250 tit.
1139 1207 1172 1250 lo.

129 1452 348 1510 Summas-ium.
367 1485 401 1498 -
420 1456 462 1510 80.
483 1457 650 1528 Antiquiore
669 1457 728 1512 iure
748 1475 848 1512 nomen
868 1475 1003 1512 censurae
1022 1459 1186 1528 omnigenas
1205 1475 1307 1528 poenm

215 1562 434 1630 comprehendit.
454 1563 516 1618 lure
534 1580 606 1618 novo
626 1564 835 1633 comprehendit
855 1567 1178 1632 excommunicationem,
1193 1583 1309 1638 suspen·

215 1673 333 1735 sionern,
350 1648 537 1723 interdictum.
552 1699 586 1712 -
599 1671 642 1725 81.
656 1670 738 1724 Ratio
749 1687 934 1726 censurarum
943 1672 1068 1740 apprime
1079 1673 1209 1741 congruit
1227 1672 1309 1726 disci·

216 1774 312 1843 plinee
331 1776 445 1842 eccles.,·
464 1777 512 1831 sed
531 1793 632 1832 nomen
650 1777 795 1848 ipsumque
814 1779 973 1832 institutum
992 1777 1135 1832 derivatur
1154 1779 1308 1832 amoribus

217 1880 457 1934 Romanorum—
469 1883 661 1944 82.Quomodo
673 1883 776 1936 iactum
790 1883 834 1948 sit,
851 1889 881 1937 ut
894 1883 1051 1954 antiquiore
1061 1883 1208 1953 disciplina
1221 1883 1309 1954 quali·

216 2003 349 2058 ecumque
360 2005 448 2056 poena
457 1988 486 2042 in
497 1988 611 2059 aliquali
624 1991 908 2044 excommunicatione
924 1990 1097 2044 consisteret.
1112 2018 1145 2030 -
1158 1989 1199 2042 83.
1214 1989 1310 2058 Expli-

219 2098 300 2146 catur
310 2093 353 2145 ius
363 2110 472 2148 novum.
481 2093 565 2148 -at
577 2095 725 2148 Distinctio
740 2097 813 2150 inter
822 2099 984 2149 censuretos
997 2097 1121 2150 vitandos
1132 2101 1161 2150 et
1174 2097 1308 2150 toleratos

218 2197 333 2252 inducta
351 2217 368 2252 a
387 2199 510 2253 lllartiuo
531 2199 562 2252 V.
577 2229 610 2242 -
624 2199 666 2254 85.
681 2203 703 2254 Α
719 2202 819 2271 quibus
832 2201 972 2255 abstinere
991 2200 1090 2254 debeat
1103 2204 1266 2254 censuratus
1279 2205 1308 2254 et

217 2321 355 2375 quaenam
374 2306 466 2361 valide
486 2323 588 2376 ponere
607 2308 644 2361 sit
662 2324 758 2377 capax.
771 2337 808 2348 -
820 2307 863 2361 86.
882 2306 1024 2369 Quomodo
1041 2325 1157 2362 censura
1175 2307 1309 2361 sortiatur

218 2414 412 2468 executionem
426 2419 455 2470 at
468 2433 503 2469 an
517 2415 709 2486 suspendatur,
722 2414 822 2470 saltem
832 2433 888 2486 per
905 2416 1131 2487 appellationem.
1144 2415 1250 2470 Exinde
1263 2433 1310 2470 ex·

219 2519 341 2590 plicatur
353 2523 503 2576 necessitas
521 2525 680 2578 monitionis
694 2525 851 2578 canonicae.
871 2523 1020 2593 Suspensio
1040 2527 1068 2578 et
1087 2523 1266 2577 interdictum
1286 2523 1308 2576 si

218 2627 274 2680 iam
294 2629 351 2682 sint
368 2629 487 2695 inmersa,
499 2630 628 2699 suspendi
642 2630 738 2684 velent
752 2629 863 2684 decreto
876 2628 982 2693 iudicis,
993 2646 1048 2682 nou
1067 2644 1133 2682 vero
1152 2643 1308 2681 excommu-

218 2735 332 2788 nicatio.
352 2765 386 2778 -·
405 2736 447 2789 87.
469 2737 507 2791 De
526 2753 652 2803 censura,
670 2736 715 2791 vel
734 2737 815 2800 insta,
834 2735 879 2790 vel
898 2739 1009 2802 iniusta,
1028 2737 1109 2789 irrita
1129 2738 1158 2790 at
1174 2736 1308 2788 invalida.

218 2839 263 2892 88.
283 2839 322 2894 De
335 2841 479 2895 effectibus
492 2859 625 2896 censurae
647 2841 740 2895 nullae
760 2841 788 2918 ln
807 2841 867 2894 iuro
879 2842 1000 2906 interna,
1013 2840 1060 2894 sed
1073 2839 1181 2894 validae
1201 2839 1229 2892 in
1249 2841 1309 2892 foro

218 2957 344 3000 eceterae.
365 2947 404 3001 De
423 2965 540 3002 censura
560 2950 611 3001 sub
637 2947 797 3002 conditione
822 2947 880 3000 lata
906 2947 1081 3016 (remissive).
1101 2973 1135 2986 ·-
1155 2945 1198 2998 89.
1217 2945 1262 2998 Au
1281 2949 1309 2998 et

218 3052 356 3121 quomodo
375 3052 525 3122 prohibitio
544 3070 615 3124 quae
628 3070 677 3122 per
691 3069 839 3107 occisuram
857 3053 925 3107 terri
943 3052 1024 3117 solet,
1036 3051 1103 3106 ferri
1120 3050 1213 3104 valeat
1231 3050 1309 3120 quasi

219 3176 310 3230 poena
328 3177 383 3214 non
401 3163 577 3216 medicinalis
596 3160 643 3216 sed
661 3161 838 3215 uindicotioa.

219 3412 272 3475 80.
299 3412 374 3476 lure
397 3411 615 3478 Decretalium
646 3413 1142 3496 impetentemmsystema
1171 3407 1306 3492 poenale

126 3534 384 3628 ecclesiasticum
407 3554 524 3599 novam
540 3540 669 3599 nectum
686 3546 734 3600 est
751 3535 898 3615 formam,
915 3553 1016 3616 aeque
1036 3531 1308 3598 accommodatam

123 3662 230 3745 magis
254 3659 403 3724 evolutae
426 3659 642 3726 constitutioni
666 3661 827 3727 societatis
856 3661 1044 3744 religiosae;
1070 3677 1171 3754 quare
1203 3657 1308 3740 coepit

124 3783 282 3856 iuridice,
300 3789 332 3849 et
355 3783 589 3851 doctrinaliter
612 3785 727 3849 melius
743 3782 869 3850 definiri
893 3789 926 3848 et
949 3783 1099 3868 distingui
1118 3783 1221 3846 omnis
1236 3800 1309 3865 poe·

125 3897 246 4011 narum
280 3909 419 3993 species,
457 3913 491 3974 et
518 3913 645 3975 natura.
680 3907 725 3975 llt
755 3909 818 3973 hoc
850 3908 972 3974 iactum
1003 3912 1053 3972 est
1082 3908 1179 3972 etiam
1209 3924 1309 3990 opera

126 4033 426 4098 commentatorum
457 4037 489 4097 et
522 4031 795 4118 iurisprudentiee
830 4033 978 4104 forensis,
1017 4050 1079 4096 nec
1108 4048 1174 4094 non
1205 4026 1308 4093 studio

126 4159 305 4222 Doctorum
329 4157 611 4224 scholasticorum.
631 4193 647 4206 ·
671 4157 742 4222 Hoc
759 4159 820 4221 iem
837 4157 1008 4229 innuimus
1034 4155 1234 4239 explicantes
1261 4152 1310 4217 di-

126 4284 338 4350 stinctionem
351 4285 455 4349 serius
471 4283 634 4348 inductam
650 4281 793 4347 iuridice
810 4286 842 4346 et
857 4278 1092 4346 doctrinaliter
1108 4281 1198 4344 circe
1215 4280 1309 4342 retio-

126 4427 204 4473 nem
220 4407 286 4473 fori
302 4408 423 4472 interni
440 4413 472 4472 et
488 4409 625 4473 externi.
643 4406 723 4472 Inde
739 4406 857 4472 eccidit
873 4411 907 4470 ut
921 4405 1052 4470 termini
1075 4404 1149 4470 dein
1165 4403 1308 4488 usurpati
