3202 5104
254 283 322 350 260
775 305 858 352 raas
883 305 904 351 1.

346 426 420 492 178.
446 427 546 492 Docet
570 427 763 492 Benedictus
778 425 862 493 XIV
877 425 931 494 De
947 426 1030 514 Spa.
1047 428 1186 496 dioeces.
1204 429 1259 505 tib,
1279 431 1337 504 IX,
1354 451 1381 498 c.
1400 433 1436 504 6,

254 571 287 616 a.
314 551 347 628 7,
372 551 412 616 ad
436 551 698 638 degradationem
721 553 833 618 clerici
860 573 925 618 nou
949 573 1042 638 posse
1065 553 1209 621 deveniri
1233 557 1295 621 nisi
1318 557 1351 620 in
1378 577 1433 622 ca-

253 677 340 744 sibus
363 697 383 742 a
406 678 476 742 iure
501 679 662 763 expressis
685 698 764 762 quos
787 679 855 764 ipse
882 686 1052 745 enumerat
1074 681 1114 746 ad
1142 683 1257 748 decem
1284 701 1378 748 casus
1401 691 1439 748 et

252 802 396 888 singulos
420 809 577 883 recenset,
600 801 721 868 addens
745 803 898 868 clericum
922 804 1198 898 incorripibitem,
1219 807 1253 870 vi
1276 825 1351 890 cup.
1374 807 1434 882 10,

256 927 302 994 De
317 927 388 993 iad.
404 929 445 1009 X,
462 949 555 1013 posse
578 928 808 1015 degradatione
823 930 929 1015 plecti,
947 929 1073 1014 quando
1094 949 1210 1015 nempe
1226 929 1365 996 clericus
1380 932 1438 997 de-

253 1053 418 1137 positionis
441 1058 474 1118 et
497 1053 837 1120 excommunicationis
859 1055 972 1139 poenis
994 1059 1091 1118 antea
1113 1056 1274 1121 coercitus
1298 1076 1363 1120 non
1380 1075 1435 1121 re-

253 1177 384 1262 sipiscit,
408 1177 518 1242 sedin
541 1176 756 1260 profundam
779 1177 951 1243 maloram
973 1177 1112 1242 veniens
1138 1179 1329 1258 castanaii,
1353 1183 1436 1244 tunc

253 1322 330 1368 cam
346 1301 498 1370 Ecclesia
520 1321 590 1370 aon
614 1302 735 1368 babeat
749 1303 842 1367 altra
858 1300 943 1386 qaid
963 1300 1071 1382 saciat
1093 1320 1136 1367 ae
1158 1301 1219 1368 iste
1238 1303 1347 1385 possit
1361 1321 1438 1368 esse

236 1429 345 1510 ¹altra
364 1427 512 1511 perditio
524 1427 767 1510 plurimarum,
782 1445 848 1510 per
862 1426 1074 1491 saecularem
1090 1426 1368 1508 comprimendas
1384 1432 1437 1494 est

250 1557 470 1635 potestatem
494 1557 568 1616 sunt
589 1551 691 1617 verba
714 1552 804 1618 citati
828 1549 951 1635 capitis.
973 1548 1064 1612 Haec
1080 1548 1244 1613 conclusio
1259 1547 1344 1633 apud
1359 1567 1435 1634 gra·

254 1678 362 1742 viores
384 1680 567 1746 canonistas
590 1682 723 1762 recepta
742 1680 790 1740 est
806 1693 885 1758 quos
900 1672 1016 1746 recolit
1032 1671 1115 1737 idem
1136 1673 1331 1738 Benedictus
1346 1672 1432 1738 XIV

252 1799 272 1863 l.
291 1823 317 1870 e.
343 1809 376 1869 et
397 1804 553 1870 advertit:
581 1823 599 1864 ‹
617 1801 669 1868 Ab
693 1801 756 1866 bac
775 1800 906 1885 reputa,
928 1796 1102 1863 catalauni
1117 1815 1181 1860 aaa
1196 1799 1344 1877 recepta,
1360 1815 1437 1863 aon

251 1932 388 2000 recedat
403 1932 591 2016 Episcopus
614 1935 676 1996 etc.
696 1955 724 1991 ».
750 1924 965 2002 Quamobrem
988 1943 1066 1988 sane
1089 1920 1272 1987 firmissima
1295 1919 1438 1986 dicenda

250 2060 299 2122 est
322 2055 436 2140 regula
459 2056 511 2119 cui
534 2051 773 2118 consuetudinis
795 2049 959 2134 legitimae
981 2046 1107 2112 accedit
1129 2042 1327 2130 suffragium.

340 2182 554 2247 Nihilominus
570 2176 730 2244 mordicus
750 2175 826 2241 huic
840 2173 999 2261 principio
1016 2173 1208 2238 contradicit
1224 2171 1436 2238 Sebastianus

251 2305 398 2387 Berardi,
423 2324 477 2388 op.
502 2305 554 2371 cit.
581 2304 615 2368 V.
633 2301 679 2375 Il,
704 2305 793 2385 part.
813 2301 862 2374 ΙΙ,
886 2298 966 2364 diss.
984 2295 1017 2378 4,
1034 2315 1108 2378 cap,
1133 2296 1159 2374 1,
1176 2314 1328 2360 asserens
1351 2295 1431 2380 Epi-

250 2432 354 2515 scopis
377 2432 539 2514 integrum
563 2447 631 2492 esse
663 2427 842 2491 decernere
873 2421 1067 2487 clericerum
1099 2418 1346 2504 degradationes
1374 2427 1435 2485 aut.

251 2554 465 2640 depositiones
488 2553 527 2618 ob
552 2553 705 2637 graviora
720 2549 857 2614 crimina
873 2547 931 2611 etsi
956 2547 1018 2610 ista
1033 2563 1136 2629 poena
1152 2562 1308 2627 expresse
1324 2541 1433 2608 edicta

251 2700 313 2744 uon
337 2681 378 2746 sit
405 2680 475 2744 iure
499 2678 669 2748 communi,
694 2665 938 2760 reprehendens
962 2672 1065 2755 ipsum
1082 2667 1200 2733 Bened.
1220 2665 1312 2748 XIV,
1338 2671 1432 2752 quasi

248 2805 521 2890 pragmaticorum
551 2802 676 2888 placitis
706 2801 835 2865 incaute
864 2795 1042 2860 indulserit.
1069 2827 1086 2841 -
1111 2793 1236 2857 Verum
1265 2792 1435 2876 potissime

248 2925 306 2992 sua
335 2932 527 3012 argumenta
556 2923 716 3009 depromit
743 2919 878 2986 Berardi
910 2939 952 2982 ex
982 2919 1119 2981 Decreta
1147 2914 1296 2981 Gratiani
1325 2920 1358 2978 et
1386 2935 1432 2979 ex

247 3051 480 3136 antiquioribus
504 3047 736 3116 Decretalibus.
760 3047 858 3129 Atqui
882 3042 1055 3125 antiquitus
1078 3057 1143 3102 non
1163 3037 1356 3101 adamussim
1380 3036 1433 3102 di-

248 3176 365 3242 stincta
394 3177 456 3240 luit
486 3173 648 3257 depositio
679 3189 699 3234 a
725 3166 980 3254 depredatione,
1008 3161 1088 3227 adeo
1120 3167 1155 3224 ut
1180 3159 1294 3224 Devoti
1323 3159 1343 3222 t.
1374 3158 1430 3223 cit.

250 3323 313 3367 non
346 3301 468 3366 dubitet
498 3317 658 3376 asserere,
689 3295 828 3382 primum
862 3289 1083 3353 Innocentium
1108 3285 1155 3349 Ill
1182 3285 1216 3346 in
1240 3302 1308 3366 cap.
1334 3281 1355 3346 8
1378 3281 1434 3346 De

248 3428 344 3494 crim
368 3427 449 3510 falsi
473 3427 514 3504 X,
540 3423 594 3508 (V.
619 3421 675 3507 20)
699 3423 822 3485 certam
846 3415 1011 3480 induxisse
1032 3412 1137 3496 legem
1160 3409 1200 3474 de
1224 3408 1335 3472 clerici
1358 3413 1431 3473 tra-

248 3553 368 3617 ditione
391 3551 525 3616 brachio
541 3545 710 3612 saeculari.
738 3578 755 3592 -
780 3541 989 3607 Arbitramur
1004 3541 1079 3601 ante
1094 3535 1157 3599 hoc
1172 3537 1298 3617 tempns
1317 3531 1434 3615 plures

248 3677 394 3741 extitisse
418 3693 512 3740 casus
534 3672 685 3736 decretae
715 3665 961 3753 degradationis,
985 3661 1125 3726 maxime
1155 3678 1225 3742 arg.
1255 3655 1338 3722 Noa.
1367 3651 1428 3719 83.

250 3802 417 3867 lastiniani
440 3801 531 3884 Imp,
556 3796 612 3862 sed
643 3793 743 3859 nihilo
767 3791 872 3856 secius
893 3790 1000 3874 legem
1024 3789 1148 3851 certam
1172 3788 1204 3848 et
1227 3783 1430 3845 constantem

249 3927 376 3991 reterre
398 3927 475 3990 licet
501 3922 542 3986 ad
573 3919 734 3987 saeculum
758 3915 853 3981 XIII.
881 3949 898 3961 -
925 3913 1103 3976 Praeterea
1134 3905 1272 3972 Berardi
1301 3903 1431 3968 fallitur

248 4058 280 4118 in
303 4051 485 4118 recolendis
508 4046 670 4112 nonnullis
686 4045 717 4107 in
741 4061 832 4107 suam
854 4039 969 4103 thesim
993 4011 1168 4100 canonibus
1192 4026 1431 4113 antiquioribus

250 4180 303 4244 ubi
327 4197 433 4242 sermo
458 4180 507 4240 est
530 4172 570 4236 de
593 4169 764 4237 traditione
796 4163 912 4232 cariae
942 4159 1121 4232 saeculari,
1145 4162 1179 4221 at
1206 4156 1248 4220 ibi
1272 4153 1365 4219 curia
1388 4152 1428 4216 si·

248 4277 380 4390 gnificat
395 4300 566 4384 collegium
582 4295 875 4360 administratorum
892 4289 940 4352 rei
957 4285 1115 4372 publicae,
1129 4283 1175 4347 uti
1193 4279 1430 4366 explicavimus

248 4431 280 4493 in
304 4432 370 4493 not.
395 4425 426 4489 3.
445 4460 462 4471 -
480 4425 612 4488 Demum
636 4417 719 4503 quod
742 4413 917 4481 nullimode
940 4412 982 4477 sit
1005 4406 1179 4494 probabilis
1195 4401 1333 4469 Berardi
1355 4419 1428 4466 sen-
