3296 5108
553 303 598 354 on
620 303 776 352 nanicms
799 303 842 350 ar
865 302 984 350 ronrus
1289 281 1352 348 391

254 429 344 510 ‚302
361 429 506 514 Denique
521 434 713 496 recensetur
728 428 825 494 etiam
840 427 979 514 bigamia
990 425 1288 510 similitudinaria5
1301 427 1357 492 sed

179 555 271 627 baec,
293 555 337 619 uti
362 553 578 640 probabimus,
604 559 652 619 est
671 552 867 636 impropria
890 552 1125 638 irregularitas.
1152 585 1169 600 -
1195 551 1289 618 Hanc
1312 554 1358 616 ita

179 677 345 764 appellant
367 679 430 744 ΙΙΙ).
456 697 538 763 quae
560 679 706 744 oriretur
721 697 764 743 ex
787 682 944 742 attentato
961 675 1167 741 ruatmmonic
1191 694 1268 741 cnm
1291 675 1357 740 oir-

177 803 258 890 9ine
280 823 301 868 a
323 805 444 870 clerico
467 805 500 869 in
524 805 627 870 sacris
649 802 815 869 ordinibus
838 803 1021 872 constituto.
1039 801 1091 866 rel
1111 799 1299 868 solemniter
1322 801 1355 864 in

180 925 350 1012 Religione
373 925 528 1011 professo,
552 927 641 1010 quasi
666 930 884 992 concurrente
910 923 1028 1010 duplici
1053 922 1267 997 matrimonia,
1291 921 1357 1004 spi·

177 1050 297 1116 rituali
313 1070 428 1137 nempe
443 1071 524 1118 cero
540 1057 572 1118 et
588 1051 722 1118 carnali
736 1055 896 1116 attentato
913 1055 947 1114 et
961 1053 1205 1116 eonsnnimato.
1223 1047 1361 1112 Desum·¹

178 1173 239 1258 pta¹
256 1172 317 1238 fuit
339 1194 357 1238 a
382 1173 544 1240 nonnullis
568 1195 611 1240 ex
633 1194 660 1240 c.
685 1194 712 1240 c.
737 1175 777 1238 12
802 1194 819 1235 s
843 1172 906 1244 cai
928 1171 1043 1238 clerici
1066 1172 1118 1236 vel
1140 1175 1306 1242 recentes,
1324 1166 1360 1230 X

178 1296 251 1380 (IV,
275 1295 309 1381 6)
332 1302 363 1363 el
385 1297 418 1362 4.
443 1297 493 1364 De
515 1297 646 1364 clericis
668 1297 858 1383 coniugatis
881 1317 899 1358 a
924 1295 959 1360 X
988 1293 1062 1378 (111,
1086 1294 1122 1374 3)
1152 1313 1216 1359 nec
1246 1311 1312 1357 non
1336 1311 1356 1356 a

179 1419 365 1487 canonibus
387 1421 441 1494 24,
473 1440 492 1486 e
522 1420 643 1488 Concil.
675 1421 854 1506 Ancyrano
885 1418 927 1504 (a.
950 1418 1039 1504 314),
1065 1425 1097 1485 et
1123 1417 1168 1484 32
1191 1438 1209 1483 e
1233 1415 1353 1484 Concil.

177 1545 407 1612 Aurelianensi
432 1543 474 1631 (a.
497 1545 576 1628 511)
600 1565 692 1612 cans.
716 1545 776 1619 27,
793 1565 824 1630 q.
842 1546 870 1608 1.
887 1547 931 1610 At
953 1565 1018 1609 non
1042 1543 1134 1619 bene,
1158 1544 1234 1628 quia
1257 1544 1356 1610 citata

178 1670 292 1753 capita
314 1671 490 1754 loquuntur
512 1669 552 1736 de
575 1689 680 1757 poena
703 1670 920 1756 suspensionis
943 1677 976 1735 et
1002 1670 1353 1744 excommunicationis,

178 1812 260 1877 quae
284 1795 575 1860 excommunicatio
598 1793 694 1860 hodie
717 1795 814 1860 etlam
837 1795 1023 1859 continetur
1052 1796 1086 1859 in
1109 1792 1217 1861 Consi.
1242 1795 1353 1879 Apost.

178 1916 278 1992 Sedis,
292 1922 348 1983 aut
363 1919 403 1984 de
419 1937 620 2003 quacumque
634 1919 700 1984 elia
715 1920 871 1984 canonica
885 1919 1093 2003 poenitentia.
1110 1915 1264 1985 Uonones
1275 1937 1355 1984 vero

177 2044 266 2110 citati
289 2044 366 2110 editi
388 2052 464 2111 sunt
478 2064 498 2109 a
512 2043 665 2112 Consiliis
688 2042 948 2130 particularibus,
965 2050 998 2110 et
1013 2064 1077 2109 non
1099 2041 1256 2120 inducunt
1270 2044 1353 2108 irre·

177 2169 393 2255 galeritatem,
411 2169 514 2237 donec
536 2175 649 2256 aperte
672 2169 827 2256 probetur
847 2169 1068 2237 communibus
1090 2168 1233 2236 moribus
1255 2168 1355 2236 fuisse

179 2295 353 2376 receptam,
370 2257 454 2375 qdod
473 2291 586 2358 forsan
602 2291 733 2378 probari
749 2298 856 2378 posset
872 2291 912 2356 de
927 2289 1070 2358 Concilio
1086 2291 1282 2372 Aureliensi,
1299 2288 1354 2356 sed

178 2435 232 2482 res
254 2437 318 2481 nou
342 2421 392 2482 est
414 2418 491 2482 satis
514 2437 670 2503 expressa
692 2423 727 2486 et
749 2423 840 2484 certa
861 2417 907 2482 ad*
926 2416 1138 2482 inducendam
1162 2416 1354 2502 irregulari·

176 2547 285 2608 tatem.
305 2543 483 2607 Praeterea
498 2544 614 2609 citatus
628 2561 750 2609 canon.
764 2562 806 2607 ex
823 2544 919 2609 (lonc.
936 2546 1114 2628 Ancyrano
1127 2547 1178 2608 est
1192 2539 1303 2606 dubius
1320 2543 1353 2606 in

177 2685 235 2731 sua
259 2666 407 2741 lectione,
435 2666 556 2753 legitur
578 2669 681 2734 enim:
709 2667 914 2751 «Quotquot
935 2668 1155 2753 virginitatem
1180 2667 1353 2752 pollicitam

172 2791 436 2872 praevaricatae
459 2797 534 2858 sunt
548 2789 594 2876 (at
609 2792 665 2858 alii
681 2791 809 2857 codices
824 2791 936 2877 legunt
954 2791 1218 2876 «praevaricati
1234 2791 1266 2876 r)
1283 2812 1353 2876 pro

175 2914 316 2980 fassione
339 2921 532 3002 contempta,
547 2917 636 2982 inter
651 2917 803 3002 bigamos,
821 2916 904 2983 idest
918 2917 971 3000 qui
988 2916 1028 2981 ad
1044 2916 1202 2983 secundas
1225 2918 1353 3003 nuptias

175 3039 386 3120 transierunt,
402 3038 517 3105 baberi
533 3039 736 3106 debebunt».
750 3041 838 3126 Ergo
854 3060 918 3106 non
937 3046 986 3107 est
1000 3047 1110 3107 textus
1122 3041 1202 3107 adeo
1217 3059 1353 3127 expres-

175 3183 240 3237 sus,
266 3169 300 3229 ut
321 3155 597 3249 irregularitatem
628 3168 791 3252 propriam
816 3165 971 3232 inducere
998 3169 1106 3252 possit.
1132 3167 1206 3254 lpse
1233 3167 1352 3233 Suarez

175 3287 309 3370 (XLIX,
339 3289 369 3369 4,
398 3289 442 3375 6),
470 3289 601 3362 fatetur,
621 3289 834 3372 probabilem
859 3309 930 3356 esse
958 3292 1150 3376 opinionem,
1176 3311 1270 3376 quam
1293 3311 1352 3356 nos

175 3419 315 3495 tuemur,
340 3416 485 3498 quamvis
509 3417 578 3501 ipse
600 3415 697 3480 aliam
720 3419 844 3483 teneat.

264 3536 339 3602 303.
364 3538 520 3602 Doctores
542 3557 608 3602 non
631 3539 829 3603 conveniunt
842 3557 884 3602 an
899 3538 1126 3623 irregularitas
1148 3557 1191 3604 ex
1214 3536 1352 3624 bigamia

174 3659 321 3726 ducenda
344 3664 384 3727 sit
406 3681 452 3728 en
474 3661 608 3746 defecta
622 3683 761 3748 semper,
778 3683 819 3728 an
835 3664 932 3728 etiam
956 3663 1128 3748 aliquando
1151 3682 1196 3731 eor
1219 3663 1349 3732 delicto.

175 3820 193 3834 -
211 3785 341 3868 Suarez,
366 3789 387 3852 l.
412 3809 440 3854 c.
455 3789 484 3862 1,
501 3792 534 3854 et
549 3783 582 3850 S.
600 3787 786 3882 Alphonsus
809 3785 899 3872 (Vll,
918 3790 961 3874 4),
979 3789 1017 3853 L.
1035 3790 1059 3856 5
1076 3791 1249 3875 opinantur
1265 3808 1350 3854 sem-

106 3993 110 4000 *
173 3928 233 3994 per
256 3930 327 3976 esse
343 3929 388 3976 en
411 3909 554 3992 defectu,
571 3929 687 3996 nempe
710 3910 743 3974 in
766 3909 1002 3996 significatione
1025 3913 1262 3978 sacramentali.
1286 3913 1351 3977 Nos

173 4032 336 4115 sequimur
360 4031 561 4098 Thesaurum
583 4032 625 4098 P.
649 4033 697 4107 II,
721 4052 752 4098 v.
777 4035 968 4116 Anastasia,
994 4056 1020 4102 c.
1038 4035 1071 4110 4,
1088 4055 1121 4101 n.
1138 4036 1172 4108 4,
1190 4041 1223 4101 et
1245 4033 1350 4101 D’An-

172 4153 279 4221 nibale
304 4157 328 4230 l,
353 4155 428 4231 418,
452 4161 521 4223 not.
542 4157 588 4232 11,
614 4159 667 4242 qui
690 4163 804 4223 tenent
827 4157 998 4244 bigamiam
1021 4133 1371 4234 similitudinariam

172 4286 329 4365 quatenus
352 4281 627 4367 irregularitatem
651 4283 764 4367 pariat,
790 4303 860 4348 esse
884 4303 929 4350 ero
952 4285 1093 4368 deliclo;
1120 4284 1349 4368 interpretati-

171 4425 252 4472 earn
273 4425 356 4472 vere
379 4425 425 4473 en
447 4406 567 4474 delicto
591 4426 663 4474 esse
686 4407 950 4494 quotiescumque
973 4429 1072 4475 causa
1094 4412 1243 4496 proxima
1264 4409 1350 4475 irre-
