3312 5108
307 284 350 352 46
825 301 910 350 raas
935 303 956 349 1.

307 434 422 498 noxius
446 427 579 496 effectus
609 429 684 495 inde
714 433 852 496 secutus.
878 427 942 494 Sub
966 430 1029 496 hoc
1060 435 1193 516 aspectu
1220 431 1339 518 passim
1369 435 1489 499 statuta

306 556 475 643 synodalia
498 557 610 641 poenis
624 553 679 620 vel
695 553 848 638 gravibus
871 554 1017 639 plectunt
1032 560 1152 622 matres
1168 557 1219 622 vel
1236 557 1389 630 nutrices,
1407 575 1489 640 quae

307 679 448 744 infantes
471 680 505 744 in
528 699 585 744 suo
616 678 702 744 lecto
733 677 904 759 collocant,
937 677 1021 744 unde
1053 697 1118 742 non
1148 679 1249 744 semel
1274 677 1319 762 tlt,
1351 681 1490 746 miseros

298 800 430 886 'puellos
454 801 622 886 comprimi
645 819 665 864 a
688 799 869 866 dormiente
893 800 925 864 in
951 799 1049 865 cubili
1072 821 1106 866 se
1130 802 1305 876 volutante,
1331 823 1404 868 cum
1427 817 1489 865 nec

307 927 489 992 reclamare
511 946 574 990 neo
596 944 632 990 se
656 924 832 990 defendere
858 926 909 990 isti
940 923 1071 990 valeant
1101 925 1259 992 adversus
1288 929 1488 994 inconscium

227 1087 234 1100 ι
305 1071 536 1138 oppressorem
560 1049 617 1140 (l).

396 1173 536 1242 Somnus
559 1174 730 1262 aliquando
755 1180 804 1240 est
828 1174 1032 1260 imputandus
1047 1175 1123 1260 quia
1138 1181 1187 1242 est
1201 1196 1300 1242 causa
1314 1177 1489 1264 praevisae

307 1267 519 1383 omiss-iciam
542 1300 587 1364 ita
610 1300 663 1383 qui
689 1318 802 1364 somno
826 1317 861 1363 se
885 1300 1064 1380 committit,
1090 1318 1186 1383 quum
1208 1299 1315 1365 adhuc
1346 1300 1489 1367 recitare

305 1391 425 1490 debeat
447 1423 547 1488 horas
570 1423 744 1488 canonicas
768 1442 829 1486 nec
852 1426 948 1487 cavet
969 1421 1122 1488 ullimode
1144 1427 1180 1488 ut
1196 1421 1396 1509 expergefiat
1411 1429 1489 1488 tem·

306 1565 386 1632 pore
409 1546 449 1610 ad
478 1546 510 1612 id
535 1547 617 1629 utili,
644 1548 768 1612 crimen
793 1551 902 1632 patrat
925 1547 1062 1612 omissae
1085 1547 1287 1614 recitationis
1309 1547 1346 1613 D.
1372 1545 1489 1614 Officii.

396 1671 541 1755 Denique
556 1690 686 1765 somnus
701 1689 767 1736 non
783 1670 940 1735 naturalis
956 1669 1012 1736 sed
1025 1669 1204 1736 artificialis
1216 1671 1364 1746 habetur,
1377 1678 1489 1757 utpote

306 1796 361 1878 qui
383 1795 547 1860 inducitur
570 1814 613 1860 ex
636 1794 784 1860 condicto
806 1800 840 1860 et
862 1794 937 1860 data
953 1815 1063 1882 opera,
1080 1797 1283 1881 potissimum
1305 1816 1365 1882 per
1387 1793 1490 1862 fixum

306 1922 455 1987 intuitum
471 1922 519 1986 rei
544 1922 763 1986 continuatum
780 1927 813 1984 et
829 1941 889 2006 per
911 1919 1174 1987 recollectionem
1197 1922 1314 1987 mentis
1329 1922 1370 1987 ad
1389 1941 1489 1987 unum

306 2047 475 2121 obiectum,
501 2054 534 2114 et
556 2047 652 2114 hodie
676 2049 793 2134 passim
816 2046 1057 2132 frequentatur,
1089 2050 1142 2132 qui
1174 2048 1293 2114 dicitur
1316 2049 1490 2135 hypnotis-

306 2194 377 2238 mus
392 2171 450 2259 Ι(2).
468 2171 551 2247 Quia
566 2169 700 2237 effectus
723 2171 818 2236 huius
841 2175 942 2237 status
965 2173 1064 2236 animi
1086 2177 1144 2245 est,
1169 2192 1264 2258 quem
1292 2169 1365 2238 fleri
1393 2172 1489 2238 obno

306 2297 396 2362 xium
411 2295 570 2361 voluntati
582 2300 615 2360 et
625 2291 760 2360 arbitrio
775 2294 919 2375 alterius,
933 2313 1030 2378 quum
1047 2296 1080 2360 in
1096 2315 1135 2360 eo
1151 2295 1276 2362 desinat
1290 2297 1489 2362 conscientia

306 2421 448 2505 reficere,
472 2424 508 2486 at
529 2421 660 2505 vigeant
675 2395 840 2484 naturales
852 2418 1088 2492 inclinationes,
1109 2418 1261 2484 videlicet
1276 2421 1429 2506 potentia,
1453 2424 1490 2487 ut

306 2547 351 2611 ita
362 2545 475 2618 dicam,
488 2543 529 2610 ad
542 2543 649 2608 omnia
660 2541 889 2615 obedientialis,
905 2577 922 2590 -
938 2543 1087 2607 lamvero
1103 2543 1348 2628 phaenomenon
1360 2535 1487 2629 hypno-

306 2670 390 2734 tismi
421 2673 547 2734 arctam
577 2665 676 2732 habet
708 2668 944 2733 connexionem
976 2687 1049 2732 cum
1084 2666 1259 2756 disciplinis
1282 2668 1487 2756 poenalibus3

307 2795 457 2878 quoniam
481 2795 615 2878 quisque
638 2793 695 2859 tali
719 2811 834 2878 sopore
858 2813 989 2878 pressus
1012 2792 1109 2860 facile
1139 2794 1181 2860 ad
1212 2795 1347 2861 crimina
1379 2795 1488 2862 induci

306 2919 407 2994 ralet;
431 2916 639 3002 quamobrem
662 2915 743 2982 duae
771 2919 965 2982 exoriuntur
989 2918 1208 3001 quaestiones:

396 3043 530 3109 Licetne
553 3063 588 3107 se
611 3061 723 3108 somno
746 3041 924 3130 hypnotico
946 3041 1101 3110 traderet
1199 3115 1202 3123 ,

397 3165 488 3242 Quae
511 3166 545 3231 in
568 3166 626 3232 tali
650 3185 763 3231 somno
786 3171 1018 3254 perpetrantur
1040 3167 1074 3230 in
1097 3166 1203 3253 legem
1219 3167 1397 3253 poenalem,
1413 3171 1489 3232 sunt

306 3291 402 3376 plane
425 3287 643 3376 imputabilia?

396 3607 436 3680 (1)
456 3609 496 3661 Cf.
516 3608 643 3674 Caldam,
662 3609 823 3662 Dacisioaas
839 3607 1019 3662 Corbulonioa
1041 3609 1131 3663 Dacis.
1145 3609 1173 3662 3.
1190 3607 1363 3678 Thomasius,
1378 3609 1488 3664 masar-

308 3721 425 3772 tationes
444 3716 588 3770 iuridicae.
615 3714 674 3769 Vol.
697 3715 720 3767 1.
741 3713 813 3768 Dtss.
835 3715 872 3768 11.
892 3714 1027 3784 lspanius,
1045 3715 1088 3768 De
1107 3717 1208 3770 delicto
1224 3725 1250 3770 et
1259 3731 1352 3786 poena
1364 3725 1489 3770 noctem·

309 3825 442 3878 batorum
460 3823 518 3877 sive
539 3821 740 3876 dormientium
759 3825 790 3876 et
808 3823 1013 3875 somniandum.

396 3931 436 3999 (2)
456 3927 495 3983 De
514 3933 592 3983 arcte
611 3927 782 3984 connexione
801 3916 972 4000 hppnotismi
1000 3945 1062 3982 cum
1087 3930 1273 3999 magnetismo
1299 3929 1413 3984 animali
1438 3947 1488 3985 eeu

306 4035 498 4091 mesmerismo
511 4051 527 4088 a
540 4034 647 4090 medico
658 4035 782 4090 Mamer
795 4035 929 4103 evulgato
942 4034 1012 4090 haec
1024 4033 1109 4089 habet
1124 4033 1282 4090 Lehmkuhl
1295 4035 1327 4106 (l,
1339 4035 1393 4090 994
1406 4053 1433 4090 n.
1448 4035 1488 4104 l):

306 4161 323 4194 ι
337 4139 426 4203 Quum
445 4141 478 4196 de
498 4142 717 4212 -superstitioso
735 4144 949 4213 impactismo-
968 4157 1090 4212 agerem,
1109 4142 1192 4212 tetigi
1212 4147 1323 4196 tantum
1347 4142 1489 4212 quaestio-

306 4263 371 4304 nem
395 4247 429 4302 de
448 4249 660 4318 -mupnetismo
684 4249 802 4302 natarali
816 4277 830 4287 -
850 4265 932 4318 quem
958 4247 1068 4313 dicunt,
1094 4264 1152 4313 seu,
1177 4250 1315 4318 quatenus
1338 4245 1488 4317 aliquando

307 4357 448 4422 tamquam
468 4351 620 4407 remedium
638 4351 752 4406 curandi
771 4353 882 4406 morbos
902 4351 1031 4406 laudibus
1050 4351 1203 4406 extollitur.
1224 4351 1341 4406 Recenti
1361 4355 1488 4421 tempore

307 4456 387 4528 plura
405 4473 440 4513 ex
458 4457 492 4514 iis
510 4473 582 4530 quae
601 4457 785 4527 magnetismo
806 4457 967 4512 tribuuntur
985 4457 1044 4511 sire
1063 4455 1120 4511 alia
1138 4455 1334 4526 explicatione,
1353 4455 1411 4509 sive
1430 4453 1488 4510 alio
