3296 5108
509 331 553 378 aa
577 332 731 382 orc1cr1s
754 335 797 380 rr
820 333 939 382 ramus
1246 318 1315 384 397

137 453 288 539 qratiam
312 473 417 539 qaam
437 454 549 522 debuit
566 453 621 541 (1).
647 455 736 521 Idem
759 455 847 522 iubet
873 458 972 525 Carra.
1004 427 1097 523 Trici.
1114 459 1152 524 ia
1166 477 1244 525 sess.
1262 460 1314 536 14,

137 600 163 646 c.
182 579 205 643 7
225 579 267 645 da
282 578 346 663 ref.
370 582 461 646 cuius¹
483 585 607 646 textum
631 583 695 647 iam
718 564 949 668 explicavimus
972 603 1006 648 a.
1023 585 1091 650 198
1095 604 1110 666 ,·
1125 621 1144 632 -
1159 585 1314 669 siquidem

135 703 299 777 decernit:
327 703 400 770 «Si
421 723 500 771 aero
524 705 744 774 homicidium
767 727 837 774 aon
860 726 905 773 ea
923 709 1101 791 proposito
1122 710 1312 777 sedasse...

134 828 242 912 fuisse
269 837 541 896 emmerammum
570 837 735 897 narretur
764 851 870 917 qaam
900 832 941 899 ob
972 853 1113 899 causam
1141 835 1314 900 etiamad

134 974 316 1021 sacrorum
332 956 493 1022 ordinum
516 961 548 1022 et
569 957 690 1022 attaris
712 958 937 1024 minutatum
960 957 1036 1024 iare
1059 959 1313 1043 quadammodo

136 1077 342 1160 dispensatio
374 1077 588 1144 debeatur».
621 1079 713 1148 Unde
743 1101 842 1148 camos
872 1083 907 1146 in
931 1081 1074 1148 subiecta
1103 1084 1238 1148 materia
1265 1087 1314 1150 est

136 1205 298 1288 oppositus
317 1205 493 1287 proposito
517 1205 753 1290 delinquerat,
778 1206 835 1272 sed
862 1226 926 1271 uon
954 1206 1098 1274 excludit
1123 1208 1311 1294 irregulari-

134 1331 235 1392 tatem
270 1330 514 1413 provenientem
544 1349 589 1395 eac
620 1331 720 1415 quasi
749 1329 889 1413 delicta;
920 1350 1011 1412 nam,
1043 1349 1148 1398 causa
1179 1330 1313 1417 capuita

134 1452 364 1518 declarandum
400 1461 465 1534 est,
497 1475 568 1520 esse
602 1456 708 1520 lacurn
742 1455 981 1542 dispensationi,
1005 1457 1030 1521 si
1063 1475 1162 1522 casas
1188 1475 1315 1522 revera

135 1577 288 1644 excludat
311 1598 436 1643 omnem
454 1579 580 1664 culpam
597 1585 736 1646 calmae
759 1599 891 1662 gravem
908 1587 941 1645 et
957 1581 1053 1644 etiam
1069 1579 1290 1666 theotopioam
1298 1599 1312 1661 ;

135 1721 231 1766 secus
261 1703 287 1766 si
315 1723 357 1766 en
384 1705 544 1790 gravitate
572 1705 686 1789 culpae
713 1711 876 1772 calamae
906 1705 1069 1790 praesumi
1096 1703 1191 1770 debet
1218 1703 1313 1788 culpa

136 1825 330 1912 theolopiea.
930 1903 933 1910 1

225 1950 366 2016 Proinde
391 1951 423 2017 id
447 1951 529 2036 quod
553 1952 647 2020 docet
665 1953 834 2037 Gasparri
856 1974 890 2018 a.
907 1951 986 2027 444,
1004 1954 1111 2018 aiens:
1131 1952 1310 2018 «Tandem

134 2075 161 2138 si
178 2077 248 2158 quis
263 2077 385 2141 nullam
408 2079 516 2163 reipsa
538 2079 696 2144 commisit
718 2079 948 2164 negligentiam
973 2098 1000 2142 e.
1017 2097 1048 2164 g.
1066 2079 1140 2161 quia
1164 2077 1203 2142 de
1226 2079 1310 2164 peri·

134 2200 209 2264 culo
233 2201 345 2266 mortis
368 2207 423 2266 aut
446 2201 654 2269 mutilationis
686 2222 726 2267 ne
750 2203 904 2288 cogitavit
930 2201 1068 2285 quidem,
1093 2201 1149 2268 sed
1175 2204 1209 2267 iu
1237 2202 1309 2266 foro

134 2329 272 2390 externo
295 2332 430 2411 apparet
452 2326 552 2392 fuisse
575 2327 802 2414 negligentem,
820 2327 1045 2412 irregularitas
1068 2327 1131 2392 erit
1149 2345 1216 2409 pro
1232 2325 1309 2408 foro

132 2454 285 2531 exterae,
319 2471 383 2514 non
413 2456 521 2517 autem
552 2471 620 2535 pro
643 2453 777 2518 iaterao
797 2473 827 2526 r,
860 2471 925 2516 non
949 2451 1077 2516 videtur
1099 2450 1311 2535 undequaque

132 2592 257 2638 rerum.
272 2575 400 2639 Etenim
412 2575 538 2659 quaudo
555 2575 650 2660 culpa
666 2581 715 2641 est
726 2582 865 2642 eataae
881 2577 990 2661 gravis
1003 2593 1085 2658 quae
1100 2594 1310 2660 praesumere

222 2854 262 2924 (l)
282 2855 362 2910 Iuvat
381 2857 485 2911 referre
504 2855 586 2910 huius
605 2859 703 2928 capitis
721 2861 830 2912 textum
842 2870 860 2912 a
873 2857 943 2911 Dum
968 2858 1100 2911 diaconus
1122 2857 1310 2926 praesentium

132 2959 206 3014 lator
225 2965 254 3016 et
272 2961 384 3033 quidam
402 2962 451 3016 alii
470 2962 565 3017 clerici
584 2963 702 3018 arinsis
721 2963 863 3018 Ecclesiae
875 2979 958 3034 opere
972 2968 1163 3018 consummato
1179 2962 1309 3028 redirent,

130 3067 251 3122 leviaudi
271 3067 375 3123 lab'oris
387 3071 480 3138 gratia
491 3070 637 3142 quemdam
657 3071 751 3124 ludum
771 3070 874 3124 imitati
888 3074 953 3124 suut
968 3071 1116 3138 viatorum,
1129 3069 1309 3142 projicientes

131 3174 247 3228 baculos
265 3191 329 3230 suos
346 3177 376 3231 in
388 3176 519 3246 longum,
531 3178 680 3232 studebant
698 3179 772 3233 enim
791 3179 883 3232 iacere
901 3177 931 3230 in
946 3177 1091 3242 directum,
1103 3182 1132 3232 et
1149 3176 1221 3232 alter
1234 3177 1307 3232 alte·

132 3281 191 3334 rius
208 3281 309 3336 fustem
327 3283 420 3338 ferire.
439 3283 524 3338 Cuius
537 3267 610 3350 ludi,
628 3285 701 3338 sicut
720 3288 855 3349 asserunt,
874 3283 947 3340 solet
968 3300 1028 3340 esse
1047 3284 1178 3349 conditio,
1197 3288 1236 3350 ut,
1260 3286 1307 3354 qui

129 3387 248 3442 alterius
265 3389 395 3443 baculum
415 3395 579 3459 percuteret,
593 3390 672 3461 quasi
684 3390 783 3455 victor,
796 3405 845 3460 pro
858 3405 930 3460 equo
944 3390 1101 3457 aliquoius
1117 3389 1234 3444 baculus
1246 3406 1309 3460 per-

130 3508 228 3545 cussus
249 3497 300 3558 est,
320 3496 460 3559 uteretur3
479 3493 525 3548 sed
550 3493 668 3563 praefati
687 3492 791 3559 clerici,
811 3492 953 3563 equitandi
973 3492 1089 3548 licentia
1109 3508 1165 3546 non
1187 3496 1306 3556 utentes,

129 3598 191 3653 sola
209 3604 290 3653 erant
303 3601 422 3655 lectione
435 3601 567 3668 contenti,
582 3604 622 3665 ut,
634 3599 698 3654 dum
717 3598 838 3654 alacrius
849 3599 883 3653 ad
896 3599 1011 3654 baculos
1023 3615 1088 3654 suos
1100 3597 1307 3664 concurrerant,

130 3703 255 3759 laborem
273 3706 383 3761 itineris
401 3723 456 3760 non
474 3707 619 3762 sentirent.
633 3705 749 3766 Quidam
768 3709 863 3761 autem
881 3704 979 3771 laicus,
992 3705 1064 3760 sicat
1079 3705 1237 3774 praedictus
1249 3704 1308 3758 dia-

129 3827 216 3864 conus
234 3813 342 3878 asserit,
355 3813 419 3866 dum
438 3812 568 3867 baculum
586 3811 710 3868 eiusdem
729 3812 838 3867 diaconi
852 3813 1040 3882 percussisset,
1052 3813 1182 3868 incautus
1200 3812 1228 3865 in
1242 3828 1306 3866 eum

128 3916 306 3989 equitaturus
324 3917 432 3984 insiliit,
446 3921 475 3972 et
493 3917 532 3972 sic
549 3934 568 3971 a
585 3917 658 3973 falce
677 3917 753 3971 illius
771 3917 878 3972 diaconi
899 3933 954 3988 qua
973 3921 1055 3973 erant
1067 3917 1218 3982 accinctus,
1233 3931 1306 3971 mor·

129 4024 187 4078 tale
205 4024 307 4078 vulnus
325 4025 441 4095 accepit,
458 4027 490 4081 de
509 4041 564 4096 quo
576 4028 639 4095 post
657 4023 716 4078 dies
733 4027 797 4078 octo
810 4023 956 4090 expiravit
970 4023 1040 4082 »De
1058 4022 1112 4078 hac
1129 4025 1197 4078 iacti
1213 4024 1305 4093 specie

128 4133 199 4188 haec
217 4134 343 4189 decernit
360 4134 518 4190 Alexander
537 4133 602 4188 111«
616 4132 738 4203 ideaque
756 4134 930 4198 mandamus,
943 4142 1078 4204 quatenus
1098 4133 1228 4186 eumdem
1245 4131 1305 4185 dia·

128 4258 229 4295 canam
248 4245 308 4296 sine
328 4243 440 4296 licentia
458 4242 578 4296 Romani
590 4241 730 4310 Pontificis
748 4242 786 4295 ad
803 4243 979 4312 superiorem
995 4242 1117 4311 pradum
1135 4256 1191 4294 non
1208 4255 1305 4294 ascea-

126 4351 205 4414 dera
220 4351 268 4404 uel
282 4351 313 4402 ia
325 4351 494 4404 Diacoaatas
507 4349 594 4420 officio
608 4349 690 4404 nullo
703 4366 825 4419 unquam
839 4359 963 4419 tempore
975 4349 1137 4403 ministrare
1149 4349 1302 4418 permittas,

125 4462 178 4514 sad
196 4472 261 4511 sam
279 4458 465 4528 dispensative
483 4458 644 4512 ministrare
662 4457 692 4511 ia
704 4457 918 4510 subdiaconatus
936 4455 1024 4527 officia
1040 4457 1196 4526 patiaris.)
