3202 5104
503 351 547 400 ns
571 351 724 400 nunionis
748 353 791 398 nr
815 351 935 400 nonnis
1241 339 1307 405 289

128 478 192 542 luti
214 477 358 543 defectus
377 477 500 552 aetatis,
526 477 689 554 scientiae,
714 497 840 542 morum
863 478 914 543 vel
939 480 1017 544 artis
1041 479 1236 554 inhonestas,
1253 482 1308 546 bo

130 605 252 668 minem
276 601 398 666 faciunt
420 599 586 688 indignum
609 605 664 666 aut
686 599 870 666 inidoneum
890 623 913 666 s.
932 603 1106 676 ordinibus,
1123 606 1240 688 partim
1265 626 1307 671 ex

130 733 205 796 iure
232 729 376 816 positivo,
401 728 517 813 partim
542 747 583 792 ex
611 728 760 802 naturali,
786 726 841 793 sed
869 748 930 793 non
960 729 1305 816 irregula1·em‚sensu

129 857 213 922 iuris
236 855 361 940 positivi
384 853 540 920 canonici.

256 1071 278 1152 ἓ
303 1068 331 1132 1.
359 1067 504 1139 Quinam
527 1068 800 1156 impotentiores
823 1071 1022 1138 contrahere
1041 1070 1184 1150 possint.

131 1243 350 1301 summarium.
370 1273 403 1286 —
428 1245 483 1300 196.
497 1246 627 1316 Quisquis
640 1263 727 1316 capax
746 1265 766 1300 a
781 1247 964 1302 ordinationis
983 1249 1119 1304 obnoxius
1137 1263 1197 1302 esse
1217 1251 1308 1317 potest

223 1354 485 1424 irregularitatibus.
514 1353 642 1424 Episcopi
670 1361 699 1409 et
724 1353 750 1408 S.
775 1355 806 1408 R.
827 1355 856 1409 ll.
877 1355 1039 1411 cardinales
1063 1356 1114 1412 bas
1138 1356 1307 1410 contrahunt

222 1464 288 1534 quin
307 1462 341 1516 de
366 1463 401 1516 iis
425 1461 553 1531 specialis
572 1461 678 1517 mentio
703 1461 829 1516 habenda
847 1463 891 1517 sit.
918 1492 951 1505 —
980 1463 1037 1518 197.
1057 1463 1253 1535 lrregularitas
1272 1481 1308 1519 ere

212 1573 324 1642 defecta
343 1569 494 1624 incurritur
520 1569 605 1623 etiam
630 1569 711 1622 nobis
729 1569 823 1622 insciis
843 1573 871 1624 et
893 1570 997 1624 invitis.
1022 1571 1160 1626 Econtra
1182 1589 1253 1643 quae
1273 1589 1309 1626 ea·

208 1658 339 1743 aalide,
361 1678 462 1748 quippo
490 1677 560 1732 baec
587 1695 617 1732 se
644 1677 729 1732 babet
754 1677 787 1731 ad
813 1677 902 1732 instar
921 1694 1025 1748 poenae
1045 1680 1233 1750 gravissimae.
1256 1679 1308 1735 Sed

222 1804 256 1840 ex
275 1786 366 1856 culpa,
385 1787 489 1858 absque
507 1785 579 1854 dolo,
592 1787 744 1841 incurritur
759 1786 952 1856 irregularitas
971 1805 1008 1842 eor
1025 1789 1181 1854 bornicidio,
1200 1788 1308 1843 ratione

222 1892 423 1963 quasi-delicti.
441 1919 477 1932 -
503 1891 561 1944 198.
587 1891 750 1961 Explicatur
776 1895 870 1946 textus
893 1889 996 1946 Concil.
1021 1891 1095 1945 Trid.
1119 1921 1156 1934 -
1182 1892 1240 1946 199.
1263 1895 1308 1946 An

222 2001 380 2070 impuberes
398 1998 621 2070 irregularitates
639 2017 676 2054 ex
693 2001 795 2054 delicto
815 2000 966 2054 incurrant.
985 2028 1021 2041 -
1039 2000 1101 2056 200.
1115 2002 1159 2055 An
1178 2005 1207 2055 et
1225 2017 1309 2071 quae·

223 2125 287 2161 nam
306 2107 465 2178 ignorantia
483 2112 598 2162 excuset
616 2108 651 2161 ab
670 2106 880 2177 irregularitate
899 2123 936 2162 aa
954 2107 1063 2163 delicto.
1083 2136 1116 2148 —
1135 2108 1196 2162 201.
1216 2111 1261 2163 An
1279 2113 1309 2163 et

222 2213 358 2286 quomodo
377 2213 491 2268 dubium
509 2215 567 2268 sive
587 2218 657 2270 iuris
676 2215 734 2270 sive
747 2217 816 2286 sacti
834 2218 948 2270 excuset
966 2217 1002 2269 ab
1021 2214 1153 2270 eiusmodi
1172 2214 1310 2284 irregula-

223 2325 316 2380 ritate.
345 2353 360 2363 -
388 2323 480 2384 Quare
505 2339 539 2378 ex
564 2328 638 2395 (acto
662 2322 760 2390 dubi0‚
786 2328 903 2393 excepto
930 2321 1079 2378 homicidio
1105 2324 1189 2378 dubio
1217 2322 1307 2394 quoad

221 2435 373 2497 auctorem,
390 2446 447 2484 non
468 2431 626 2484 incurratur
651 2428 852 2498 irregularitas.
872 2459 888 2468 -
908 2429 946 2484 llo
965 2428 1170 2498 dispensatione
1192 2429 1226 2483 ad
1245 2445 1308 2484 cau·

223 2536 315 2591 telam.
330 2564 363 2577 -
376 2536 437 2590 202.
458 2537 501 2590 An
520 2535 582 2606 quis
600 2535 741 2590 incurrere
762 2534 848 2605 possit
869 2533 961 2604 plures
979 2533 1204 2606 irregularitates
1222 2535 1307 2589 etiam

222 2645 345 2699 eiusdem
363 2644 474 2714 speciei.

225 2826 299 2892 196.
325 2826 490 2892 Hactenus
507 2819 644 2891 vidimus
658 2826 700 2892 de
716 2845 814 2890 causa
829 2825 984 2909 efficienti
1003 2831 1036 2890 et
1058 2825 1201 2908 formati
1223 2826 1307 2888 irre-

130 2951 331 3040 gularitatis;
355 2953 449 3018 modo
472 2951 511 3017 de
536 2971 634 3018 caiisa
656 2951 827 3018 materiati
857 2973 914 3016 seu
938 2950 977 3016 de
1003 2950 1147 3017 subiecto
1179 2951 1304 3036 irregu-

132 3081 282 3144 laritatis.

270 3203 301 3288 1)
325 3204 477 3268 lamxero
510 3221 609 3268 nemo
645 3207 692 3266 est
727 3219 843 3283 capace
872 3199 1139 3286 irrepatoritatis
1168 3201 1228 3285 qai
1262 3221 1308 3267 eac

134 3329 261 3397 Christi
275 3327 483 3394 institutione
497 3346 568 3392 aon
583 3327 626 3392 sit
640 3345 756 3409 capua
776 3326 982 3391 sacramenti
1002 3325 1143 3392 ordinis.
1165 3325 1307 3390 Proinde

131 3453 169 3538 a)
185 3453 353 3526 foeminae,
371 3452 402 3534 b)
420 3453 566 3518 homines
582 3471 646 3517 non
661 3424 821 3536 baptisati.
837 3452 895 3516 etsi
910 3451 1133 3516 cathecumeni
1151 3453 1183 3515 in
1200 3451 1307 3516 ohari-

132 3585 199 3646 tate
223 3578 342 3646 Christi
365 3580 504 3644 maxime
528 3578 702 3651 ferventes,
720 3575 970 3662 irregularitatis
986 3596 1050 3641 non
1067 3580 1142 3642 sunt
1161 3595 1306 3662 capaces.

267 3704 301 3789 2)
327 3702 452 3769 Exinde
473 3721 600 3769 omnes
631 3702 781 3768 homines
812 3720 955 3785 capaces
980 3721 1007 3766 s.
1037 3678 1199 3768 ordinale
1230 3708 1307 3767 sant

132 3827 428 3913 irrepatara'totum
452 3845 594 3910 capaces
622 3825 808 3892 dammodo
835 3825 873 3889 ia
904 3825 1004 3890 terris
1031 3823 1176 3892 habeant
1205 3823 1308 3908 Sape-

131 3953 262 4019 riorem
285 3971 345 4018 sea
371 3952 517 4018 alicuius
539 3950 765 4016 iurisdictioni
788 3949 926 4016 subsint.

226 4075 316 4142 Unde
331 4075 417 4139 inter
432 4072 551 4147 fideles,
569 4073 737 4139 dummxat
761 4075 852 4138 Rom.
874 4073 1027 4138 Pontifex
1048 4077 1097 4138 est
1116 4073 1309 4158 irregulari·

134 4206 235 4266 tatum
253 4201 408 4283 incapax;
425 4220 498 4264 nam
516 4201 772 4285 irregularitates
790 4200 952 4284 pertinent
968 4199 1009 4262 ad
1023 4199 1092 4264 aim
1109 4200 1309 4283 coactivam;

133 4325 394 4411 irregularitates
417 4345 540 4409 quoque
564 4345 608 4391 ere
627 4324 769 4407 defectu,
786 4327 902 4410 quippe
925 4325 958 4389 in
984 4325 1095 4409 primis
1118 4323 1228 4390 iubent
1251 4326 1308 4390 bo·

133 4452 253 4515 minem
269 4451 481 4538 irregularem
499 4449 674 4516 arcendum
691 4469 761 4516 esse
776 4450 817 4514 ab
833 4449 997 4516 ordinibus
1012 4450 1221 4536 suscipiendis
1246 4453 1306 4516 eis·

195 4637 199 4644 ,
282 4574 341 4629 Soc.
362 4575 439 4644 Lego
1173 4574 1204 4628 19
