<?xml version="1.0" encoding="UTF-8"?>
<!DOCTYPE html PUBLIC "-//W3C//DTD XHTML 1.0 Transitional//EN"
    "http://www.w3.org/TR/xhtml1/DTD/xhtml1-transitional.dtd">
<html xmlns="http://www.w3.org/1999/xhtml" xml:lang="en" lang="en">
 <head>
  <title>
</title>
<meta http-equiv="Content-Type" content="text/html;charset=utf-8" />
  <meta name='ocr-system' content='tesseract 3.04.00' />
  <meta name='ocr-capabilities' content='ocr_page ocr_carea ocr_par ocr_line ocrx_word'/>
</head>
<body>
  <div class='ocr_page' id='page_1' title='image "./praelectionesin02legagoog_0513.png"; bbox 0 0 3290 5100; ppageno 0'>
   <div class='ocr_carea' id='block_1_1' title="bbox 284 292 934 360">
    <p class='ocr_par' dir='ltr' id='par_1_1' title="bbox 284 292 934 360">
     <span class='ocr_line' id='line_1_1' title="bbox 284 292 934 360; baseline -0.002 -2"><span class='ocrx_word' id='word_1_1' title='bbox 284 292 351 358; x_wconf 86' lang='lat'><strong>508</strong></span> <span class='ocrx_word' id='word_1_2' title='bbox 805 313 888 360; x_wconf 77' lang='lat' dir='ltr'><strong>rans</strong></span> <span class='ocrx_word' id='word_1_3' title='bbox 913 311 934 358; x_wconf 91' lang='lat' dir='ltr'><strong>r.</strong></span> 
     </span>
    </p>
   </div>
   <div class='ocr_carea' id='block_1_2' title="bbox 280 429 1477 1394">
    <p class='ocr_par' dir='ltr' id='par_1_2' title="bbox 280 429 1477 1394">
     <span class='ocr_line' id='line_1_2' title="bbox 419 429 1465 518; baseline 0 -22"><span class='ocrx_word' id='word_1_4' title='bbox 419 431 453 517; x_wconf 83' lang='lat'><strong>2)</strong></span> <span class='ocrx_word' id='word_1_5' title='bbox 469 431 551 506; x_wconf 85' lang='lat' dir='ltr'><strong>Quia</strong></span> <span class='ocrx_word' id='word_1_6' title='bbox 574 437 701 518; x_wconf 90' lang='lat' dir='ltr'><strong>spretus</strong></span> <span class='ocrx_word' id='word_1_7' title='bbox 725 431 820 497; x_wconf 90' lang='lat' dir='ltr'><strong>debet</strong></span> <span class='ocrx_word' id='word_1_8' title='bbox 842 431 966 499; x_wconf 90' lang='lat' dir='ltr'><strong>directe</strong></span> <span class='ocrx_word' id='word_1_9' title='bbox 986 431 1105 497; x_wconf 86' lang='lat' dir='ltr'><strong>cadere</strong></span> <span class='ocrx_word' id='word_1_10' title='bbox 1120 432 1154 496; x_wconf 92' lang='lat' dir='ltr'><strong>iu</strong></span> <span class='ocrx_word' id='word_1_11' title='bbox 1169 429 1233 496; x_wconf 80' lang='lat' dir='ltr'><strong>lori</strong></span> <span class='ocrx_word' id='word_1_12' title='bbox 1257 432 1465 518; x_wconf 85' lang='lat' dir='ltr'><strong>privilegium</strong></span> 
     </span>
     <span class='ocr_line' id='line_1_3' title="bbox 284 556 1467 644; baseline -0.001 -21"><span class='ocrx_word' id='word_1_13' title='bbox 284 562 421 643; x_wconf 87' lang='lat' dir='ltr'><strong>oportet,</strong></span> <span class='ocrx_word' id='word_1_14' title='bbox 446 564 481 624; x_wconf 90' lang='lat' dir='ltr'><strong>ut</strong></span> <span class='ocrx_word' id='word_1_15' title='bbox 504 558 615 623; x_wconf 87' lang='lat' dir='ltr'><strong>cleriei</strong></span> <span class='ocrx_word' id='word_1_16' title='bbox 639 577 709 643; x_wconf 81' lang='lat' dir='ltr'><strong>quc</strong></span> <span class='ocrx_word' id='word_1_17' title='bbox 733 560 816 624; x_wconf 84' lang='lat' dir='ltr'><strong>tutes</strong></span> <span class='ocrx_word' id='word_1_18' title='bbox 839 563 1090 644; x_wconf 80' lang='lat' dir='ltr'><strong>praesumantur</strong></span> <span class='ocrx_word' id='word_1_19' title='bbox 1118 556 1232 623; x_wconf 89' lang='lat' dir='ltr'><strong>subiici</strong></span> <span class='ocrx_word' id='word_1_20' title='bbox 1260 557 1332 624; x_wconf 83' lang='lat' dir='ltr'><strong>loro</strong></span> <span class='ocrx_word' id='word_1_21' title='bbox 1355 557 1467 623; x_wconf 77' lang='lat' dir='ltr'><strong>laicali</strong></span> 
     </span>
     <span class='ocr_line' id='line_1_4' title="bbox 284 680 1468 768; baseline 0 -22"><span class='ocrx_word' id='word_1_22' title='bbox 284 702 400 767; x_wconf 83' lang='lat' dir='ltr'>nempe</span> <span class='ocrx_word' id='word_1_23' title='bbox 417 701 485 767; x_wconf 84' lang='lat' dir='ltr'><strong>qun</strong></span> <span class='ocrx_word' id='word_1_24' title='bbox 501 701 579 749; x_wconf 83' lang='lat' dir='ltr'><strong>reos</strong></span> <span class='ocrx_word' id='word_1_25' title='bbox 593 683 801 768; x_wconf 84' lang='lat' dir='ltr'><strong>principales.</strong></span> <span class='ocrx_word' id='word_1_26' title='bbox 817 683 904 749; x_wconf 85' lang='lat' dir='ltr'><strong>idest</strong></span> <span class='ocrx_word' id='word_1_27' title='bbox 917 683 1056 750; x_wconf 80' lang='lat' dir='ltr'><strong>nomine</strong></span> <span class='ocrx_word' id='word_1_28' title='bbox 1067 682 1226 766; x_wconf 61' lang='lat' dir='ltr'><strong>proprio.</strong></span> <span class='ocrx_word' id='word_1_29' title='bbox 1244 680 1335 748; x_wconf 91' lang='lat' dir='ltr'><strong>Unde</strong></span> <span class='ocrx_word' id='word_1_30' title='bbox 1350 683 1378 747; x_wconf 88' lang='lat' dir='ltr'><strong>si</strong></span> <span class='ocrx_word' id='word_1_31' title='bbox 1394 683 1468 765; x_wconf 91' lang='lat' dir='ltr'><strong>quis</strong></span> 
     </span>
     <span class='ocr_line' id='line_1_5' title="bbox 284 807 1477 892; baseline -0.002 -19"><span class='ocrx_word' id='word_1_32' title='bbox 284 809 403 873; x_wconf 78' lang='lat' dir='ltr'><strong>citetur</strong></span> <span class='ocrx_word' id='word_1_33' title='bbox 434 813 469 873; x_wconf 90' lang='lat' dir='ltr'><strong>ut</strong></span> <span class='ocrx_word' id='word_1_34' title='bbox 492 809 592 883; x_wconf 84' lang='lat' dir='ltr'><strong>testis,</strong></span> <span class='ocrx_word' id='word_1_35' title='bbox 615 807 668 872; x_wconf 86' lang='lat' dir='ltr'><strong>vel</strong></span> <span class='ocrx_word' id='word_1_36' title='bbox 692 813 726 874; x_wconf 89' lang='lat' dir='ltr'><strong>ut</strong></span> <span class='ocrx_word' id='word_1_37' title='bbox 749 807 865 873; x_wconf 88' lang='lat' dir='ltr'><strong>reddat</strong></span> <span class='ocrx_word' id='word_1_38' title='bbox 894 810 1055 874; x_wconf 87' lang='lat' dir='ltr'><strong>rationem</strong></span> <span class='ocrx_word' id='word_1_39' title='bbox 1082 827 1150 892; x_wconf 87' lang='lat' dir='ltr'><strong>pro</strong></span> <span class='ocrx_word' id='word_1_40' title='bbox 1181 807 1260 883; x_wconf 85' lang='lat' dir='ltr'><strong>alio,</strong></span> <span class='ocrx_word' id='word_1_41' title='bbox 1290 807 1333 872; x_wconf 92' lang='lat' dir='ltr'><strong>uti</strong></span> <span class='ocrx_word' id='word_1_42' title='bbox 1366 813 1477 890; x_wconf 61' lang='lat' dir='ltr'><strong>tutor„</strong></span> 
     </span>
     <span class='ocr_line' id='line_1_6' title="bbox 285 931 1467 1020; baseline 0 -24"><span class='ocrx_word' id='word_1_43' title='bbox 285 931 461 1006; x_wconf 81' lang='lat' dir='ltr'><strong>fideiussor,</strong></span> <span class='ocrx_word' id='word_1_44' title='bbox 486 934 539 999; x_wconf 87' lang='lat' dir='ltr'><strong>vel</strong></span> <span class='ocrx_word' id='word_1_45' title='bbox 563 933 715 999; x_wconf 88' lang='lat' dir='ltr'><strong>trahatur</strong></span> <span class='ocrx_word' id='word_1_46' title='bbox 738 953 835 1018; x_wconf 92' lang='lat' dir='ltr'><strong>scopo</strong></span> <span class='ocrx_word' id='word_1_47' title='bbox 860 931 1056 999; x_wconf 85' lang='lat' dir='ltr'><strong>defensionis</strong></span> <span class='ocrx_word' id='word_1_48' title='bbox 1079 952 1195 1020; x_wconf 83' lang='lat' dir='ltr'>nempe</span> <span class='ocrx_word' id='word_1_49' title='bbox 1211 932 1251 998; x_wconf 88' lang='lat' dir='ltr'><strong>ed</strong></span> <span class='ocrx_word' id='word_1_50' title='bbox 1267 933 1467 998; x_wconf 75' lang='lat' dir='ltr'><strong>evictionem</strong></span> 
     </span>
     <span class='ocr_line' id='line_1_7' title="bbox 281 1056 1468 1143; baseline -0.002 -19"><span class='ocrx_word' id='word_1_51' title='bbox 281 1059 549 1141; x_wconf 81' lang='lat' dir='ltr'><strong>praestandum,</strong></span> <span class='ocrx_word' id='word_1_52' title='bbox 583 1058 634 1123; x_wconf 90' lang='lat' dir='ltr'><strong>vel</strong></span> <span class='ocrx_word' id='word_1_53' title='bbox 666 1059 693 1124; x_wconf 90' lang='lat' dir='ltr'><strong>si</strong></span> <span class='ocrx_word' id='word_1_54' title='bbox 723 1057 883 1126; x_wconf 88' lang='lat' dir='ltr'><strong>habeatur</strong></span> <span class='ocrx_word' id='word_1_55' title='bbox 913 1058 1005 1142; x_wconf 80' lang='lat' dir='ltr'><strong>quasi</strong></span> <span class='ocrx_word' id='word_1_56' title='bbox 1035 1076 1113 1143; x_wconf 91' lang='lat' dir='ltr'><strong>pars</strong></span> <span class='ocrx_word' id='word_1_57' title='bbox 1140 1057 1246 1122; x_wconf 85' lang='lat' dir='ltr'><strong>minus</strong></span> <span class='ocrx_word' id='word_1_58' title='bbox 1277 1056 1468 1142; x_wconf 86' lang='lat' dir='ltr'><strong>principalis</strong></span> 
     </span>
     <span class='ocr_line' id='line_1_8' title="bbox 284 1181 1469 1266; baseline 0.001 -19"><span class='ocrx_word' id='word_1_59' title='bbox 284 1184 417 1250; x_wconf 84' lang='lat' dir='ltr'><strong>ratione</strong></span> <span class='ocrx_word' id='word_1_60' title='bbox 440 1183 662 1251; x_wconf 72' lang='lat' dir='ltr'><strong>connectionis</strong></span> <span class='ocrx_word' id='word_1_61' title='bbox 686 1203 880 1266; x_wconf 76' lang='lat' dir='ltr'><strong>caurorum,</strong></span> <span class='ocrx_word' id='word_1_62' title='bbox 897 1183 938 1249; x_wconf 88' lang='lat' dir='ltr'><strong>ad</strong></span> <span class='ocrx_word' id='word_1_63' title='bbox 958 1203 1105 1248; x_wconf 88' lang='lat' dir='ltr'><strong>normam</strong></span> <span class='ocrx_word' id='word_1_64' title='bbox 1122 1184 1218 1250; x_wconf 82' lang='lat' dir='ltr'><strong>Tituli</strong></span> <span class='ocrx_word' id='word_1_65' title='bbox 1238 1181 1323 1248; x_wconf 76' lang='lat' dir='ltr'><strong>«De</strong></span> <span class='ocrx_word' id='word_1_66' title='bbox 1338 1182 1469 1248; x_wconf 83' lang='lat' dir='ltr'><strong>mutuis</strong></span> 
     </span>
     <span class='ocr_line' id='line_1_9' title="bbox 280 1306 1468 1394; baseline -0.003 -20"><span class='ocrx_word' id='word_1_67' title='bbox 280 1306 499 1391; x_wconf 79' lang='lat' dir='ltr'><strong>petitionibus</strong></span> <span class='ocrx_word' id='word_1_68' title='bbox 523 1329 540 1372; x_wconf 70' lang='lat' dir='ltr'><strong>a</strong></span> <span class='ocrx_word' id='word_1_69' title='bbox 567 1314 644 1373; x_wconf 90' lang='lat' dir='ltr'><strong>tunc</strong></span> <span class='ocrx_word' id='word_1_70' title='bbox 667 1309 720 1392; x_wconf 90' lang='lat' dir='ltr'><strong>qui</strong></span> <span class='ocrx_word' id='word_1_71' title='bbox 743 1308 823 1373; x_wconf 86' lang='lat' dir='ltr'><strong>talia</strong></span> <span class='ocrx_word' id='word_1_72' title='bbox 845 1313 1016 1394; x_wconf 83' lang='lat' dir='ltr'><strong>praestare</strong></span> <span class='ocrx_word' id='word_1_73' title='bbox 1040 1309 1128 1394; x_wconf 87' lang='lat' dir='ltr'><strong>cogit</strong></span> <span class='ocrx_word' id='word_1_74' title='bbox 1155 1307 1277 1373; x_wconf 88' lang='lat' dir='ltr'><strong>iudices</strong></span> <span class='ocrx_word' id='word_1_75' title='bbox 1306 1306 1408 1371; x_wconf 85' lang='lat' dir='ltr'><strong>laicos</strong></span> <span class='ocrx_word' id='word_1_76' title='bbox 1433 1307 1468 1370; x_wconf 91' lang='lat' dir='ltr'><strong>in</strong></span> 
     </span>
    </p>
   </div>
   <div class='ocr_carea' id='block_1_3' title="bbox 285 1430 1470 1628">
    <p class='ocr_par' dir='ltr' id='par_1_3' title="bbox 285 1430 1470 1628">
     <span class='ocr_line' id='line_1_10' title="bbox 285 1430 1470 1515; baseline 0 -18"><span class='ocrx_word' id='word_1_77' title='bbox 285 1434 433 1515; x_wconf 89' lang='lat' dir='ltr'><strong>clericos,</strong></span> <span class='ocrx_word' id='word_1_78' title='bbox 458 1453 521 1498; x_wconf 93' lang='lat' dir='ltr'><strong>non</strong></span> <span class='ocrx_word' id='word_1_79' title='bbox 546 1434 685 1499; x_wconf 88' lang='lat' dir='ltr'><strong>incurrit</strong></span> <span class='ocrx_word' id='word_1_80' title='bbox 703 1453 876 1498; x_wconf 85' lang='lat' dir='ltr'><strong>censuram</strong></span> <span class='ocrx_word' id='word_1_81' title='bbox 900 1433 955 1498; x_wconf 92' lang='lat' dir='ltr'><strong>hic</strong></span> <span class='ocrx_word' id='word_1_82' title='bbox 978 1433 1086 1498; x_wconf 86' lang='lat' dir='ltr'><strong>letam.</strong></span> <span class='ocrx_word' id='word_1_83' title='bbox 1105 1431 1305 1514; x_wconf 79' lang='lat' dir='ltr'><strong>D’Annihale</strong></span> <span class='ocrx_word' id='word_1_84' title='bbox 1320 1430 1470 1497; x_wconf 81' lang='lat' dir='ltr'><strong>Summa</strong></span> 
     </span>
     <span class='ocr_line' id='line_1_11' title="bbox 286 1547 947 1628; baseline -0.003 -8"><span class='ocrx_word' id='word_1_85' title='bbox 286 1556 313 1628; x_wconf 87' lang='grc' dir='ltr'><strong>Ι,</strong></span> <span class='ocrx_word' id='word_1_86' title='bbox 338 1554 426 1628; x_wconf 81' lang='lat'><em>390,</em></span> <span class='ocrx_word' id='word_1_87' title='bbox 450 1559 519 1622; x_wconf 82' lang='lat' dir='ltr'><strong>not.</strong></span> <span class='ocrx_word' id='word_1_88' title='bbox 545 1555 577 1618; x_wconf 85' lang='lat'><strong>7.</strong></span> <span class='ocrx_word' id='word_1_89' title='bbox 946 1547 947 1550; x_wconf 63' lang='grc'>’</span> 
     </span>
    </p>
   </div>
   <div class='ocr_carea' id='block_1_4' title="bbox 285 1680 1472 2144">
    <p class='ocr_par' dir='ltr' id='par_1_4' title="bbox 285 1680 1472 2144">
     <span class='ocr_line' id='line_1_12' title="bbox 418 1680 1472 1765; baseline -0.002 -19"><span class='ocrx_word' id='word_1_90' title='bbox 418 1680 453 1765; x_wconf 88' lang='grc'><strong>3)</strong></span> <span class='ocrx_word' id='word_1_91' title='bbox 478 1681 564 1746; x_wconf 92' lang='lat' dir='ltr'><strong>Hinc</strong></span> <span class='ocrx_word' id='word_1_92' title='bbox 587 1699 692 1764; x_wconf 91' lang='lat' dir='ltr'><strong>neque</strong></span> <span class='ocrx_word' id='word_1_93' title='bbox 716 1685 848 1746; x_wconf 79' lang='lat' dir='ltr'><strong>ueteres</strong></span> <span class='ocrx_word' id='word_1_94' title='bbox 871 1681 1068 1746; x_wconf 88' lang='lat' dir='ltr'><strong>contrahunt</strong></span> <span class='ocrx_word' id='word_1_95' title='bbox 1098 1681 1185 1747; x_wconf 93' lang='lat' dir='ltr'><strong>hanc</strong></span> <span class='ocrx_word' id='word_1_96' title='bbox 1208 1680 1472 1746; x_wconf 83' lang='lat' dir='ltr'><strong>excommunice-</strong></span> 
     </span>
     <span class='ocr_line' id='line_1_13' title="bbox 285 1804 1471 1894; baseline 0.002 -26"><span class='ocrx_word' id='word_1_97' title='bbox 285 1805 404 1894; x_wconf 91' lang='lat' dir='ltr'><strong>tionem</strong></span> <span class='ocrx_word' id='word_1_98' title='bbox 428 1805 658 1892; x_wconf 81' lang='lat' dir='ltr'><strong>pertrahentes</strong></span> <span class='ocrx_word' id='word_1_99' title='bbox 682 1805 820 1870; x_wconf 86' lang='lat' dir='ltr'><strong>clericos</strong></span> <span class='ocrx_word' id='word_1_100' title='bbox 842 1805 927 1891; x_wconf 91' lang='lat' dir='ltr'><strong>apud</strong></span> <span class='ocrx_word' id='word_1_101' title='bbox 951 1804 1088 1871; x_wconf 85' lang='lat' dir='ltr'><strong>iudicem</strong></span> <span class='ocrx_word' id='word_1_102' title='bbox 1111 1806 1240 1887; x_wconf 85' lang='lat' dir='ltr'><strong>laicum,</strong></span> <span class='ocrx_word' id='word_1_103' title='bbox 1265 1807 1371 1890; x_wconf 86' lang='lat' dir='ltr'><strong>prouti</strong></span> <span class='ocrx_word' id='word_1_104' title='bbox 1396 1805 1471 1890; x_wconf 94' lang='lat' dir='ltr'><strong>plu-</strong></span> 
     </span>
     <span class='ocr_line' id='line_1_14' title="bbox 286 1929 1470 2017; baseline 0 -21"><span class='ocrx_word' id='word_1_105' title='bbox 286 1931 352 1996; x_wconf 85' lang='lat' dir='ltr'><strong>ries</strong></span> <span class='ocrx_word' id='word_1_106' title='bbox 368 1931 431 1994; x_wconf 88' lang='lat' dir='ltr'><strong>iam</strong></span> <span class='ocrx_word' id='word_1_107' title='bbox 448 1930 627 1995; x_wconf 85' lang='lat' dir='ltr'><strong>declaravit</strong></span> <span class='ocrx_word' id='word_1_108' title='bbox 643 1929 673 1996; x_wconf 85' lang='lat' dir='ltr'><strong>S.</strong></span> <span class='ocrx_word' id='word_1_109' title='bbox 693 1931 730 1996; x_wconf 90' lang='lat' dir='ltr'><strong>U.</strong></span> <span class='ocrx_word' id='word_1_110' title='bbox 747 1931 774 1996; x_wconf 93' lang='lat' dir='ltr'><strong>I.</strong></span> <span class='ocrx_word' id='word_1_111' title='bbox 794 1965 811 1978; x_wconf 92' lang='lat'><em>-</em></span> <span class='ocrx_word' id='word_1_112' title='bbox 830 1931 925 1996; x_wconf 87' lang='lat' dir='ltr'><strong>Ratio</strong></span> <span class='ocrx_word' id='word_1_113' title='bbox 946 1936 995 1996; x_wconf 91' lang='lat' dir='ltr'><strong>est</strong></span> <span class='ocrx_word' id='word_1_114' title='bbox 1010 1931 1086 2014; x_wconf 89' lang='lat' dir='ltr'><strong>quie</strong></span> <span class='ocrx_word' id='word_1_115' title='bbox 1101 1951 1143 1996; x_wconf 83' lang='lat' dir='ltr'><strong>ex</strong></span> <span class='ocrx_word' id='word_1_116' title='bbox 1159 1935 1332 2017; x_wconf 84' lang='lat' dir='ltr'><strong>praesente</strong></span> <span class='ocrx_word' id='word_1_117' title='bbox 1355 1951 1470 1996; x_wconf 90' lang='lat' dir='ltr'><strong>rerum</strong></span> 
     </span>
     <span class='ocr_line' id='line_1_15' title="bbox 285 2055 1470 2144; baseline 0 -22"><span class='ocrx_word' id='word_1_118' title='bbox 285 2061 369 2122; x_wconf 89' lang='lat' dir='ltr'><strong>statu</strong></span> <span class='ocrx_word' id='word_1_119' title='bbox 394 2055 464 2120; x_wconf 86' lang='lat' dir='ltr'><strong>lere</strong></span> <span class='ocrx_word' id='word_1_120' title='bbox 489 2056 547 2142; x_wconf 89' lang='lat' dir='ltr'><strong>ipsi</strong></span> <span class='ocrx_word' id='word_1_121' title='bbox 572 2065 705 2122; x_wconf 79' lang='lat' dir='ltr'><strong>actores</strong></span> <span class='ocrx_word' id='word_1_122' title='bbox 726 2064 887 2142; x_wconf 87' lang='lat' dir='ltr'><strong>coguntur</strong></span> <span class='ocrx_word' id='word_1_123' title='bbox 903 2057 1040 2124; x_wconf 89' lang='lat' dir='ltr'><strong>clericos</strong></span> <span class='ocrx_word' id='word_1_124' title='bbox 1056 2057 1252 2144; x_wconf 86' lang='lat' dir='ltr'>pertrahere</span> <span class='ocrx_word' id='word_1_125' title='bbox 1267 2057 1308 2122; x_wconf 85' lang='lat' dir='ltr'><strong>ad</strong></span> <span class='ocrx_word' id='word_1_126' title='bbox 1325 2057 1470 2123; x_wconf 90' lang='lat' dir='ltr'><strong>tribuual</strong></span> 
     </span>
    </p>
   </div>
   <div class='ocr_carea' id='block_1_5' title="bbox 286 2177 1472 2269">
    <p class='ocr_par' dir='ltr' id='par_1_5' title="bbox 286 2177 1472 2269">
     <span class='ocr_line' id='line_1_16' title="bbox 286 2177 1472 2269; baseline 0.001 -22"><span class='ocrx_word' id='word_1_127' title='bbox 286 2177 422 2258; x_wconf 88' lang='lat' dir='ltr'><strong>laicum;</strong></span> <span class='ocrx_word' id='word_1_128' title='bbox 447 2181 574 2266; x_wconf 90' lang='lat' dir='ltr'><strong>quando</strong></span> <span class='ocrx_word' id='word_1_129' title='bbox 597 2183 655 2268; x_wconf 90' lang='lat' dir='ltr'><strong>ipsi</strong></span> <span class='ocrx_word' id='word_1_130' title='bbox 680 2183 885 2268; x_wconf 84' lang='lat' dir='ltr'><strong>legislatores</strong></span> <span class='ocrx_word' id='word_1_131' title='bbox 909 2187 1051 2249; x_wconf 88' lang='lat' dir='ltr'><strong>renuunt</strong></span> <span class='ocrx_word' id='word_1_132' title='bbox 1078 2182 1141 2249; x_wconf 81' lang='lat' dir='ltr'><strong>fori</strong></span> <span class='ocrx_word' id='word_1_133' title='bbox 1165 2181 1378 2250; x_wconf 88' lang='lat' dir='ltr'><strong>ecclesiastici</strong></span> <span class='ocrx_word' id='word_1_134' title='bbox 1401 2185 1472 2269; x_wconf 86' lang='lat' dir='ltr'><strong>pri-</strong></span> 
     </span>
    </p>
   </div>
   <div class='ocr_carea' id='block_1_6' title="bbox 285 2309 1469 2397">
    <p class='ocr_par' dir='ltr' id='par_1_6' title="bbox 285 2309 1469 2397">
     <span class='ocr_line' id='line_1_17' title="bbox 285 2309 1469 2397; baseline 0.002 -24"><span class='ocrx_word' id='word_1_135' title='bbox 285 2309 440 2395; x_wconf 87' lang='lat' dir='ltr'><strong>vilegium</strong></span> <span class='ocrx_word' id='word_1_136' title='bbox 464 2327 702 2394; x_wconf 88' lang='lat' dir='ltr'><strong>recognoscere</strong></span> <span class='ocrx_word' id='word_1_137' title='bbox 726 2309 875 2394; x_wconf 86' lang='lat' dir='ltr'><strong>idemque</strong></span> <span class='ocrx_word' id='word_1_138' title='bbox 898 2310 993 2375; x_wconf 91' lang='lat' dir='ltr'><strong>tueri.</strong></span> <span class='ocrx_word' id='word_1_139' title='bbox 1019 2309 1111 2376; x_wconf 88' lang='lat' dir='ltr'><strong>Haec</strong></span> <span class='ocrx_word' id='word_1_140' title='bbox 1134 2309 1174 2374; x_wconf 88' lang='lat' dir='ltr'><strong>de</strong></span> <span class='ocrx_word' id='word_1_141' title='bbox 1198 2310 1261 2374; x_wconf 85' lang='lat' dir='ltr'><strong>lori</strong></span> <span class='ocrx_word' id='word_1_142' title='bbox 1284 2311 1469 2397; x_wconf 90' lang='lat' dir='ltr'><strong>privilegio.</strong></span> 
     </span>
    </p>
   </div>
   <div class='ocr_carea' id='block_1_7' title="bbox 284 2519 1478 4077">
    <p class='ocr_par' dir='ltr' id='par_1_7' title="bbox 284 2519 1474 3208">
     <span class='ocr_line' id='line_1_18' title="bbox 285 2519 1472 2593; baseline 0.002 -19"><span class='ocrx_word' id='word_1_143' title='bbox 285 2525 376 2574; x_wconf 87' lang='lat' dir='ltr'><strong>tatum</strong></span> <span class='ocrx_word' id='word_1_144' title='bbox 395 2520 489 2586; x_wconf 86' lang='lat' dir='ltr'><strong>luerit,</strong></span> <span class='ocrx_word' id='word_1_145' title='bbox 510 2519 543 2572; x_wconf 90' lang='lat' dir='ltr'><strong>H.</strong></span> <span class='ocrx_word' id='word_1_146' title='bbox 562 2519 589 2574; x_wconf 88' lang='lat' dir='ltr'><strong>S.</strong></span> <span class='ocrx_word' id='word_1_147' title='bbox 610 2520 639 2572; x_wconf 86' lang='lat' dir='ltr'><strong>C.</strong></span> <span class='ocrx_word' id='word_1_148' title='bbox 659 2520 685 2574; x_wconf 94' lang='lat' dir='ltr'><strong>S.</strong></span> <span class='ocrx_word' id='word_1_149' title='bbox 707 2520 738 2574; x_wconf 86' lang='lat' dir='ltr'><strong>R.</strong></span> <span class='ocrx_word' id='word_1_150' title='bbox 758 2525 788 2575; x_wconf 91' lang='lat' dir='ltr'><strong>st</strong></span> <span class='ocrx_word' id='word_1_151' title='bbox 808 2519 890 2576; x_wconf 89' lang='lat' dir='ltr'><strong>Uuiv.</strong></span> <span class='ocrx_word' id='word_1_152' title='bbox 911 2521 1102 2593; x_wconf 79' lang='lat' dir='ltr'><strong>inquisitionis</strong></span> <span class='ocrx_word' id='word_1_153' title='bbox 1124 2538 1179 2576; x_wconf 93' lang='lat' dir='ltr'><strong>non</strong></span> <span class='ocrx_word' id='word_1_154' title='bbox 1198 2521 1285 2577; x_wconf 88' lang='lat' dir='ltr'><strong>semel</strong></span> <span class='ocrx_word' id='word_1_155' title='bbox 1304 2521 1472 2589; x_wconf 81' lang='lat' dir='ltr'><strong>declaravit,</strong></span> 
     </span>
     <span class='ocr_line' id='line_1_19' title="bbox 284 2622 1472 2696; baseline 0.002 -16"><span class='ocrx_word' id='word_1_156' title='bbox 284 2630 369 2695; x_wconf 89' lang='lat' dir='ltr'><strong>caput</strong></span> <span class='ocrx_word' id='word_1_157' title='bbox 390 2625 524 2696; x_wconf 79' lang='lat' dir='ltr'><strong>Coqentes</strong></span> <span class='ocrx_word' id='word_1_158' title='bbox 543 2641 598 2678; x_wconf 90' lang='lat' dir='ltr'><strong>non</strong></span> <span class='ocrx_word' id='word_1_159' title='bbox 618 2625 728 2680; x_wconf 86' lang='lat' dir='ltr'><strong>afficere</strong></span> <span class='ocrx_word' id='word_1_160' title='bbox 747 2626 800 2679; x_wconf 90' lang='lat' dir='ltr'><strong>nisi</strong></span> <span class='ocrx_word' id='word_1_161' title='bbox 822 2625 997 2695; x_wconf 84' lang='lat' dir='ltr'><strong>legislatores</strong></span> <span class='ocrx_word' id='word_1_162' title='bbox 1009 2630 1038 2681; x_wconf 88' lang='lat' dir='ltr'><strong>et</strong></span> <span class='ocrx_word' id='word_1_163' title='bbox 1051 2622 1121 2680; x_wconf 86' lang='lat' dir='ltr'><strong>aliae</strong></span> <span class='ocrx_word' id='word_1_164' title='bbox 1135 2628 1320 2681; x_wconf 81' lang='lat' dir='ltr'><strong>auctoritates</strong></span> <span class='ocrx_word' id='word_1_165' title='bbox 1335 2631 1472 2696; x_wconf 81' lang='lat' dir='ltr'><strong>cogentes</strong></span> 
     </span>
     <span class='ocr_line' id='line_1_20' title="bbox 286 2727 1472 2785; baseline 0.003 -3"><span class='ocrx_word' id='word_1_166' title='bbox 286 2729 345 2784; x_wconf 86' lang='lat' dir='ltr'><strong>sive</strong></span> <span class='ocrx_word' id='word_1_167' title='bbox 363 2729 469 2783; x_wconf 85' lang='lat' dir='ltr'><strong>directe</strong></span> <span class='ocrx_word' id='word_1_168' title='bbox 488 2729 547 2782; x_wconf 87' lang='lat' dir='ltr'><strong>sive</strong></span> <span class='ocrx_word' id='word_1_169' title='bbox 566 2727 702 2783; x_wconf 87' lang='lat' dir='ltr'><strong>indirecte</strong></span> <span class='ocrx_word' id='word_1_170' title='bbox 726 2727 832 2782; x_wconf 86' lang='lat' dir='ltr'><strong>iudices</strong></span> <span class='ocrx_word' id='word_1_171' title='bbox 850 2729 937 2783; x_wconf 87' lang='lat' dir='ltr'><strong>laicos</strong></span> <span class='ocrx_word' id='word_1_172' title='bbox 956 2729 989 2783; x_wconf 90' lang='lat' dir='ltr'><strong>ad</strong></span> <span class='ocrx_word' id='word_1_173' title='bbox 1011 2729 1175 2785; x_wconf 87' lang='lat' dir='ltr'><strong>trahendum</strong></span> <span class='ocrx_word' id='word_1_174' title='bbox 1194 2731 1229 2784; x_wconf 90' lang='lat' dir='ltr'><strong>ad</strong></span> <span class='ocrx_word' id='word_1_175' title='bbox 1247 2747 1328 2784; x_wconf 87' lang='lat' dir='ltr'><strong>suum</strong></span> <span class='ocrx_word' id='word_1_176' title='bbox 1343 2730 1472 2785; x_wconf 86' lang='lat' dir='ltr'><strong>tribunal</strong></span> 
     </span>
     <span class='ocr_line' id='line_1_21' title="bbox 286 2835 1474 2906; baseline 0.003 -17"><span class='ocrx_word' id='word_1_177' title='bbox 286 2851 417 2905; x_wconf 85' lang='lat' dir='ltr'><strong>personas</strong></span> <span class='ocrx_word' id='word_1_178' title='bbox 436 2835 643 2891; x_wconf 89' lang='lat' dir='ltr'><strong>ecclesiasticas</strong></span> <span class='ocrx_word' id='word_1_179' title='bbox 662 2840 772 2906; x_wconf 88' lang='lat' dir='ltr'><strong>praeter</strong></span> <span class='ocrx_word' id='word_1_180' title='bbox 786 2837 936 2890; x_wconf 83' lang='lat' dir='ltr'><strong>canonicas</strong></span> <span class='ocrx_word' id='word_1_181' title='bbox 950 2837 1154 2906; x_wconf 84' lang='lat' dir='ltr'><strong>dispositiones.</strong></span> <span class='ocrx_word' id='word_1_182' title='bbox 1167 2867 1182 2879; x_wconf 92' lang='lat'>-</span> <span class='ocrx_word' id='word_1_183' title='bbox 1196 2837 1275 2892; x_wconf 84' lang='lat' dir='ltr'><strong>Hanc</strong></span> <span class='ocrx_word' id='word_1_184' title='bbox 1294 2853 1361 2892; x_wconf 87' lang='lat' dir='ltr'><strong>vero</strong></span> <span class='ocrx_word' id='word_1_185' title='bbox 1380 2837 1474 2892; x_wconf 75' lang='lat' dir='ltr'><strong>decla·</strong></span> 
     </span>
     <span class='ocr_line' id='line_1_22' title="bbox 286 2924 1471 3016; baseline 0.001 -21"><span class='ocrx_word' id='word_1_186' title='bbox 286 2942 423 2997; x_wconf 88' lang='lat' dir='ltr'><strong>rationem</strong></span> <span class='ocrx_word' id='word_1_187' title='bbox 443 2924 490 2997; x_wconf 88' lang='lat' dir='ltr'><strong>SS.</strong></span> <span class='ocrx_word' id='word_1_188' title='bbox 504 2943 535 2996; x_wconf 91' lang='lat' dir='ltr'><strong>D.</strong></span> <span class='ocrx_word' id='word_1_189' title='bbox 549 2943 583 2997; x_wconf 90' lang='lat' dir='ltr'><strong>N.</strong></span> <span class='ocrx_word' id='word_1_190' title='bbox 599 2943 656 2998; x_wconf 87' lang='lat' dir='ltr'><strong>Leo</strong></span> <span class='ocrx_word' id='word_1_191' title='bbox 676 2943 752 3013; x_wconf 82' lang='lat' dir='ltr'><strong>Papa</strong></span> <span class='ocrx_word' id='word_1_192' title='bbox 771 2942 834 2996; x_wconf 85' lang='lat' dir='ltr'><strong>Xlll</strong></span> <span class='ocrx_word' id='word_1_193' title='bbox 855 2944 985 3013; x_wconf 84' lang='lat' dir='ltr'><strong>probavit</strong></span> <span class='ocrx_word' id='word_1_194' title='bbox 1004 2949 1033 3000; x_wconf 88' lang='lat' dir='ltr'><strong>et</strong></span> <span class='ocrx_word' id='word_1_195' title='bbox 1052 2944 1238 3010; x_wconf 83' lang='lat' dir='ltr'><strong>confirmavit,</strong></span> <span class='ocrx_word' id='word_1_196' title='bbox 1257 2945 1376 3016; x_wconf 88' lang='lat' dir='ltr'><strong>ideoque</strong></span> <span class='ocrx_word' id='word_1_197' title='bbox 1395 2943 1422 2998; x_wconf 90' lang='lat' dir='ltr'><strong>S.</strong></span> <span class='ocrx_word' id='word_1_198' title='bbox 1438 2943 1471 2998; x_wconf 89' lang='lat' dir='ltr'><strong>H.</strong></span> 
     </span>
     <span class='ocr_line' id='line_1_23' title="bbox 286 3046 1474 3118; baseline 0.002 -18"><span class='ocrx_word' id='word_1_199' title='bbox 286 3046 475 3117; x_wconf 81' lang='lat' dir='ltr'><strong>Congregetio</strong></span> <span class='ocrx_word' id='word_1_200' title='bbox 494 3046 573 3102; x_wconf 87' lang='lat' dir='ltr'><strong>illam</strong></span> <span class='ocrx_word' id='word_1_201' title='bbox 593 3065 656 3102; x_wconf 91' lang='lat' dir='ltr'><strong>cum</strong></span> <span class='ocrx_word' id='word_1_202' title='bbox 674 3047 803 3102; x_wconf 88' lang='lat' dir='ltr'><strong>omnibus</strong></span> <span class='ocrx_word' id='word_1_203' title='bbox 816 3047 940 3102; x_wconf 85' lang='lat' dir='ltr'><strong>locorum</strong></span> <span class='ocrx_word' id='word_1_204' title='bbox 954 3047 1109 3103; x_wconf 87' lang='lat' dir='ltr'><strong>Ordinariis</strong></span> <span class='ocrx_word' id='word_1_205' title='bbox 1127 3065 1178 3118; x_wconf 92' lang='lat' dir='ltr'><strong>pro</strong></span> <span class='ocrx_word' id='word_1_206' title='bbox 1197 3064 1296 3103; x_wconf 89' lang='lat' dir='ltr'><strong>norma</strong></span> <span class='ocrx_word' id='word_1_207' title='bbox 1314 3049 1474 3103; x_wconf 89' lang='lat' dir='ltr'><strong>communi·</strong></span> 
     </span>
     <span class='ocr_line' id='line_1_24' title="bbox 286 3151 650 3208; baseline 0.008 -3"><span class='ocrx_word' id='word_1_208' title='bbox 286 3151 433 3206; x_wconf 85' lang='lat' dir='ltr'><strong>nicandam</strong></span> <span class='ocrx_word' id='word_1_209' title='bbox 452 3169 514 3208; x_wconf 88' lang='lat' dir='ltr'><strong>esse</strong></span> <span class='ocrx_word' id='word_1_210' title='bbox 534 3153 650 3208; x_wconf 80' lang='lat' dir='ltr'><strong>censuit</strong></span> 
     </span>
    </p>

    <p class='ocr_par' dir='ltr' id='par_1_8' title="bbox 285 3254 1476 3859">
     <span class='ocr_line' id='line_1_25' title="bbox 375 3254 1472 3328; baseline 0.003 -18"><span class='ocrx_word' id='word_1_211' title='bbox 375 3254 505 3312; x_wconf 88' lang='lat' dir='ltr'><strong>Ceterum</strong></span> <span class='ocrx_word' id='word_1_212' title='bbox 524 3257 601 3312; x_wconf 91' lang='lat' dir='ltr'><strong>iniis</strong></span> <span class='ocrx_word' id='word_1_213' title='bbox 614 3257 684 3311; x_wconf 88' lang='lat' dir='ltr'><strong>locis</strong></span> <span class='ocrx_word' id='word_1_214' title='bbox 695 3257 725 3311; x_wconf 92' lang='lat' dir='ltr'><strong>in</strong></span> <span class='ocrx_word' id='word_1_215' title='bbox 738 3258 839 3328; x_wconf 90' lang='lat' dir='ltr'><strong>quibus</strong></span> <span class='ocrx_word' id='word_1_216' title='bbox 852 3257 905 3312; x_wconf 82' lang='lat' dir='ltr'><strong>fori</strong></span> <span class='ocrx_word' id='word_1_217' title='bbox 918 3258 1097 3328; x_wconf 86' lang='lat' dir='ltr'><strong>privilegium</strong></span> <span class='ocrx_word' id='word_1_218' title='bbox 1113 3275 1163 3328; x_wconf 89' lang='lat' dir='ltr'><strong>per</strong></span> <span class='ocrx_word' id='word_1_219' title='bbox 1176 3258 1305 3313; x_wconf 85' lang='lat' dir='ltr'><strong>Summos</strong></span> <span class='ocrx_word' id='word_1_220' title='bbox 1317 3258 1472 3313; x_wconf 82' lang='lat' dir='ltr'><strong>Pontifices</strong></span> 
     </span>
     <span class='ocr_line' id='line_1_26' title="bbox 285 3362 1473 3436; baseline 0.003 -22"><span class='ocrx_word' id='word_1_221' title='bbox 285 3362 450 3430; x_wconf 81' lang='lat' dir='ltr'><strong>derogatum</strong></span> <span class='ocrx_word' id='word_1_222' title='bbox 471 3379 524 3417; x_wconf 92' lang='lat' dir='ltr'><strong>non</strong></span> <span class='ocrx_word' id='word_1_223' title='bbox 544 3364 606 3432; x_wconf 84' lang='lat' dir='ltr'><strong>fuit,</strong></span> <span class='ocrx_word' id='word_1_224' title='bbox 626 3364 650 3418; x_wconf 88' lang='lat' dir='ltr'><strong>si</strong></span> <span class='ocrx_word' id='word_1_225' title='bbox 670 3363 698 3417; x_wconf 93' lang='lat' dir='ltr'><strong>in</strong></span> <span class='ocrx_word' id='word_1_226' title='bbox 711 3363 752 3417; x_wconf 90' lang='lat' dir='ltr'><strong>eis</strong></span> <span class='ocrx_word' id='word_1_227' title='bbox 765 3379 821 3418; x_wconf 92' lang='lat' dir='ltr'><strong>non</strong></span> <span class='ocrx_word' id='word_1_228' title='bbox 833 3363 916 3418; x_wconf 90' lang='lat' dir='ltr'><strong>datur</strong></span> <span class='ocrx_word' id='word_1_229' title='bbox 928 3365 990 3418; x_wconf 89' lang='lat' dir='ltr'><strong>iura</strong></span> <span class='ocrx_word' id='word_1_230' title='bbox 1003 3382 1054 3419; x_wconf 91' lang='lat' dir='ltr'><strong>sua</strong></span> <span class='ocrx_word' id='word_1_231' title='bbox 1068 3365 1196 3436; x_wconf 87' lang='lat' dir='ltr'><strong>persequi</strong></span> <span class='ocrx_word' id='word_1_232' title='bbox 1210 3365 1264 3419; x_wconf 93' lang='lat' dir='ltr'><strong>nisi</strong></span> <span class='ocrx_word' id='word_1_233' title='bbox 1278 3363 1351 3434; x_wconf 82' lang='lat' dir='ltr'><strong>apud</strong></span> <span class='ocrx_word' id='word_1_234' title='bbox 1364 3362 1473 3418; x_wconf 88' lang='lat' dir='ltr'><strong>iudices</strong></span> 
     </span>
     <span class='ocr_line' id='line_1_27' title="bbox 285 3465 1474 3538; baseline 0.003 -19"><span class='ocrx_word' id='word_1_235' title='bbox 285 3465 381 3533; x_wconf 85' lang='lat' dir='ltr'><strong>laicos,</strong></span> <span class='ocrx_word' id='word_1_236' title='bbox 402 3472 533 3521; x_wconf 89' lang='lat' dir='ltr'><strong>tenentur</strong></span> <span class='ocrx_word' id='word_1_237' title='bbox 551 3467 657 3537; x_wconf 87' lang='lat' dir='ltr'><strong>singuli</strong></span> <span class='ocrx_word' id='word_1_238' title='bbox 676 3467 753 3538; x_wconf 86' lang='lat' dir='ltr'><strong>prius</strong></span> <span class='ocrx_word' id='word_1_239' title='bbox 771 3485 789 3520; x_wconf 89' lang='lat' dir='ltr'><strong>a</strong></span> <span class='ocrx_word' id='word_1_240' title='bbox 807 3467 920 3537; x_wconf 90' lang='lat' dir='ltr'><strong>proprio</strong></span> <span class='ocrx_word' id='word_1_241' title='bbox 938 3469 1062 3538; x_wconf 88' lang='lat' dir='ltr'><strong>ipsorum</strong></span> <span class='ocrx_word' id='word_1_242' title='bbox 1075 3467 1223 3523; x_wconf 85' lang='lat' dir='ltr'><strong>Ordinario</strong></span> <span class='ocrx_word' id='word_1_243' title='bbox 1242 3469 1354 3524; x_wconf 84' lang='lat' dir='ltr'><strong>reniam</strong></span> <span class='ocrx_word' id='word_1_244' title='bbox 1375 3471 1474 3538; x_wconf 88' lang='lat' dir='ltr'><strong>petere</strong></span> 
     </span>
     <span class='ocr_line' id='line_1_28' title="bbox 286 3571 1475 3647; baseline -0.001 -18"><span class='ocrx_word' id='word_1_245' title='bbox 286 3579 317 3629; x_wconf 90' lang='lat' dir='ltr'><strong>ut</strong></span> <span class='ocrx_word' id='word_1_246' title='bbox 336 3574 453 3630; x_wconf 89' lang='lat' dir='ltr'><strong>clericos</strong></span> <span class='ocrx_word' id='word_1_247' title='bbox 471 3575 500 3628; x_wconf 91' lang='lat' dir='ltr'><strong>in</strong></span> <span class='ocrx_word' id='word_1_248' title='bbox 518 3577 609 3630; x_wconf 81' lang='lat' dir='ltr'><strong>forma</strong></span> <span class='ocrx_word' id='word_1_249' title='bbox 624 3571 763 3630; x_wconf 87' lang='lat' dir='ltr'><strong>laicorum</strong></span> <span class='ocrx_word' id='word_1_250' title='bbox 787 3575 937 3630; x_wconf 84' lang='lat' dir='ltr'><strong>conuenire</strong></span> <span class='ocrx_word' id='word_1_251' title='bbox 957 3575 1078 3645; x_wconf 79' lang='lat' dir='ltr'><strong>possint3</strong></span> <span class='ocrx_word' id='word_1_252' title='bbox 1103 3592 1222 3647; x_wconf 82' lang='lat' dir='ltr'><strong>eamque</strong></span> <span class='ocrx_word' id='word_1_253' title='bbox 1242 3575 1382 3630; x_wconf 87' lang='lat' dir='ltr'><strong>Ordinarii</strong></span> <span class='ocrx_word' id='word_1_254' title='bbox 1401 3591 1475 3629; x_wconf 93' lang='lat' dir='ltr'><strong>nun·</strong></span> 
     </span>
     <span class='ocr_line' id='line_1_29' title="bbox 285 3683 1476 3754; baseline 0.004 -19"><span class='ocrx_word' id='word_1_255' title='bbox 285 3699 369 3753; x_wconf 86' lang='lat' dir='ltr'><strong>qnam</strong></span> <span class='ocrx_word' id='word_1_256' title='bbox 387 3683 574 3753; x_wconf 82' lang='lat' dir='ltr'><strong>denegabunt,</strong></span> <span class='ocrx_word' id='word_1_257' title='bbox 588 3687 647 3737; x_wconf 90' lang='lat' dir='ltr'><strong>tum</strong></span> <span class='ocrx_word' id='word_1_258' title='bbox 666 3685 787 3738; x_wconf 84' lang='lat' dir='ltr'><strong>maxime</strong></span> <span class='ocrx_word' id='word_1_259' title='bbox 806 3701 869 3738; x_wconf 91' lang='lat' dir='ltr'><strong>cum</strong></span> <span class='ocrx_word' id='word_1_260' title='bbox 888 3683 940 3753; x_wconf 88' lang='lat' dir='ltr'><strong>ipsi</strong></span> <span class='ocrx_word' id='word_1_261' title='bbox 955 3684 1154 3740; x_wconf 83' lang='lat' dir='ltr'><strong>controversiis</strong></span> <span class='ocrx_word' id='word_1_262' title='bbox 1172 3683 1246 3738; x_wconf 89' lang='lat' dir='ltr'><strong>inter</strong></span> <span class='ocrx_word' id='word_1_263' title='bbox 1266 3687 1360 3754; x_wconf 80' lang='lat' dir='ltr'><strong>partes</strong></span> <span class='ocrx_word' id='word_1_264' title='bbox 1379 3684 1476 3740; x_wconf 85' lang='lat' dir='ltr'><strong>conci·</strong></span> 
     </span>
     <span class='ocr_line' id='line_1_30' title="bbox 287 3788 674 3859; baseline 0.008 -17"><span class='ocrx_word' id='word_1_265' title='bbox 287 3788 388 3842; x_wconf 87' lang='lat' dir='ltr'><strong>liandis</strong></span> <span class='ocrx_word' id='word_1_266' title='bbox 405 3805 519 3859; x_wconf 81' lang='lat' dir='ltr'><strong>operam</strong></span> <span class='ocrx_word' id='word_1_267' title='bbox 538 3789 674 3845; x_wconf 87' lang='lat' dir='ltr'><strong>dederint.</strong></span> 
     </span>
    </p>

    <p class='ocr_par' dir='ltr' id='par_1_9' title="bbox 288 3895 1478 4077">
     <span class='ocr_line' id='line_1_31' title="bbox 376 3895 1477 3969; baseline 0.002 -18"><span class='ocrx_word' id='word_1_268' title='bbox 376 3896 526 3967; x_wconf 87' lang='lat' dir='ltr'><strong>Episcopos</strong></span> <span class='ocrx_word' id='word_1_269' title='bbox 545 3902 639 3952; x_wconf 84' lang='lat' dir='ltr'><strong>autem</strong></span> <span class='ocrx_word' id='word_1_270' title='bbox 658 3897 688 3952; x_wconf 92' lang='lat' dir='ltr'><strong>in</strong></span> <span class='ocrx_word' id='word_1_271' title='bbox 707 3897 734 3952; x_wconf 90' lang='lat' dir='ltr'><strong>id</strong></span> <span class='ocrx_word' id='word_1_272' title='bbox 753 3899 844 3952; x_wconf 84' lang='lat' dir='ltr'><strong>forum</strong></span> <span class='ocrx_word' id='word_1_273' title='bbox 863 3899 1015 3953; x_wconf 78' lang='lat' dir='ltr'><strong>convenire</strong></span> <span class='ocrx_word' id='word_1_274' title='bbox 1034 3899 1139 3969; x_wconf 85' lang='lat' dir='ltr'><strong>absque</strong></span> <span class='ocrx_word' id='word_1_275' title='bbox 1155 3898 1238 3953; x_wconf 85' lang='lat' dir='ltr'><strong>venie</strong></span> <span class='ocrx_word' id='word_1_276' title='bbox 1251 3897 1278 3952; x_wconf 92' lang='lat' dir='ltr'><strong>S.</strong></span> <span class='ocrx_word' id='word_1_277' title='bbox 1292 3895 1477 3967; x_wconf 78' lang='lat' dir='ltr'><strong>Apostoliese</strong></span> 
     </span>
     <span class='ocr_line' id='line_1_32' title="bbox 288 4005 1478 4077; baseline 0.003 -18"><span class='ocrx_word' id='word_1_278' title='bbox 288 4005 435 4060; x_wconf 87' lang='lat' dir='ltr'><strong>nonlicet.</strong></span> <span class='ocrx_word' id='word_1_279' title='bbox 457 4005 535 4060; x_wconf 85' lang='lat' dir='ltr'><strong>Etsi</strong></span> <span class='ocrx_word' id='word_1_280' title='bbox 554 4007 616 4077; x_wconf 87' lang='lat' dir='ltr'><strong>quis</strong></span> <span class='ocrx_word' id='word_1_281' title='bbox 635 4021 718 4060; x_wconf 82' lang='lat' dir='ltr'><strong>ausus</strong></span> <span class='ocrx_word' id='word_1_282' title='bbox 741 4006 828 4060; x_wconf 84' lang='lat' dir='ltr'><strong>luerit</strong></span> <span class='ocrx_word' id='word_1_283' title='bbox 853 4005 967 4062; x_wconf 89' lang='lat' dir='ltr'><strong>trahere</strong></span> <span class='ocrx_word' id='word_1_284' title='bbox 987 4007 1020 4060; x_wconf 87' lang='lat' dir='ltr'><strong>ad</strong></span> <span class='ocrx_word' id='word_1_285' title='bbox 1039 4005 1159 4062; x_wconf 91' lang='lat' dir='ltr'><strong>iudicem</strong></span> <span class='ocrx_word' id='word_1_286' title='bbox 1183 4023 1233 4061; x_wconf 87' lang='lat' dir='ltr'><strong>seu</strong></span> <span class='ocrx_word' id='word_1_287' title='bbox 1257 4006 1364 4063; x_wconf 83' lang='lat' dir='ltr'><strong>iudices</strong></span> <span class='ocrx_word' id='word_1_288' title='bbox 1384 4007 1478 4062; x_wconf 74' lang='lat' dir='ltr'><strong>laicos</strong></span> 
     </span>
    </p>
   </div>
   <div class='ocr_carea' id='block_1_8' title="bbox 198 4105 1478 4183">
    <p class='ocr_par' dir='ltr' id='par_1_10' title="bbox 198 4105 1478 4183">
     <span class='ocr_line' id='line_1_33' title="bbox 198 4105 1478 4183; baseline 0.002 -16"><span class='ocrx_word' id='word_1_289' title='bbox 198 4105 202 4112; x_wconf 78' lang='grc'><strong>’</strong></span> <span class='ocrx_word' id='word_1_290' title='bbox 287 4112 331 4167; x_wconf 84' lang='lat' dir='ltr'><strong>vel</strong></span> <span class='ocrx_word' id='word_1_291' title='bbox 350 4111 483 4166; x_wconf 88' lang='lat' dir='ltr'><strong>clericum</strong></span> <span class='ocrx_word' id='word_1_292' title='bbox 502 4113 562 4166; x_wconf 88' lang='lat' dir='ltr'><strong>sine</strong></span> <span class='ocrx_word' id='word_1_293' title='bbox 587 4105 669 4166; x_wconf 83' lang='lat' dir='ltr'><strong>venia</strong></span> <span class='ocrx_word' id='word_1_294' title='bbox 687 4111 837 4179; x_wconf 87' lang='lat' dir='ltr'><strong>Ordinerii,</strong></span> <span class='ocrx_word' id='word_1_295' title='bbox 856 4112 901 4168; x_wconf 89' lang='lat' dir='ltr'><strong>vel</strong></span> <span class='ocrx_word' id='word_1_296' title='bbox 922 4113 1090 4183; x_wconf 82' lang='lat' dir='ltr'><strong>Episcopum</strong></span> <span class='ocrx_word' id='word_1_297' title='bbox 1108 4114 1169 4168; x_wconf 89' lang='lat' dir='ltr'><strong>sine</strong></span> <span class='ocrx_word' id='word_1_298' title='bbox 1188 4113 1271 4168; x_wconf 80' lang='lat' dir='ltr'><strong>venia</strong></span> <span class='ocrx_word' id='word_1_299' title='bbox 1289 4112 1316 4166; x_wconf 90' lang='lat' dir='ltr'><strong>S.</strong></span> <span class='ocrx_word' id='word_1_300' title='bbox 1336 4113 1428 4180; x_wconf 84' lang='lat' dir='ltr'><strong>Sedis,</strong></span> <span class='ocrx_word' id='word_1_301' title='bbox 1448 4115 1478 4170; x_wconf 89' lang='lat' dir='ltr'><strong>in</strong></span> 
     </span>
    </p>
   </div>
   <div class='ocr_carea' id='block_1_9' title="bbox 286 4218 1478 4501">
    <p class='ocr_par' dir='ltr' id='par_1_11' title="bbox 286 4218 1478 4501">
     <span class='ocr_line' id='line_1_34' title="bbox 286 4218 1477 4290; baseline 0.003 -16"><span class='ocrx_word' id='word_1_302' title='bbox 286 4223 425 4290; x_wconf 82' lang='lat' dir='ltr'><strong>potestate</strong></span> <span class='ocrx_word' id='word_1_303' title='bbox 444 4219 603 4276; x_wconf 89' lang='lat' dir='ltr'><strong>eorumdem</strong></span> <span class='ocrx_word' id='word_1_304' title='bbox 626 4218 837 4274; x_wconf 86' lang='lat' dir='ltr'><strong>Ordineriorum</strong></span> <span class='ocrx_word' id='word_1_305' title='bbox 859 4220 921 4287; x_wconf 88' lang='lat' dir='ltr'><strong>erit,</strong></span> <span class='ocrx_word' id='word_1_306' title='bbox 942 4220 972 4274; x_wconf 92' lang='lat' dir='ltr'><strong>in</strong></span> <span class='ocrx_word' id='word_1_307' title='bbox 991 4235 1064 4285; x_wconf 89' lang='lat' dir='ltr'><strong>euru,</strong></span> <span class='ocrx_word' id='word_1_308' title='bbox 1083 4221 1249 4290; x_wconf 83' lang='lat' dir='ltr'><strong>praesertim</strong></span> <span class='ocrx_word' id='word_1_309' title='bbox 1267 4220 1289 4274; x_wconf 88' lang='lat' dir='ltr'><strong>si</strong></span> <span class='ocrx_word' id='word_1_310' title='bbox 1310 4223 1399 4276; x_wconf 80' lang='lat' dir='ltr'><strong>fuerit</strong></span> <span class='ocrx_word' id='word_1_311' title='bbox 1419 4221 1477 4277; x_wconf 87' lang='lat' dir='ltr'><strong>cle·</strong></span> 
     </span>
     <span class='ocr_line' id='line_1_35' title="bbox 286 4324 1478 4398; baseline 0.003 -20"><span class='ocrx_word' id='word_1_312' title='bbox 286 4325 368 4392; x_wconf 87' lang='lat' dir='ltr'><strong>ricus,</strong></span> <span class='ocrx_word' id='word_1_313' title='bbox 387 4325 609 4380; x_wconf 81' lang='lat' dir='ltr'><strong>animaduertere</strong></span> <span class='ocrx_word' id='word_1_314' title='bbox 633 4325 730 4396; x_wconf 88' lang='lat' dir='ltr'><strong>poenis</strong></span> <span class='ocrx_word' id='word_1_315' title='bbox 756 4329 785 4380; x_wconf 93' lang='lat' dir='ltr'><strong>et</strong></span> <span class='ocrx_word' id='word_1_316' title='bbox 804 4325 929 4381; x_wconf 88' lang='lat' dir='ltr'><strong>censuris</strong></span> <span class='ocrx_word' id='word_1_317' title='bbox 946 4329 968 4396; x_wconf 79' lang='lat' dir='ltr'><strong>s.</strong></span> <span class='ocrx_word' id='word_1_318' title='bbox 987 4334 1065 4391; x_wconf 78' lang='lat' dir='ltr'><strong>sent,</strong></span> <span class='ocrx_word' id='word_1_319' title='bbox 1088 4324 1129 4380; x_wconf 90' lang='lat' dir='ltr'><strong>uti</strong></span> <span class='ocrx_word' id='word_1_320' title='bbox 1148 4324 1301 4381; x_wconf 85' lang='lat' dir='ltr'><strong>violatores</strong></span> <span class='ocrx_word' id='word_1_321' title='bbox 1328 4325 1478 4398; x_wconf 82' lang='lat' dir='ltr'><strong>privilegii</strong></span> 
     </span>
     <span class='ocr_line' id='line_1_36' title="bbox 286 4430 1012 4501; baseline 0.003 -18"><span class='ocrx_word' id='word_1_322' title='bbox 286 4431 350 4496; x_wconf 80' lang='lat' dir='ltr'><strong>fori,</strong></span> <span class='ocrx_word' id='word_1_323' title='bbox 368 4433 391 4485; x_wconf 87' lang='lat' dir='ltr'><strong>si</strong></span> <span class='ocrx_word' id='word_1_324' title='bbox 410 4431 436 4485; x_wconf 90' lang='lat' dir='ltr'><strong>id</strong></span> <span class='ocrx_word' id='word_1_325' title='bbox 456 4432 586 4501; x_wconf 83' lang='lat' dir='ltr'><strong>expedire</strong></span> <span class='ocrx_word' id='word_1_326' title='bbox 605 4432 634 4486; x_wconf 95' lang='lat' dir='ltr'><strong>in</strong></span> <span class='ocrx_word' id='word_1_327' title='bbox 654 4431 771 4486; x_wconf 89' lang='lat' dir='ltr'><strong>Domino</strong></span> <span class='ocrx_word' id='word_1_328' title='bbox 790 4430 973 4487; x_wconf 87' lang='lat' dir='ltr'><strong>iudicaverint</strong></span> <span class='ocrx_word' id='word_1_329' title='bbox 986 4448 1012 4490; x_wconf 71' lang='lat' dir='ltr'><strong>r.</strong></span> 
     </span>
    </p>
   </div>
   <div class='ocr_carea' id='block_1_10' title="bbox 0 0 1653 5100">
    <p class='ocr_par' dir='ltr' id='par_1_12' title="bbox 0 0 1653 5100">
     <span class='ocr_line' id='line_1_37' title="bbox 0 0 1653 5100; baseline 0 0"><span class='ocrx_word' id='word_1_330' title='bbox 0 0 1653 5100; x_wconf 95' lang='lat' dir='ltr'><strong> </strong></span> 
     </span>
    </p>
   </div>
  </div>
 </body>
</html>
