3266 5102
320 253 387 319 176
844 275 930 323 rans
954 274 978 321 1.

318 415 397 462 sura
418 396 485 462 lata
508 401 564 470 est,
582 397 752 483 abrogare,
769 417 927 464 revocare
950 417 1015 463 non
1038 399 1138 465 valet.
1157 399 1248 468 Nam.
1264 401 1393 485 vigente
1415 399 1504 483 lege,
1605 361 1606 422 3

318 526 491 607 praecepto
523 529 580 588 aut
610 523 783 596 sententia,
809 525 870 589 etsi
900 522 1027 590 valeret
1056 523 1230 605 absolutio,
1254 523 1437 596 absolutus,
1461 521 1505 586 ob

318 648 563 728 contumaciam,
588 649 695 713 statim
720 649 753 712 in
777 647 922 714 eamdem
945 647 1150 715 relaberetur
1172 667 1352 715 censuram.

410 773 483 838 120.
502 773 572 848 Quo
589 775 711 839 clarior
726 779 835 860 pateat
851 775 933 839 ratio
948 773 1117 840 relaxandi
1130 793 1285 840 censuras
1301 774 1364 837 iam
1379 791 1399 837 a
1416 769 1507 837 fideli

318 899 506 963 commissas
523 899 737 964 advertantur
756 899 838 965 haec
853 900 956 965 verba
971 901 1011 964 cl.
1029 899 1166 964 Berardi
1189 900 1227 964 in
1245 897 1372 966 Gomon.
1389 897 1427 963 in
1444 896 1506 962 Ins

317 1021 406 1088 Eccl.
426 1023 521 1089 Unio.
533 1023 568 1088 V.
580 1024 627 1104 II,
638 1023 679 1089 P.
689 1024 724 1096 2.
735 1025 821 1092 Dius.
831 1023 865 1096 3,
880 1045 954 1108 cap.
965 1025 1014 1089 11.·
1029 1024 1213 1090 ‹Delentur
1224 1031 1331 1088 autem
1344 1039 1506 1088 censurae

319 1152 442 1232 septem
455 1148 566 1228 modis,
579 1149 810 1234 compatione,
825 1150 1048 1222 revocatione,
1063 1149 1260 1230 cassatione,
1273 1153 1381 1214 morte
1391 1146 1505 1230 feren·

319 1271 369 1346 tio,
392 1277 502 1339 morte
523 1273 641 1348 notati,
667 1274 767 1357 lapsu
791 1273 954 1356 temporis
978 1279 1010 1338 et
1025 1273 1233 1340 absolutione
1249 1292 1279 1338 ›.
1298 1273 1378 1337 Nam
1402 1292 1504 1337 unum

318 1416 391 1460 cum
407 1395 511 1462 altero
524 1417 588 1461 non
605 1403 735 1484 pugnat,
749 1397 918 1462 dummodo
935 1399 1089 1482 cuiusque
1104 1398 1188 1464 modi
1201 1397 1330 1462 diversa
1342 1398 1426 1462 ratio
1438 1395 1503 1461 dis-

317 1523 492 1605 tinguatur.
508 1521 613 1585 Porro
627 1522 789 1608 explorati
801 1523 882 1587 iuris
894 1527 952 1596 est,
966 1542 1148 1590 censuram
1160 1523 1231 1588 mm
1242 1523 1420 1588 incursum
1436 1541 1504 1586 non

318 1645 387 1711 tolli
413 1646 473 1712 nisi
489 1645 701 1714 absolutione
709 1666 723 1731 ,·
740 1647 796 1712 sed
811 1647 917 1734 legem
935 1648 1034 1734 ipsam
1051 1667 1231 1714 censuram
1248 1649 1408 1714 ferentem
1431 1647 1503 1713 tolli

318 1770 549 1858 obropatione,
566 1771 793 1846 revocatione,
811 1772 999 1839 cassatione
1022 1771 1085 1858 (l);
1108 1779 1315 1858 praeceptum
1343 1793 1425 1838 vero
1445 1793 1504 1838 seu

318 1917 490 1963 censuram
514 1896 557 1964 ab
581 1896 717 1963 homine
741 1897 809 1962 tolli
831 1902 942 1964 morte
964 1897 1114 1981 faenus,
1143 1899 1169 1963 si
1200 1917 1339 1964 censura
1359 1897 1503 1964 nandum

318 2024 360 2088 sit
375 2023 516 2094 incursa,
533 2021 669 2086 vidimus
684 2042 743 2086 suo
758 2021 841 2104 loca,
858 2022 985 2106 quando
1001 2023 1043 2089 sit
1056 2043 1170 2088 verum
1187 2029 1219 2089 et
1234 2022 1390 2107 quomodo
1406 2023 1503 2088 intel·
1605 2047 1606 2120 ζ

317 2146 491 2232 ligendum.
509 2147 553 2213 At
568 2148 669 2230 lapan
685 2147 846 2230 temporis
862 2166 1023 2212 censurae
1038 2149 1169 2233 proprie
1182 2147 1287 2213 dictae
1301 2168 1367 2213 non
1387 2147 1504 2214 tollun-

317 2276 373 2335 tur
396 2275 428 2336 et
452 2270 648 2335 solummodo
673 2290 830 2336 censurae
845 2271 1060 2355 impropriae
1075 2293 1132 2338 seu
1143 2292 1278 2356 poenae
1294 2273 1504 2338 resolvuntur

319 2395 419 2461 veluti
435 2397 600 2480 suspensio
616 2395 657 2460 ad
673 2415 816 2461 mensem
834 2394 963 2462 inflicta.
978 2395 1091 2462 Morte
1105 2397 1222 2470 notati,
1237 2401 1384 2462 cessante
1400 2395 1504 2461 subie

320 2526 381 2594 cto,
407 2519 591 2584 necessario
615 2539 754 2584 censura
778 2517 894 2600 deficit,
914 2521 1015 2585 veluti
1039 2521 1205 2605 suspensio
1228 2521 1281 2585 vel
1305 2521 1401 2586 etiam
1426 2519 1504 2585 olim

319 2643 609 2710 excommunicatio
623 2645 737 2724 minor,
751 2662 833 2727 quae
844 2643 1017 2729 prohibent
1028 2643 1068 2708 ab
1085 2665 1143 2710 usu
1154 2645 1333 2727 personali
1348 2663 1505 2729 quorum·

320 2768 393 2834 darn
417 2768 534 2832 iuriam
558 2767 788 2852 spiritualium;
812 2786 914 2851 quare
937 2773 1063 2836 mortuo
1092 2767 1244 2841 subiecto,
1270 2769 1351 2834 istae
1374 2774 1505 2834 cessent
1604 2851 1605 2854 Ἴ

320 2894 388 2977 ipso
411 2893 497 2957 facto
515 2893 735 2957 necessarium
760 2897 817 2957 est.
836 2891 899 2959 Sed
923 2911 1062 2957 censura
1084 2892 1449 2960 encommanicationis
1472 2897 1505 2958 et

318 3017 505 3092 interdicti,
531 3015 634 3100 quoad
665 3016 837 3081 nonnullos
869 3013 1002 3082 effectus
1028 3021 1233 3101 perseverat;
1257 3035 1374 3101 nempe
1396 3015 1504 3100 quoad

320 3141 540 3207 exclusionem
556 3161 576 3204 a
591 3141 780 3206 comunione
803 3138 944 3205 fidelium
961 3145 993 3204 et
1008 3141 1255 3226 participatione
1270 3139 1412 3225 passion
1430 3161 1504 3228 quo

320 3267 466 3333 rumdam
480 3267 638 3332 bonorum
660 3267 872 3352 spiritualium
889 3286 971 3350 quae
992 3267 1159 3332 Ecclesiae
1175 3266 1404 3352 dispensationi
1429 3267 1502 3334 sub·

320 3393 482 3464 iiciuntur,
500 3391 585 3456 unde
603 3391 643 3456 ab
658 3392 718 3456 hos
733 3390 892 3456 tollendos
909 3388 1043 3456 effectus
1060 3393 1236 3476 requiritur
1251 3389 1419 3457 absolutio.
1438 3390 1504 3458 Sub

319 3518 383 3582 hoc
399 3521 557 3600 respectu,
575 3514 614 3579 ab
631 3515 780 3580 Ecclesia
793 3521 939 3582 mortuns
955 3521 1155 3588 censuratus,
1170 3516 1504 3582 excommunicatione

320 3643 443 3707 maiore
464 3646 520 3705 aut
536 3640 718 3713 interdicto,
743 3639 929 3713 absolvitur,
946 3641 1052 3724 prouti
1077 3642 1172 3706 etiam
1195 3647 1342 3706 mortuus
1365 3659 1505 3708 censura
1603 3605 1604 3666 ἶ

321 3768 438 3833 dicitur
468 3765 622 3850 percelli;
653 3785 768 3851 nempe
798 3764 902 3849 quoad
934 3766 1006 3829 iura
1033 3732 1167 3830 mortbis
1196 3763 1343 3830 fidelibus
1374 3784 1505 3850 cumpe-

319 3890 430 3960 tentia,
444 3889 544 3952 veluti
561 3888 756 3972 sepulturae.
777 3887 930 3954 Tbesaar
946 3889 967 3951 l.
981 3909 1007 3954 c.
1021 3909 1047 3954 c.
1061 3887 1120 3970 211,
1134 3887 1234 3970 Resp.
1256 3888 1291 3960 V,
1308 3893 1339 3954 et
1355 3906 1431 3970 cap.
1443 3886 1504 3952 28.

319 4013 370 4080 De
393 4017 474 4078 sent.
500 4031 629 4078 coccam.
655 4013 689 4076 X
710 4011 764 4098 (V.
790 4011 854 4094 39).
880 4013 1102 4098 Suspensionis
1125 4032 1205 4076 vero
1228 4007 1363 4077 effectus
1387 4009 1504 4096 perdu-

409 4189 449 4259 (l)
472 4188 630 4242 Cossutiano
650 4192 803 4257 praeterea,
823 4187 1021 4258 intelliguntur
1041 4187 1102 4242 tolli
1117 4204 1249 4243 censurae
1260 4203 1294 4241 ex
1307 4187 1421 4242 decreto
1434 4185 1504 4242 iudi·

320 4297 360 4349 cis
386 4293 581 4364 appellationis
606 4295 653 4365 qui
674 4295 829 4348 sententiae
853 4295 974 4348 iniustae
993 4298 1022 4349 et
1042 4293 1137 4348 nullae
1162 4294 1211 4349 sed
1235 4293 1348 4364 publice
1372 4294 1505 4363 cognitae
1602 4341 1603 4348 ,

319 4405 369 4456 aut
388 4400 579 4467 denunciatae,
599 4417 786 4471 quoscumque
806 4403 898 4455 aufert
916 4401 1038 4456 effectus.
