3312 5108
288 295 333 361 56
814 313 897 360 rans
922 313 944 360 1.

290 438 477 522 ignoratum
500 441 557 502 aut
578 440 683 522 potest
705 442 830 502 tantum
861 457 933 502 esse
963 439 1068 502 malus
1098 441 1172 522 qnia
1203 437 1397 522 prohibitus;
1428 456 1466 501 ao

288 557 424 642 proinde
446 559 473 622 si
497 557 672 642 probabilis
695 560 881 644 ignorantia
903 559 1067 624 humanae
1089 560 1172 645 legis
1194 561 1389 624 interveniat
1405 561 1468 625 erit

289 703 355 746 non
368 682 471 748 malus
487 703 527 746 ao
541 682 679 748 subinde
694 681 797 748 bonus
811 683 864 747 rel
882 681 1081 748 indifferens.
1100 685 1244 768 Denique
1268 684 1357 748 nulia
1372 685 1469 750 inter·

289 809 441 872 veniente
470 809 654 892 ignorantia
685 809 763 873 iuris
794 815 899 894 potest
928 809 1134 877 intercedere
1165 811 1350 894 ignorantia
1380 809 1467 882 facti.

289 932 365 1013 quia
386 931 537 996 nimirum
561 952 640 1016 opus
662 952 728 997 non
752 939 885 1018 putatur
904 955 977 998 esse
999 935 1064 998 tale
1086 932 1133 1019 (l)
1157 935 1253 1019 quale
1276 954 1335 1019 per
1364 935 1468 1019 legem

288 1055 486 1142 prohibitum
499 1065 558 1122 est.
572 1058 661 1122 Haec
675 1057 716 1122 de
728 1061 921 1145 ignorantia.
934 1061 980 1124 De
992 1061 1203 1125 excusatione
1212 1059 1258 1144 (2)
1272 1079 1350 1122 vero
1362 1058 1470 1126 distin-

291 1181 346 1264 gui
369 1187 483 1264 potest,
507 1187 614 1246 utrum
638 1185 678 1246 sit
702 1185 735 1246 in
759 1184 832 1247 foro
858 1187 1087 1264 conscientiae,
1111 1184 1165 1248 vel
1189 1185 1222 1248 in
1246 1191 1394 1248 externo,
1418 1184 1470 1249 rel

291 1306 324 1368 in
342 1311 478 1389 utroque
500 1308 604 1372 simul.
629 1344 645 1355 -
666 1309 716 1374 t'ti
732 1307 772 1372 ad
789 1315 960 1394 utramque
974 1312 1215 1375 excusationem
1230 1310 1471 1395 intelligendam

292 1429 441 1494 conteret
462 1431 723 1496 animadvertere
745 1454 787 1497 an
812 1454 915 1519 poena
938 1436 979 1501 sit
1003 1435 1071 1519 ipso
1091 1436 1163 1498 iure
1185 1434 1261 1504 lata,
1279 1436 1330 1499 rel
1347 1441 1471 1500 tantum

291 1553 463 1620 inserenda
480 1577 510 1619 r.

381 1675 530 1745 Praestat
552 1681 700 1746 retulisse
723 1682 865 1746 Suaresii
889 1684 1052 1766 integrum
1068 1687 1192 1748 textum
1209 1689 1243 1748 ut
1259 1689 1367 1768 pateat
1387 1685 1473 1748 omni

293 1807 450 1885 exparte
479 1807 580 1868 status
609 1804 805 1886 quaestionis
835 1825 917 1887 quae
940 1804 980 1869 ab
1003 1825 1042 1869 eo
1073 1805 1293 1891 perpenditur,
1317 1826 1377 1890 pro
1401 1827 1475 1871 crin-

294 1924 413 1990 ditione
435 1948 567 1993 suornm
590 1935 781 2014 temporum,
798 1931 902 2014 quoad
918 1934 967 1998 ius
982 1933 1119 2017 poenale
1134 1941 1201 1997 tuin
1222 1935 1475 1999 ecclesiasticum

293 2055 362 2114 tum
373 2051 478 2114 civile.
491 2087 506 2098 ·
526 2052 695 2118 Suaresius
707 2060 739 2119 et
754 2057 872 2138 passim
884 2059 1082 2131 canonistae
1096 2058 1141 2121 ita
1153 2059 1339 2123 Thesaurus
1354 2078 1408 2140 op.
1421 2060 1475 2123 cit.

295 2173 336 2239 P.
361 2175 388 2240 Ι.
413 2197 440 2240 c.
465 2177 507 2241 15
537 2177 714 2260 loquuntur
743 2199 872 2264 semper
894 2179 934 2244 de
957 2182 1155 2266 ignorantia
1186 2183 1273 2246 iuris
1299 2183 1350 2247 rei
1379 2181 1474 2262 sacti.

296 2317 361 2363 non
385 2299 427 2363 de
453 2319 581 2365 errare.
614 2302 699 2365 Fere
729 2323 858 2388 semper
888 2305 1057 2368 invocatur
1088 2305 1284 2389 ignoraratia
1314 2305 1402 2368 iuris
1423 2305 1474 2369 aet

295 2423 389 2506 facti,
406 2426 551 2506 quamvis
574 2445 702 2506 revera,
718 2433 930 2512 conceptuum
947 2433 1071 2492 attenta
1089 2428 1296 2512 proprietate.
1314 2427 1367 2490 res
1390 2430 1476 2490 esset

296 2548 337 2613 de
360 2568 479 2615 errore
501 2551 598 2624 inris;
622 2550 678 2615 sed
701 2551 776 2633 quia
798 2553 992 2636 ignorantia,
1016 2553 1106 2634 quasi
1130 2572 1241 2637 genus,
1266 2553 1310 2616 uti
1332 2552 1475 2636 explica-

298 2680 412 2758 vimus,
428 2679 531 2763 magis
547 2677 611 2742 late
628 2683 724 2762 patet,
741 2698 798 2742 seu
815 2683 847 2742 et
863 2679 942 2761 quia
957 2698 1159 2762 quocumque
1174 2681 1207 2742 in
1224 2697 1345 2744 errore
1367 2678 1476 2742 subest

297 2803 505 2889 ignorantia.
530 2805 575 2867 ita
598 2803 748 2868 libentius
771 2804 834 2870 hoc
851 2804 1042 2870 vocabulum
1060 2811 1228 2889 usurpant.
1247 2806 1290 2870 Et
1307 2825 1365 2869 nas
1385 2824 1405 2868 a
1429 2823 1476 2868 re

299 2932 392 3011 cepto
415 2945 506 2990 more
529 2946 593 2991 uon
617 2926 850 2992 discendemus.

388 3049 468 3149 Rem
493 3057 635 3116 nostram
659 3050 742 3135 quod
766 3052 890 3130 attinet,
912 3051 1135 3134 distinguimus
1150 3051 1366 3135 ignorantiam
1381 3050 1477 3120 iuris,

299 3136 515 3276 ignorantiam
529 3177 623 3260 sacti,
639 3184 672 3242 et
688 3179 903 3262 ignorantiam
914 3194 1059 3259 poenae.
1080 3173 1180 3240 Adest
1196 3178 1378 3261 ignorantia
1392 3176 1480 3241 iuris

300 3305 427 3388 quando
451 3307 520 3389 quis
544 3303 626 3369 falso
649 3303 828 3370 arbitratur
844 3306 896 3368 rel
912 3303 1019 3388 legem
1043 3323 1107 3366 non
1130 3301 1243 3367 adesse
1266 3303 1317 3366 rel
1340 3302 1479 3385 aliquam

390 3587 429 3654 (Ι)
443 3587 580 3640 Nimirum
594 3587 655 3657 quis
669 3586 797 3640 occidens
811 3585 951 3640 hominem
965 3585 1100 3640 clericum
1114 3601 1196 3655 quem
1212 3589 1291 3653 putat
1307 3601 1367 3638 esse
1378 3583 1481 3638 laicum

301 3711 356 3747 non
366 3697 523 3748 arbitratur
531 3698 637 3764 finctum
648 3711 708 3748 esse
722 3695 778 3747 tate
792 3695 877 3764 quiite
887 3711 942 3763 per
954 3703 1045 3747 certas
1057 3693 1135 3760 tapes
1147 3693 1318 3762 prohibitam
1329 3701 1376 3745 est.
1388 3691 1483 3763 Secus,

301 3801 376 3856 enim
395 3802 419 3854 si
438 3802 500 3871 quis
519 3806 598 3868 putet
617 3810 724 3855 certum
742 3802 847 3854 iactum
867 3817 921 3853 non
941 3797 1136 3868 comprehendi
1160 3799 1210 3851 sub
1233 3797 1307 3867 lege,
1324 3798 1484 3867 ignorantia

303 3900 348 3956 sel
367 3903 460 3972 potius
478 3919 556 3958 error
574 3909 617 3958 est
636 3906 715 3958 iun's.

392 4010 431 4080 (2)
451 4013 556 4064 Auctor
574 4011 722 4080 distinguit
743 4012 798 4063 uim
825 4013 999 4078 ignorantiae
1017 4013 1052 4063 ab
1071 4013 1251 4064 excusatione
1277 4009 1343 4078 quia
1369 4007 1397 4060 in
1424 4007 1497 4076 soro,

303 4117 414 4171 interno
424 4119 583 4186 ignorantia
596 4125 710 4172 excusat
723 4119 745 4171 si
759 4119 793 4172 de
805 4119 881 4172 tacto
893 4117 981 4172 detuit
995 4116 1104 4171 matitia
1118 4116 1241 4185 peccati‚·
1254 4117 1281 4168 in
1296 4116 1356 4168 soro
1370 4119 1487 4169 externo

302 4221 452 4291 aliquando
472 4240 525 4276 non
546 4225 686 4293 probatur,
697 4225 884 4293 ignorantiam
904 4224 973 4278 iuris
990 4224 1075 4277 fnisse
1094 4219 1286 4276 invincibilem
1304 4225 1334 4273 et
1353 4215 1483 4286 inculpa·

304 4329 401 4394 bilem;
420 4347 507 4401 quare
526 4333 696 4385 contrarium
716 4331 910 4400 praesumitur,
930 4335 961 4383 ut
980 4329 1053 4382 intra
1073 4329 1232 4382 docebimus
1252 4331 1280 4380 et
1299 4324 1365 4377 hinc
1386 4339 1440 4377 nou
1454 4321 1488 4375 fit

306 4439 383 4492 iocus
401 4445 575 4497 excusationi
596 4461 612 4494 a
631 4459 719 4511 poena
738 4439 887 4494 subeunda.
