3266 5102
294 272 360 339 152
813 294 897 342 runs
921 294 945 340 1.

292 412 453 480 Praelatis
475 414 606 479 totidem
630 416 1013 484 excommunicationibus
1036 417 1134 502 plecti
1157 416 1253 489 valet,
1278 416 1330 482 vel
1347 416 1387 480 ab
1404 435 1475 480 uno

291 557 433 603 censura
455 539 683 624 suspensionis,
706 537 746 603 ab
769 540 873 604 altero
895 539 1000 604 altera
1023 559 1162 605 censura
1183 539 1279 624 ligari
1303 546 1415 626 potest.

382 663 461 728 lude
493 665 699 748 consequitur
730 684 823 749 posse
855 663 973 729 resolvi
1006 686 1104 729 unum
1135 666 1297 730 vinculum
1333 666 1480 772 poenale

291 755 839 878 alterutroffis'dutffiffiuifl'em
860 791 888 854 si
911 790 994 854 alter
1015 790 1184 856 Praelatus
1203 791 1357 866 absolvat,
1381 792 1475 857 alter

291 887 461 978 absolvere
496 913 668 988 detrectet,
704 922 896 980 censuratus
926 917 1073 980 censuris
1107 915 1275 982 subiicitur
1302 936 1475 1002 quousque

291 1057 403 1103 omnes
427 1041 480 1122 qui
504 1058 674 1104 censuram
696 1039 831 1104 tulerint
853 1039 1022 1108 absolvere
1045 1042 1251 1107 intenderint.
1268 1078 1283 1088 -
1300 1043 1342 1106 Et
1357 1043 1390 1106 in
1407 1041 1480 1106 hoc

291 1163 356 1226 DD.
381 1161 476 1246 plane
508 1163 723 1228 concordant:
756 1163 797 1229 cl.
830 1165 960 1240 suarez,
995 1166 1088 1241 Η,
1114 1165 1145 1231 l.
1170 1203 1185 1213 -
1211 1167 1273 1232 Hic
1299 1171 1482 1253 praeterea

291 1290 418 1371 quaerit
441 1308 483 1352 an
509 1287 548 1353 ob
571 1288 656 1353 idem
680 1290 803 1355 crimen
820 1293 1049 1366 continuatum,
1067 1291 1229 1357 crescenti
1244 1291 1480 1372 contumacia,

291 1414 390 1496 possit
413 1415 483 1498 quis
506 1434 526 1478 a
550 1413 653 1478 iudice
684 1414 829 1499 pluribus
860 1417 1007 1480 censuris
1039 1415 1180 1481 eiusdem
1203 1417 1322 1500 speciei
1354 1415 1475 1501 plecti;

291 1555 408 1621 nempe
423 1535 568 1621 pluribus
585 1537 984 1613 excommunicationibus;
1001 1544 1098 1622 atque
1121 1537 1302 1624 respondet,
1320 1537 1479 1605 obsolute

291 1656 376 1722 hanc
392 1665 583 1742 potestatem
598 1660 694 1726 iudici
710 1679 775 1726 non
791 1660 911 1734 deesse,
928 1659 985 1725 sed
1002 1681 1092 1725 usum
1107 1661 1202 1726 huius
1218 1660 1380 1725 facultatis
1396 1679 1475 1725 esse

290 1777 432 1845 alienum
456 1801 475 1844 a
498 1781 640 1846 moribus
663 1781 848 1857 Ecclesiae;
873 1786 906 1846 et
929 1787 1018 1846 recte
1043 1801 1130 1846 sane.
1156 1819 1173 1828 -
1197 1781 1331 1857 Quando
1361 1787 1476 1847 autem

293 1902 378 1968 idem
397 1907 520 1970 crimen
537 1912 703 1992 repetatur
718 1908 770 1972 vel
786 1908 879 1992 gravi
894 1905 1063 1972 admodum
1084 1907 1284 1972 contumacia
1299 1911 1475 1992 augeatur,

292 2031 464 2115 repetitum
480 2032 603 2095 crimen
620 2032 764 2116 repetitis
779 2030 1161 2096 excommunicationibus
1175 2031 1274 2116 plecti
1293 2031 1395 2106 valet;
1417 2030 1479 2095 vel

292 2155 377 2220 idem
400 2157 524 2220 crimen
540 2155 684 2242 pluribus
699 2156 866 2243 speciebus
882 2177 1104 2222 censurarum.
1120 2157 1211 2220 Tunc
1226 2161 1374 2221 cessante
1391 2175 1478 2220 con-

292 2281 432 2345 tumacia
446 2280 530 2346 idem
546 2279 643 2346 iudex
658 2286 705 2346 tot
721 2283 886 2366 impertire
901 2280 1118 2348 absolutiones
1135 2280 1231 2346 debet
1246 2287 1323 2365 quot
1338 2281 1480 2346 fuerunt

292 2407 471 2472 sententiae
487 2406 540 2470 vel
564 2425 628 2470 uua
652 2406 797 2471 intendat
820 2411 946 2492 oportet
969 2406 1179 2482 absolutione,
1204 2425 1315 2470 omues
1338 2405 1481 2470 auferre

292 2552 447 2598 censuras
471 2530 526 2616 (l).
552 2531 683 2618 Scyrus,
709 2532 737 2608 Ι,
761 2533 814 2596 10.
841 2533 870 2608 1,
894 2551 964 2617 seq.

382 2811 421 2884 (1)
450 2813 490 2868 De
517 2813 633 2868 crimine
662 2818 790 2868 continuo
819 2831 867 2868 seu
895 2817 1054 2870 continuato
1084 2813 1189 2884 aliquid
1219 2813 1364 2884 tetigimus
1392 2829 1483 2882 supra

292 2939 360 2974 irum
377 2922 429 2974 22.
448 2950 463 2960 -
483 2920 536 2975 Sed
555 2921 700 2975 advertere
720 2924 844 2991 praestat
856 2923 907 2976 sub
921 2921 1070 2992 multiplici
1083 2924 1200 2990 aspectu
1213 2919 1381 2974 considerari
1394 2935 1481 2988 posse

293 3028 398 3082 crimen
419 3031 585 3082 continuum.
605 3029 635 3082 ln
655 3029 751 3098 primis
769 3028 871 3082 dicitur
898 3033 1060 3083 continuum
1082 3033 1220 3100 quatenns
1247 3026 1331 3082 habet
1356 3037 1482 3081 tractum

293 3137 479 3190 successivum
501 3139 530 3190 et
554 3134 736 3204 distinguitur
754 3152 772 3189 a
789 3135 906 3190 crimine
925 3139 1116 3203 instuctionem
1135 3139 1164 3189 et
1183 3135 1210 3187 in
1232 3133 1284 3187 hoc
1302 3132 1381 3187 nulla
1397 3133 1480 3187 adest

294 3239 450 3294 difficultas.
469 3241 522 3295 Sed
540 3240 651 3295 difficile
663 3245 706 3294 eet
719 3240 890 3310 distinguere
903 3242 1045 3296 notionem
1062 3241 1186 3294 criminis
1199 3241 1323 3293 continui
1338 3245 1481 3308 quatenus

294 3351 404 3400 constat
416 3346 461 3402 vel
474 3347 600 3417 pluribus
612 3349 720 3401 actibus
733 3347 868 3401 ordinatis
881 3347 916 3401 ad
929 3347 1033 3402 crimen
1047 3346 1293 3401 consummandum
1306 3363 1313 3411 ς
1332 3345 1377 3400 vel
1390 3361 1480 3415 quum

294 3454 325 3507 in
343 3455 558 3508 consummando
576 3455 692 3509 crimine
712 3454 805 3523 plures
824 3453 902 3522 leges
921 3460 970 3508 aut
989 3454 1069 3524 plura
1088 3454 1150 3507 iura
1174 3452 1323 3506 violentur.
1351 3451 1382 3504 lu
1401 3450 1480 3504 codi-

295 3561 373 3615 cibus
391 3561 460 3615 iurie
475 3563 587 3632 poenal.
602 3563 716 3632 positivi
734 3561 787 3615 hae
806 3559 976 3632 hypotheses
996 3576 1051 3614 non
1071 3559 1288 3629 perpenduntur,
1307 3559 1373 3630 quie
1393 3555 1482 3611 relin-

295 3668 390 3738 quitur
409 3667 612 3721 iurisconeultis
631 3673 660 3721 et
679 3666 815 3721 iudicibus
834 3667 984 3720 aestimare
1002 3683 1037 3718 an
1057 3666 1087 3720 in
1099 3681 1164 3719 casu
1183 3668 1315 3717 concreto
1330 3678 1414 3715 uuum
1429 3661 1479 3716 rel

294 3773 376 3842 plura
394 3773 511 3826 crimine
528 3779 558 3827 et
575 3789 711 3844 quaenam
731 3775 842 3841 patrata
860 3773 924 3825 sint.
944 3772 1019 3826 lnter
1037 3771 1211 3824 Glossetores
1229 3769 1263 3823 de
1276 3768 1330 3822 hoc
1346 3767 1482 3822 disseruit

295 3877 399 3933 ualdus
414 3879 492 3952 Gens.
505 3879 556 3944 48,
571 3881 618 3932 tib.
631 3881 659 3930 3.
674 3907 688 3919 -
701 3877 819 3932 Camere
837 3877 918 3931 docte
930 3883 960 3932 et
973 3876 1104 3947 prolonde
1123 3875 1234 3930 disserit
1247 3874 1280 3927 de
1300 3872 1376 3926 hisce
1389 3887 1480 3943 quae·

295 3985 445 4051 stlembum
465 3990 482 4050 ἓ
498 3987 557 4038 510
569 4003 625 4056 seq.
639 4014 652 4026 -
666 3985 706 4040 Cf.
726 3984 851 4049 Ortolen,
866 3983 1009 4039 Elementa
1022 3986 1057 4038 de
1076 3985 1150 4038 dreit
1159 3981 1257 4053 pe'ncl,
1277 3998 1303 4033 n.
1316 3979 1385 4047 743‚·
1405 3978 1484 4032 Van·

295 4092 344 4145 der
362 4091 442 4158 Does,
461 4094 504 4146 De
522 4095 638 4148 rumine
656 4095 782 4163 repento,
802 4092 923 4146 Traiecti
950 4091 984 4144 ad
1006 4089 1144 4156 Rhenum,
1173 4089 1258 4156 1826,·
1285 4088 1410 4158 Sevigny
1437 4088 1484 4142 De

294 4214 432 4252 conuersa
450 4199 618 4254 delictorum
642 4201 769 4270 formati.
789 4227 803 4240 -
825 4199 854 4252 lu
880 4213 983 4268 genere
1007 4197 1137 4252 videntur
1156 4213 1236 4266 posse
1264 4194 1397 4249 constitui
1423 4193 1481 4248 hee

296 4303 419 4374 regulae.
439 4305 579 4377 Siquidem
598 4307 702 4360 crimen
721 4324 784 4360 cum
804 4305 990 4360 constituetur
1003 4319 1052 4374 per
1071 4303 1242 4373 propositum
1258 4299 1436 4370 delinquendi
1451 4305 1485 4355 et

295 4427 345 4478 per
357 4417 451 4496 actum
463 4411 580 4465 alicuius
593 4410 665 4481 legis
679 4411 803 4481 poenalis
822 4410 972 4466 laesivum:
994 4409 1019 4478 l)
1033 4408 1148 4479 proinde
1160 4408 1270 4479 quando
1283 4406 1389 4478 pluries
1402 4423 1485 4478 repe-
