3306 5102
861 323 945 372 PARS
971 324 992 369 l.

422 443 564 498 enascitur
582 460 617 500 ex
637 446 754 515 infamia
779 446 851 498 imis
875 445 911 498 ob
937 445 1066 499 effectum
1093 444 1240 499 iuridicum
1266 443 1465 498 inhabilitatis.
1484 472 1518 486 -

422 551 484 604 256.
505 550 629 622 Infamia
648 553 720 606 turis
738 551 934 622 distinguenda
952 558 995 607 est
1014 570 1031 605 a
1047 569 1139 623 poena
1157 555 1314 625 infmnanti.
1334 581 1369 594 -
1388 553 1452 606 257.
1472 553 1517 608 ln-

421 657 508 710 lamia
526 657 597 710 iuris
615 661 658 711 est
676 659 695 710 f.
714 676 735 712 s.
754 663 804 712 aut
824 658 841 711 l.
861 675 881 712 s.
901 658 1016 719 Quando
1035 664 1078 714 ast
1097 659 1115 712 l.
1138 677 1160 712 s.
1180 659 1333 713 incurritur
1354 661 1414 730 ipsu
1433 661 1520 729 sacta,

421 763 473 817 etsi
494 765 603 818 occultu
622 765 712 834 quoad
738 766 868 820 effectum
888 782 988 834 nempe
1007 765 1195 842 inhabilitatis
1213 770 1242 820 et
1261 764 1326 820 hinc
1351 764 1518 834 irregulari-

422 871 497 925 tatis.
511 901 545 914 -
558 871 619 926 258.
639 873 754 933 Quando
773 873 933 928 incurratur
951 874 1066 927 infamia
1085 876 1156 927 iaris
1169 891 1217 928 seu
1231 875 1398 944 quibusnam
1419 889 1454 928 ex
1473 873 1519 929 de-

422 979 505 1035 lictis.
518 1009 552 1024 -
566 983 627 1037 259.
647 983 712 1038 lude
731 983 888 1054 quaesitum
902 984 956 1036 suit
975 999 1011 1036 au
1030 983 1084 1036 ista
1098 981 1293 1050 irregularitas
1309 983 1347 1036 sit
1365 999 1400 1036 ex
1413 983 1519 1036 delicto

422 1087 467 1142 vel
486 1105 523 1144 ea
541 1091 663 1160 defectu.
677 1120 710 1130 -
722 1091 784 1146 260.
802 1091 874 1152 Quia
892 1090 1005 1144 dubium
1025 1094 1069 1144 est
1086 1106 1122 1144 an
1142 1107 1179 1144 aa
1196 1090 1299 1144 delicto
1318 1089 1431 1144 occulto
1450 1089 1518 1143 irre-

422 1191 560 1262 gularitas
571 1194 688 1259 oriatur,
699 1194 851 1264 Episcopus
863 1195 1004 1264 dispensat
1017 1195 1054 1248 ad
1068 1194 1214 1250 cautelam.
1225 1223 1261 1235 -
1271 1194 1331 1248 261.
1347 1194 1386 1248 De
1398 1195 1516 1264 infantia

422 1291 506 1372 sacti3
525 1302 636 1373 qnando
655 1303 724 1358 heac
743 1303 910 1357 incurratur.
929 1331 965 1345 -
984 1305 1044 1356 262.
1065 1302 1207 1364 Quomodo
1226 1301 1351 1356 tollatur.

423 1569 499 1636 250.
525 1569 671 1642 Infamia,
696 1571 743 1636 uti
766 1572 869 1656 ipsum
893 1569 1085 1636 vocabulum
1109 1578 1212 1642 sonat,
1228 1565 1391 1654 significat
1413 1568 1519 1634 bonae

335 1694 441 1761 lamae
463 1697 695 1780 privationem;
719 1701 752 1760 et
775 1696 862 1760 lama
884 1715 966 1779 quae
989 1695 1132 1781 pertinet
1153 1693 1194 1760 ad
1218 1699 1336 1760 statum
1361 1713 1515 1779 persona·

334 1841 407 1886 rum
431 1818 487 1906 (1),
518 1839 539 1884 a
571 1819 744 1887 Galistrato
775 1821 807 1884 in
838 1821 858 1885 l.
884 1821 918 1892 5,
947 1821 1019 1902 51,
1042 1821 1078 1904 ff.
1103 1819 1154 1884 De
1184 1817 1362 1886 extraord.
1393 1817 1516 1903 capitit,

334 1949 425 2010 recte
447 1943 599 2011 delinitur
625 1945 808 2018 «illaesae
831 1945 1006 2031 dipsitatis
1027 1949 1136 2010 status
1158 1943 1286 2030 tepidus
1310 1949 1341 2008 et
1365 1941 1516 2009 moribus

333 2067 573 2154 comprobatus
586 2091 615 2133 a.
634 2068 725 2136 Unde
738 2068 916 2152 deducitur,
929 2069 1093 2134 infamiam
1111 2069 1288 2154 importare
1304 2067 1400 2133 huius
1416 2073 1514 2132 status

334 2193 509 2258 laesionem
532 2191 584 2257 vel
608 2191 860 2256 diminutionem.
878 2192 922 2258 nt
945 2192 1005 2257 iste
1029 2197 1130 2256 status
1154 2190 1320 2276 dignitatis
1339 2190 1447 2275 prouti
1463 2190 1515 2254 hic
1630 2243 1631 2282 ᾗ

335 2316 568 2392 consideratur,
593 2319 745 2383 nimirum
761 2316 886 2402 legibus
910 2322 943 2381 et
966 2317 1108 2382 moribus
1132 2315 1367 2402 comprobatus,
1385 2321 1435 2380 est
1457 2316 1514 2400 ipsi

334 2441 455 2506 homini
471 2442 691 2518 emtrinsemts
709 2447 866 2526 quatenns
882 2442 1026 2506 consistit
1049 2443 1081 2506 in
1097 2441 1319 2506 aestimatione
1339 2439 1513 2504 hominum.

335 2565 420 2630 Sane
441 2565 540 2649 fama
564 2565 681 2630 dicitur
704 2571 737 2630 et
759 2572 808 2631 est
832 2565 921 2632 bona
952 2565 1128 2632 hominnm
1158 2565 1374 2638 existimatio,
1404 2569 1436 2629 et
1462 2564 1512 2628 in-

333 2686 445 2788 famia
467 2693 516 2754 est
539 2688 631 2752 mata
655 2688 831 2754 hominum
854 2689 1070 2762 existimatio,
1092 2707 1154 2772 qno
1177 2708 1272 2753 sensu
1289 2687 1455 2773 Ulpianus,
1479 2688 1515 2750 in

334 2813 356 2878 l.
372 2812 408 2882 2,
425 2813 447 2894 ἓ
461 2812 497 2885 2,
513 2813 548 2896 ff.
566 2811 620 2877 De
636 2811 687 2877 bis
702 2813 761 2898 qui
776 2819 941 2880 notantur
960 2813 1117 2896 infamia,
1135 2814 1237 2888 docet,
1255 2813 1431 2894 infamiam,
1448 2814 1512 2878 emi·

333 2937 560 3004 stimationem
585 2937 729 3004 laedere.
755 2937 846 3012 Quod
870 2938 981 3003 sedulo
1005 2937 1130 3004 adverti
1158 2937 1262 3004 debet.
1288 2939 1408 3023 Snapte
1432 2939 1513 3003 enim

336 3065 455 3129 natura
470 3064 607 3142 crimina
622 3062 827 3147 subsequitur
842 3063 988 3138 infamia;
1006 3083 1069 3128 non
1086 3064 1170 3129 enim
1183 3069 1288 3148 potest
1303 3063 1386 3129 beno
1403 3061 1514 3128 andire

335 3185 506 3250 criminum
538 3189 694 3271 patrator,
727 3190 759 3250 et
789 3185 852 3250 hoc
883 3187 1030 3250 consistit
1057 3186 1090 3250 in
1115 3183 1207 3266 facto
1238 3205 1300 3269 quo
1331 3187 1515 3251 continetur

335 3311 461 3376 sanctio
484 3311 573 3394 quasi
595 3311 752 3376 naturalis
775 3311 1004 3396 cuiuscumque
1028 3311 1182 3375 criminis.
1520 3305 1523 3314 '

425 3433 502 3500 251.
527 3435 652 3499 Verum
677 3435 809 3506 intanta
832 3436 928 3500 etiam
951 3455 1014 3520 qua
1038 3434 1230 3501 estfactum
1254 3435 1415 3510 naturale,
1440 3433 1515 3500 indi·

335 3565 403 3626 tum
424 3541 542 3625 morali
565 3563 726 3626 actionum
743 3563 952 3647 imputationi,
970 3559 1147 3626 secumlert
1161 3559 1347 3628 iuridimm
1367 3557 1514 3626 ellectum

336 3684 432 3749 statui
464 3702 676 3767 personarum
708 3685 946 3758 intrinsecum,
978 3685 1129 3749 nimirum
1158 3683 1304 3748 diminuit
1334 3684 1513 3748 naturalem

337 3807 547 3890 capacitatem
563 3804 603 3870 ad
619 3807 728 3871 munia
740 3805 879 3890 publica,
892 3804 1016 3870 scilieet
1028 3805 1106 3872 lacit
1118 3805 1311 3870 naturaliter
1322 3805 1512 3892 indignum,

337 3949 433 4016 quam
456 3929 695 4016 iadipaitatem
721 3930 810 4015 leges
841 3931 998 4014 positivae
1028 3949 1130 4014 aeque
1161 3937 1410 4015 recognoscunt.
1435 3929 1513 4004 Quo·
1626 3911 1627 3995 t

428 4123 467 4196 (l)
486 4123 557 4178 Hinc
576 4140 665 4194 poena
684 4123 823 4188 infamiae,
843 4123 884 4176 ait
896 4121 1062 4186 Thesaurus,
1082 4122 1113 4193 (l,
1126 4121 1161 4176 33
1175 4123 1233 4193 lin.)
1251 4135 1339 4177 «aaa
1354 4131 1445 4190 potest
1463 4123 1513 4172 im·

337 4231 458 4287 mediare
476 4232 582 4302 imponi
600 4249 616 4284 a
635 4240 735 4284 statuto
755 4229 911 4299 superioris
935 4246 990 4283 non
1014 4231 1138 4284 haberitis
1163 4231 1207 4282 ius
1230 4230 1359 4300 supremi
1376 4229 1511 4298 Ptina'pis

337 4354 426 4394 neone
444 4339 541 4392 induci
559 4347 758 4408 comaquenter
777 4354 813 4392 ex
830 4353 937 4406 ponere
954 4339 1117 4407 poenaeue
1137 4340 1196 4408 r'pso
1217 4345 1338 4392 statutae
1351 4351 1377 4394 a.
1397 4336 1436 4390 Cf.
1454 4349 1508 4402 sup.

338 4462 365 4498 n.
388 4445 447 4500 162.
