3108 5100
442 311 485 355 us
510 309 663 354 uncrcris
688 309 729 354 ur
753 309 872 354 Poenis
1176 285 1244 352 237

81 441 151 504 dare
174 438 366 502 dimissorias
389 435 429 500 ad
453 435 591 508 ordines,
618 437 731 502 Utrum
761 435 922 520 parochus
953 435 1048 519 etiam
1072 455 1091 500 a
1114 435 1242 500 iurisdi-

81 566 177 629 ctione
200 581 370 648 suspensus
394 563 492 646 possit
515 560 743 626 administrare
768 559 947 630 Viaticum,
972 565 1150 649 extremam
1176 561 1241 626 Un-

78 693 206 756 ctionem
231 697 263 756 et
284 691 348 756 alia
372 688 563 754 huiusmodi.
590 686 797 760 D'Aunihale,
816 688 853 770 (Ι,
872 689 946 760 380,
965 693 1027 752 not.
1050 687 1102 772 13)
1123 693 1241 757 censet,

78 816 155 878 hanc
178 815 321 900 reguiam
345 813 556 878 invocandam
574 831 654 894 esse,
671 831 786 898 nempe
810 813 1052 896 suspensionem
1069 811 1242 878 aiurisdi-

77 941 177 1006 ctione
200 940 313 1025 opponi
338 940 538 1024 suspensioni
562 938 605 1004 ab
628 939 746 1023 officio,
771 938 814 1004 ab
838 939 967 1020 ordine,
992 959 1107 1024 nempe
1130 959 1152 1004 a
1175 939 1241 1004 mi-

75 1064 227 1146 nisteri05
251 1063 334 1128 unde
366 1064 516 1148 opinatur
539 1061 687 1127 interdici
719 1063 937 1130 tantummodo
967 1068 1058 1128 actus
1089 1064 1142 1146 qui
1173 1065 1242 1128 sine

76 1188 288 1253 iurisdictione
317 1188 430 1254 valide
460 1189 534 1273 poni
567 1207 630 1252 non
663 1195 803 1272 possunt,
829 1209 892 1252 non
925 1189 1004 1254 alios
1035 1191 1088 1272 qui
1118 1193 1241 1254 tantum

75 1315 179 1380 itiicite
201 1315 322 1399 absque
345 1315 565 1380 iurisdictione
595 1319 766 1398 ponuntur.
792 1315 953 1380 Videlicet
979 1315 1122 1400 parocho
1146 1316 1241 1380 inter-

73 1437 193 1510 dicitur,
211 1459 322 1504 sacras
345 1437 457 1502 audire
475 1437 701 1517 confessiones,
719 1440 845 1523 nuptias
866 1437 1049 1513 celebrare;
1075 1437 1130 1502 sed
1147 1439 1176 1502 ei
1193 1438 1242 1502 fas

71 1570 116 1628 est
144 1565 371 1630 administrare
403 1565 583 1634 Viaticum,
609 1569 788 1629 extremam
822 1564 1027 1630 Unctionem,
1054 1571 1086 1630 et
1117 1563 1179 1628 alia
1211 1563 1241 1628 id

71 1709 176 1770 genus.
202 1725 220 1736 -
248 1687 400 1762 Quamvis
424 1707 592 1753 versemur
616 1691 647 1752 in
672 1687 797 1760 odiosis,
822 1687 907 1752 unde
930 1689 1061 1752 strictae
1083 1690 1240 1774 interpre-

70 1815 176 1877 tationi
201 1813 429 1899 indulgendum
454 1819 512 1887 est,
537 1815 638 1880 nihilo
662 1815 766 1880 secius
782 1815 871 1898 sequi
895 1834 958 1878 non
982 1835 1149 1900 possumus
1168 1835 1241 1880 sen-

69 1942 195 2004 tentiam
222 1942 261 2005 cl.
285 1943 433 2006 Doctoris
456 1944 530 2025 quia
553 1942 658 2007 obstat
681 1943 792 2006 obvius
816 1947 989 2027 conceptus
1014 1942 1241 2008 iurisdictionis

68 2065 134 2128 iure
158 2085 231 2130 can.
257 2065 432 2152 adoptatus,
458 2068 674 2153 complectens
698 2073 886 2151 potestatem
908 2067 1032 2133 cuidam
1057 2065 1163 2132 officio
1187 2068 1240 2133 ad-

66 2211 199 2268 nexam3
226 2193 310 2258 unde
333 2193 468 2258 dicimus
492 2193 666 2278 parochum
684 2213 842 2258 exercere
859 2191 999 2258 officium
1024 2194 1241 2259 ordinarium

66 2321 118 2382 aut
132 2319 405 2385 iurisdietionem
425 2319 651 2384 ordinarium.
678 2319 718 2382 Et
744 2319 806 2383 hoc
831 2323 921 2383 notat
944 2320 1011 2403 ipse
1032 2317 1241 2402 D'Annibale‚

66 2442 101 2524 (Ι,
119 2445 186 2530 71),
204 2447 305 2518 aiens,
324 2445 515 2510 vocabulum
533 2445 776 2510 iurisdictionis:
796 2446 902 2510 «iure
918 2446 1080 2512 canonico
1098 2452 1129 2511 et
1145 2447 1242 2514 bodie

62 2569 162 2636 etium
187 2571 280 2636 minti
303 2572 463 2636 tutunme
486 2577 662 2654 acceptum
685 2577 732 2636 est
750 2594 777 2635 s.
804 2571 850 2636 uf.
879 2571 911 2636 V.
930 2573 957 2652 I,
978 2591 1012 2636 n.
1039 2572 1087 2635 42
1108 2592 1158 2656 sq.

150 2691 324 2776 Sequimur
347 2695 539 2758 sententiam
560 2689 690 2763 Suarez,
713 2694 840 2768 XXVI,
859 2693 890 2776 4,
913 2695 964 2774 19,
989 2697 1040 2778 qui
1066 2694 1160 2760 docet
1183 2713 1242 2779 per

59 2820 319 2900 suspensionem
343 2839 364 2882 a
393 2819 626 2886 iurisdictione
657 2819 821 2904 prohiberi
854 2826 944 2884 actus
975 2823 1028 2904 qui
1061 2820 1241 2884 omnimode

59 2963 148 3007 suam
175 2946 243 3008 vim
268 2942 438 3009 desumunt
461 2965 481 3008 a
505 2943 732 3016 iurisdictione,
756 2963 817 3009 nec
842 2964 905 3007 non
930 2949 1020 3008 actus
1044 2943 1165 3008 ordinis
1189 2947 1240 3028 qui

60 3069 235 3149 requirunt
258 3067 510 3132 iurisdictionem
535 3071 586 3134 vel
611 3075 645 3134 ut
661 3069 766 3134 valide
782 3070 832 3133 vei
851 3074 884 3133 ut
899 3069 987 3134 licite
1003 3067 1098 3132 fiant:
1119 3090 1136 3130 ‹<
1154 3073 1183 3134 et
1199 3068 1242 3134 ub

57 3192 108 3256 his
132 3193 356 3278 (prosequitur
380 3194 509 3275 Saurea,
528 3197 547 3260 t.
566 3195 605 3279 c.)
623 3201 737 3260 ruanet
761 3195 837 3280 quis
850 3194 1041 3276 prohibitus
1056 3215 1123 3277 per
1139 3197 1241 3260 tutem

53 3319 319 3401 suspensionem
332 3339 397 3403 per
412 3321 600 3406 quamdam
617 3321 884 3387 consecutionem
903 3339 973 3386 non
991 3327 1104 3402 tumen
1124 3323 1240 3388 eodeni

55 3445 159 3510 modo
184 3443 246 3510 sed
269 3465 348 3549 cum
366 3445 597 3528 proportione.
622 3447 682 3511 Ubi
705 3446 795 3512 enim
819 3445 1006 3512 iurisdictio
1030 3451 1077 3510 est
1101 3446 1142 3510 de
1162 3446 1239 3513 sub-

52 3571 185 3636 stantia
212 3577 315 3654 uetus,
340 3577 376 3637 ut
400 3577 450 3637 est
470 3573 507 3636 in
530 3574 603 3638 solu
626 3571 836 3639 absolutione
862 3573 1120 3652 sacramentali,
1147 3578 1241 3639 actus

51 3695 119 3762 erit
143 3698 297 3762 nultus...
331 3695 395 3785 Ubi
418 3703 533 3763 autem
562 3699 667 3780 fuerit
698 3699 886 3765 iurisdictio
920 3699 961 3764 de
992 3699 1119 3763 iustitia
1146 3703 1241 3764 actus

50 3817 105 3904 (ut
126 3819 181 3886 sic
207 3819 333 3906 dicum)
357 3822 421 3887 erit
442 3823 631 3904 prohibitus
653 3844 696 3890 ne
720 3825 807 3890 licite
827 3826 895 3910 fiut.
911 3824 1025 3908 factius
1050 3829 1165 3889 tumen
1185 3845 1241 3891 uu-

48 3947 144 4010 tidus
170 3947 247 4011 erit.
274 3946 330 4012 Sic
349 3947 503 4030 peccabit
521 3949 695 4031 parochus
723 3969 906 4032 suspensus
930 3949 1098 4034 quaelibet
1129 3969 1242 4032 spcru

47 4077 173 4138 menta
200 4071 428 4139 ministrando
451 4073 536 4138 suis·
553 4073 669 4140 ouibus
692 4079 729 4138 ut
751 4074 951 4140 ordinarius
976 4079 1097 4157 pastor
1121 4079 1180 4137 etc.
1210 4095 1240 4137 s.

173 4196 249 4262 160.
275 4195 406 4282 Species
431 4201 576 4283 partialis
600 4202 816 4285 suspensionis
834 4221 892 4285 pro
909 4200 1101 4284 pollentibus
1125 4198 1241 4262 ordine

45 4321 247 4406 Episcopaii
271 4328 361 4398 sunt;
388 4324 565 4406 suspensio
589 4324 632 4389 ub
656 4324 776 4390 ordine
800 4324 987 4410 pontificati
1011 4331 1042 4388 et
1065 4324 1241 4405 suspensio

40 4449 89 4516 ub
122 4469 198 4516 usuc
226 4449 473 4536 pontificalium
496 4471 552 4516 seu
580 4471 602 4516 a
621 4451 882 4539 pontificatibus.
908 4452 1023 4517 Altera
1055 4454 1098 4515 ita
1126 4450 1237 4515 distin-
