3296 5108
301 284 374 349 404.
827 304 909 350 raas
934 304 956 350 1.

302 431 388 491 ctum
412 432 460 492 est
483 427 651 510 quominus
681 427 882 512 chirurgiam
913 431 1090 490 exerceant
1120 425 1300 492 adterendo
1331 433 1364 492 et
1392 427 1483 492 inci-

301 549 430 628 deodo;
454 570 524 636 arg.
549 571 575 616 c.
602 571 627 617 c.
647 551 678 622 7,
703 550 753 616 De
776 555 838 615 ael.
863 556 894 614 et
917 550 1033 634 qualit.
1059 551 1132 617 ord.
1154 551 1189 614 X
1209 547 1247 635 (1,
1277 551 1346 634 ΙΙ);
1371 551 1402 631 9,
1426 552 1489 616 h'e

301 675 415 740 clerici
437 675 489 740 nel
513 675 671 740 monachi
694 675 727 738 X
749 673 822 758 (ΙΙΙ,
848 675 922 758 50);
953 675 1003 746 19,
1032 673 1063 738 h.
1092 679 1112 740 t.
1138 672 1177 736 X.
1204 709 1221 722 -
1248 675 1356 749 Quare
1380 677 1406 739 si
1430 677 1483 739 ilo

301 799 501 885 chirurgiam
532 800 583 864 isti
608 799 728 863 faciant
751 805 783 864 et
806 797 952 863 infirmus
979 801 1098 863 incisus
1122 804 1177 864 aut
1203 798 1334 864 adustus
1366 803 1486 864 moria-

299 931 363 1000 tur,
390 925 589 1010 irregulares
616 929 692 991 sunt
722 926 868 1008 quamvis
898 926 995 1010 periti
1026 925 1150 990 luerint
1178 933 1210 991 et
1236 945 1362 990 omnem
1392 926 1485 990 adhi·

299 1047 430 1113 buerint
457 1049 695 1133 diligentiam·
717 1047 860 1112 Proinde
891 1049 952 1112 hac
982 1047 1056 1133 lege
1087 1067 1151 1112 non
1181 1053 1335 1113 tenentur
1366 1049 1483 1115 clerici

300 1174 336 1238 in
360 1173 549 1241 minoribus
579 1174 744 1238 ordinibus
767 1174 929 1239 constituti
955 1179 987 1238 et
1010 1174 1178 1259 regulares
1201 1175 1256 1256 qui
1278 1195 1339 1240 nec
1367 1195 1487 1242 sacros.

299 1298 429 1364 ordines
453 1305 663 1383 susceperunt
687 1318 791 1382 neque
814 1303 889 1362 vota
905 1303 1130 1383 noncuparunt
1149 1297 1313 1362 solemnia.
1333 1335 1350 1348 -
1370 1300 1479 1364 Ceteri

298 1444 378 1488 vero
402 1423 537 1489 subsunt
559 1425 635 1489 huic
658 1425 722 1508 legi
739 1423 813 1488 dum
830 1423 1029 1508 chirurgiam
1046 1429 1202 1488 exercent
1226 1425 1302 1506 quin
1326 1425 1482 1490 adurent

297 1551 354 1610 aut
375 1546 538 1612 incidant.
1176 1523 1180 1532 ’

389 1671 576 1748 Praeterea,
601 1670 675 1752 quia
698 1675 747 1734 est
769 1669 825 1733 lex
848 1668 998 1740 humana,
1023 1688 1088 1732 non
1112 1667 1232 1754 obligat
1262 1689 1334 1734 cum
1367 1672 1485 1755 gravis

298 1796 393 1875 urget
415 1793 608 1862 necessitas.
637 1791 716 1856 adeo
744 1797 779 1856 ut
807 1791 869 1855 hac
892 1789 1023 1855 adactus
1048 1790 1187 1854 clericus
1211 1791 1263 1854 uel
1286 1793 1479 1865 monachus,

297 1916 427 1982 aliunde
450 1918 581 2002 peritus,
614 1923 646 1981 et
669 1917 760 2001 gravi
786 1915 969 1980 necessitati
993 1921 1025 1979 et
1048 1915 1159 1999 pietati
1186 1916 1343 1990 consulat,
1369 1937 1479 2000 quum,

296 2040 466 2108 deliciante
489 2041 653 2127 chirurgo,
671 2061 762 2126 opem
788 2039 922 2106 exhibet
941 2039 1105 2105 adurendo
1121 2045 1153 2104 et
1169 2025 1350 2122 incidendo,
1371 2061 1485 2126 neque

297 2165 332 2231 fit
355 2168 547 2264 irregularis
570 2170 596 2232 si
620 2173 772 2252 aegrotus
789 2171 860 2250 post
882 2166 1081 2229 adustionem
1105 2172 1160 2230 aut
1180 2167 1369 2230 incisionem
1387 2166 1481 2231 dece·

297 2292 359 2358 dat.
378 2296 489 2358 -Item
514 2299 657 2378 praestat
681 2293 836 2356 indultum
854 2291 1073 2375 apostolieum
1097 2289 1183 2374 quod
1206 2291 1311 2376 legem
1336 2292 1478 2357 relaxat.

387 2413 577 2478 Huiusmodi
601 2414 836 2499 irregularitas,
859 2413 963 2496 prouti
987 2417 1178 2476 constater
1202 2411 1304 2486 dictis,
1326 2415 1486 2497 provenit

295 2558 338 2602 ex
354 2539 588 2622 quari-delicto
605 2560 661 2603 seu
686 2560 728 2603 ex
752 2539 846 2622 culpa
870 2543 1005 2602 externe
1029 2538 1120 2621 gravi
1139 2538 1196 2601 etsi
1215 2534 1341 2602 deficiat
1365 2539 1481 2623 gravis

295 2660 390 2746 culpa
413 2661 595 2746 theologica
615 2664 688 2745 quia
712 2664 756 2726 uti
780 2661 921 2726 aduertit
947 2634 1021 2741 cap.
1048 2661 1092 2724 19
1115 2660 1167 2724 cit.
1195 2679 1212 2720 a
1239 2659 1372 2724 multum
1396 2661 1480 2726 deli-

294 2785 406 2868 querit
431 2783 630 2868 (monachus)
646 2785 784 2851 officium
808 2785 946 2848 alienum
964 2783 1149 2868 usurpando
1173 2783 1257 2866 quod
1276 2784 1322 2848 illi
1343 2786 1476 2850 minime

294 2908 495 2993 congruebat
518 2931 549 2986 »;
574 2911 719 2994 equidem
748 2911 849 2990 culpo
873 2913 921 2973 ert
943 2907 1133 2972 immiscere
1156 2926 1191 2971 se
1216 2909 1263 2971 rei
1286 2908 1327 2973 ad
1351 2927 1386 2973 se
1409 2929 1476 2972 non

294 3035 484 3116 pertinenti3
510 3055 551 3100 ex
574 3037 636 3120 leg.
662 3035 704 3100 37
729 3031 759 3098 il.
785 3034 827 3098 cle
850 3051 920 3118 reg.
947 3033 1011 3096 ior.
1037 3031 1086 3096 Ad
1111 3051 1180 3098 rem
1204 3033 1249 3096 ait
1274 3031 1477 3098 D'Annihale

294 3157 332 3240 (l,
359 3157 439 3238 428)
466 3183 483 3222 c
508 3159 603 3226 Haec
626 3159 865 3246 irregularitas
894 3177 963 3223 ooo
994 3157 1106 3223 oritur
1128 3177 1174 3223 eor
1197 3158 1317 3224 delicto
1344 3179 1407 3224 aec
1429 3179 1480 3224 ar·

293 3278 429 3360 defectu
452 3282 512 3346 red
538 3301 583 3347 ero
607 3283 708 3364 culpo
731 3279 852 3346 ciuili»
874 3297 987 3363 nempe
1017 3277 1117 3362 praei
1144 3283 1301 3360 casterno,
1328 3279 1385 3343 sed
1412 3280 1473 3344 cla-

294 3403 362 3466 rius
386 3423 476 3466 suam
500 3411 638 3470 mentem
663 3404 875 3489 expressisset
898 3401 923 3464 si
949 3398 1082 3462 dixisset
1105 3418 1150 3464 eor
1173 3400 1419 3483 quasi-delicto.

386 3527 531 3594 Clericus
554 3551 634 3594 vero
657 3532 690 3593 in
714 3525 901 3592 rniaoribur
933 3525 1128 3588 constitutus
1152 3529 1207 3590 aut
1230 3525 1332 3589 laicus
1356 3528 1383 3589 si
1407 3527 1475 3590 chi-

293 3653 441 3736 rurgiam
463 3662 619 3720 exerceat
634 3662 666 3720 et
683 3675 724 3719 ex
740 3652 839 3739 praui
854 3649 925 3716 eius
941 3651 1043 3732 culpa
1057 3651 1183 3734 aegroti
1203 3671 1289 3716 mors
1307 3659 1470 3736 sequatur,

293 3776 458 3841 contrahit
480 3779 756 3864 irregularitatem
780 3795 825 3841 eea
848 3773 947 3858 quati
963 3773 1093 3856 delicte,
1110 3773 1149 3838 ob
1165 3775 1357 3860 principium
1377 3796 1473 3861 gene-

292 3901 367 3966 rale
389 3897 543 3970 traditum
567 3925 674 3988 capro
697 3925 729 3970 o.
755 3903 824 3968 311.
