3290 5100
532 271 576 317 ou
600 269 755 318 cauieris
779 270 821 318 ar
846 269 965 318 roams
1272 251 1338 318 463

249 391 335 458 Aer.
350 391 411 458 28:
440 391 626 475 ‹Empedit
643 397 681 458 ut
695 392 733 456 ia
751 410 945 476 pravorum
968 390 1135 458 librorum
1151 391 1338 458 denuncia-

158 515 249 584 tione
271 537 342 586 aon
356 519 467 585 sotum
483 517 562 584 libri
582 517 698 584 titulos
713 517 893 592 indicetur,
913 517 974 583 sed
996 517 1108 592 etiam,
1125 515 1241 602 quoad
1263 516 1338 601 fiai

153 645 275 724 potest,
289 659 413 708 causac
429 647 651 724 deponantur
665 640 706 708 ob
722 659 811 726 quas
825 638 909 706 tiber
925 658 1071 716 censura
1085 639 1211 725 dipous
1226 638 1338 704 occisti-

158 773 285 832 matur.
308 766 374 834 Hic
389 773 503 834 autem
520 768 567 834 ad
582 787 667 852 quos
682 765 897 834 denunciatio
914 766 1070 848 defertur
1087 771 1244 832 sanctum
1264 766 1337 848 erit,

159 891 441 960 mundantium
463 892 606 960 aomina
628 897 758 958 secreto
780 910 919 958 sanare
935 913 966 956 ».

249 1016 325 1083 385.
350 1016 393 1081 lli
416 1017 545 1082 articuli
568 1017 602 1081 in
625 1015 791 1082 veteribus
809 1015 942 1101 Regulis
962 1014 1082 1081 Indicis
1105 1034 1170 1080 non
1193 1016 1338 1080 contine-

160 1139 296 1218 bantur;
320 1143 521 1229 prospiciunt
551 1143 636 1208 enim
667 1143 759 1207 novis
788 1161 871 1228 pene
903 1161 1013 1208 rerum
1041 1139 1208 1208 adiunctis.
1233 1139 1339 1206 Hodie
1370 1192 1371 1196 η

159 1267 246 1332 enim
262 1267 416 1333 colluvies
431 1267 589 1332 librorum
606 1267 707 1352 magis
725 1266 759 1332 in
774 1266 842 1333 dies
858 1287 917 1352 per
932 1267 1045 1334 orbem
1061 1265 1223 1340 dilabitur,
1237 1286 1339 1351 quare

160 1409 294 1458 necesse
317 1395 423 1456 estut
446 1391 587 1456 omnium
611 1389 752 1457 fidelium
776 1390 956 1457 sollicitudo
980 1397 1012 1456 et
1042 1391 1182 1456 maxime
1208 1391 1338 1456 illorum

159 1512 214 1596 qui
228 1510 323 1576 laude
338 1517 504 1597 praestant
520 1510 696 1584 doctrinae,
711 1513 745 1577 in
760 1512 872 1598 primis
885 1512 1062 1578 Rectorum
1075 1512 1336 1587 Universitatum,

160 1636 323 1722 suppetias
345 1636 459 1708 ferret,
484 1655 544 1720 per
566 1634 831 1701 denunciationes
854 1633 1012 1702 librorum
1035 1653 1220 1721 pravorum,
1245 1634 1339 1702 Ordi-

160 1757 260 1824 nariis
274 1759 420 1824 locorum
437 1763 470 1824 et
486 1759 615 1844 Legatis
631 1757 662 1824 S.
680 1755 779 1832 Sedis,
805 1777 848 1822 ex
863 1756 969 1823 officio
985 1777 1052 1840 suo,
1069 1756 1223 1823 excubias
1238 1777 1338 1844 agen-

159 1880 244 1950 tibus
259 1902 357 1967 super
372 1881 489 1968 populo
504 1881 681 1948 christiano
705 1886 741 1948 ut
762 1879 803 1946 ab
819 1901 857 1947 eo
874 1887 1105 1949 removeantur
1120 1882 1338 1966 pestilentium

159 2005 318 2074 librorum
341 2010 440 2074 noxia
462 2027 590 2095 pascua.

249 2132 437 2209 Quaestioni
459 2154 539 2199 vero
562 2154 604 2200 an
627 2153 729 2221 grave
752 2135 828 2200 insit
851 2153 931 2200 onus
954 2133 1094 2200 faciendi
1122 2132 1339 2200 denunciatio

159 2276 243 2340 nam,
259 2258 364 2324 facilis
380 2264 428 2325 est
444 2260 624 2344 responsio.
638 2257 904 2344 Quandoquidem
921 2259 967 2324 illi
983 2259 1037 2343 qui
1052 2263 1208 2344 praesunt
1221 2259 1338 2344 populo

158 2382 336 2450 christiano
359 2389 515 2450 tenentur
535 2404 582 2452 em
605 2384 713 2470 officio
736 2403 808 2458 auo,
833 2383 993 2470 simplices
1017 2381 1129 2450 fideles
1151 2388 1275 2448 tantum
1296 2403 1339 2450 ex

159 2509 335 2591 charitate,
358 2530 440 2595 quae
464 2512 630 2578 tamenin
654 2513 753 2577 certis
776 2532 888 2578 rerum
914 2510 1073 2576 adiunctis
1095 2510 1216 2597 obligat
1242 2511 1338 2576 etiam

159 2629 217 2696 sub
241 2633 344 2717 gravi,
368 2634 476 2719 prouti
499 2631 617 2698 docent
638 2632 806 2719 Theolcgi.

249 2755 364 2823 Modus
376 2761 483 2823 autem
500 2757 669 2824 faciendae
684 2756 950 2832 denunciationis,
967 2759 1019 2823 cui
1035 2757 1190 2843 prospicit
1201 2763 1266 2824 art.
1278 2758 1337 2833 28,

158 2881 210 2943 est
231 2879 362 2944 omnino
382 2878 529 2965 simplex,
553 2884 587 2945 ct
609 2898 669 2965 per
692 2899 737 2961 se,
762 2879 842 2944 nulli
869 2884 980 2945 certae
1006 2877 1140 2965 regulae
1169 2877 1337 2945 obnoxius.

159 2999 286 3068 Verum
317 3002 448 3088 expedit
476 3005 661 3089 exprimere
693 3022 808 3069 causas
838 3003 1095 3070 denunciationis
1122 3009 1157 3069 ut
1183 3003 1340 3089 probetur

158 3127 285 3193 animus
308 3126 534 3194 denunciantis
558 3135 590 3194 et
613 3130 696 3195 ratio
719 3129 987 3195 denunciationis.
1013 3163 1031 3178 ·
1056 3129 1135 3196 Cum
1158 3128 1267 3195 libello
1283 3129 1338 3196 de-

159 3251 375 3317 nunciationis
399 3256 543 3337 praestat
565 3253 696 3319 mittere
718 3252 887 3338 exemplar
910 3252 987 3319 libri
1009 3251 1203 3319 denunciati.

249 3376 462 3442 Donunciatio
485 3376 521 3442 flt
543 3378 597 3443 vel
620 3377 705 3463 apud
733 3377 926 3445 Ordinarios
956 3378 1102 3445 locorum
1125 3378 1179 3444 vel
1202 3379 1339 3446 mittitur

158 3496 202 3562 ad
224 3497 255 3564 S.
282 3495 386 3584 (long.
411 3499 541 3582 Indicis,
565 3501 621 3568 sed
645 3500 717 3568 dari
740 3507 846 3589 potest
868 3503 965 3567 etiam
989 3501 1028 3567 ad
1052 3501 1083 3569 S.
1109 3500 1259 3570 Officium
1283 3507 1339 3568 aut
1412 3593 1417 3602 1

158 3621 201 3687 ad
212 3621 312 3710 (long.
327 3623 535 3711 Negotiorum
549 3603 896 3692 Extraordinariorum
907 3627 1045 3702 Ecclea,
1062 3628 1088 3693 si
1104 3647 1183 3713 opus
1198 3625 1340 3694 offendat

160 3748 359 3832 potissimum
381 3751 541 3836 principia
567 3752 647 3817 iuris
673 3750 793 3839 publici
823 3752 1044 3820 ecclesiastici.
1068 3752 1120 3818 Ad
1147 3751 1234 3818 hanc
1257 3753 1338 3818 Gon·

160 3874 386 3958 gregationem
416 3880 525 3942 autem
556 3881 589 3942 et
612 3875 652 3942 ad
675 3876 794 3963 Cougr.
820 3875 860 3942 de
884 3877 1027 3963 Propag.
1051 3875 1119 3942 Fid.
1144 3878 1338 3950 recurritur,

158 3994 260 4061 veluti
285 3995 326 4062 ad
352 3997 452 4083 (long.
468 4001 644 4086 propriam,
662 4019 722 4086 pro
738 3999 925 4086 regionibus
941 4018 1024 4084 quae
1044 4000 1130 4085 ipsis,
1149 4001 1338 4085 respective,

157 4123 234 4186 sunt
256 4119 432 4190 subiectae.
455 4125 499 4190 At
526 4124 688 4211 simplices
711 4122 823 4190 fideles
851 4123 979 4192 facilius
1001 4123 1227 4210 obtemperant
1248 4143 1340 4211 prae·

156 4247 262 4329 cepto,
287 4245 314 4312 si
337 4266 408 4312 rem
431 4246 582 4314 delerant
604 4248 644 4314 ad
668 4247 855 4335 Episcopos.
881 4249 929 4316 Ol.
953 4248 1029 4315 Vol.
1052 4249 1096 4322 Il,
1120 4267 1153 4314 n.
1173 4246 1244 4323 129,
1262 4247 1337 4315 264.

256 4369 332 4436 386.
364 4372 449 4438 Aur.
480 4373 542 4440 29:
576 4372 815 4449 ‹Ordiaorii,
847 4373 950 4440 etiam
986 4378 1163 4458 tamquam
1194 4372 1340 4461 detepuit
