3266 5102
287 254 350 320 106
809 271 894 319 rues
918 272 940 318 1.

283 397 347 462 hae
371 415 494 482 poenae
517 397 581 462 sint
604 395 879 478 conventionales,
904 394 1063 480 siquidem
1086 392 1278 460 subaudiunt
1290 394 1475 478 pactionem

283 522 324 587 ab
349 542 386 587 eo
410 523 521 588 initam
545 522 598 604 qui
629 522 806 606 suscipiens
830 519 969 586 officium
1003 519 1173 604 spopondit
1195 539 1295 584 onera
1319 538 1475 593 servare;

284 653 317 712 et
329 644 530 711 D‘Annibale
543 643 581 731 (Ι.
596 646 656 711 30]
675 651 740 710 not.
755 645 798 731 9),
812 648 973 731 opinatur,
987 644 1167 710 huiusmodi
1180 665 1300 730 poenas
1313 665 1384 710 esse
1397 663 1477 708 con-

284 771 496 852 ventionales,
514 769 570 835 sed
594 771 709 835 melius
734 771 840 856 placet
862 769 1024 836 sententia
1048 770 1168 834 Suarez
1191 767 1246 835 De
1262 771 1324 855 lep.
1350 769 1419 834 Vc.
1438 768 1474 842 8,

284 916 319 960 a.
337 895 368 964 8.
386 895 553 980 probantis
570 895 630 960 has
644 896 842 979 privationes
854 915 925 959 esse
937 914 1058 979 poenas
1074 915 1093 958 a
1110 913 1309 978 quacumque
1326 913 1475 958 conven-

284 1021 373 1086 tione
386 1020 562 1085 disiunctas
578 1019 658 1083 adeo
671 1019 768 1086 uthis
782 1023 956 1084 teneantur
969 1021 1022 1102 qui
1036 1019 1095 1084 has
1112 1021 1274 1104 ignorant,
1292 1023 1323 1082 et
1340 1019 1359 1081 ii
1374 1019 1475 1082 etiam

285 1145 339 1228 qui
362 1141 501 1210 officium
527 1145 731 1227 susceperint
753 1147 829 1208 ente
852 1143 1033 1208 huiusmodi
1058 1143 1147 1227 leges
1172 1142 1402 1229 promulgatas.

375 1267 428 1333 69.
440 1267 753 1368 Qec-iure
764 1268 816 1332 vel
833 1268 873 1332 ab
888 1268 1108 1373 homiaelatq
1116 1265 1336 1352 subdividitur
1351 1267 1475 1351 inpoe-

285 1412 359 1456 nam
374 1391 439 1475 ser.
456 1391 640 1468 sentcntiae
657 1351 1117 1482 eilaf-‘serdente'eefloenae
1132 1391 1197 1475 ser.
1214 1371 1398 1458 sententiae
1414 1409 1475 1454 seu

284 1494 475 1580 inferendae
499 1535 558 1600 per
581 1517 776 1581 sententiam
808 1515 921 1580 iudicis
949 1514 1266 1582 condemnatoriam
1289 1534 1353 1577 non
1377 1513 1474 1577 attin-

285 1644 366 1725 gunt
388 1639 628 1724 delinquentem
652 1641 714 1704 nisi
744 1645 817 1725 post
840 1641 1031 1705 sententiam
1063 1639 1178 1704 iudicis
1205 1638 1411 1703 decernentis
1438 1638 1474 1700 in

285 1765 493 1830 criminosum
517 1766 696 1850 appositam
720 1785 876 1852 poenam;
901 1785 1025 1851 poenae
1048 1785 1127 1829 vero
1161 1765 1250 1830 latae
1276 1763 1473 1834 sententiae,

284 1888 422 1955 admisso
446 1891 599 1962 crimine,
625 1891 749 1960 statim,
774 1892 807 1955 vi
831 1909 905 1961 sua,
935 1889 1174 1973 delinquentem
1204 1892 1326 1952 tenent.
1355 1885 1476 1951 Modus

284 2014 469 2080 ordinarius
501 2021 550 2080 est
573 2022 609 2080 ut
641 2036 746 2100 poena
776 2015 816 2080 sit
845 2015 1011 2098 ferendae
1038 2014 1238 2095 sententiae,
1264 2012 1352 2078 etin
1377 2011 1476 2077 dubio

282 2141 441 2226 praesumi
457 2139 563 2213 debet,
581 2161 716 2225 poenam
732 2159 804 2205 esse
818 2139 983 2222 ferendae
999 2139 1197 2204 sententiae:
1215 2137 1335 2202 Suarez
1353 2173 1370 2184 -
1388 2157 1471 2202 cum

284 2248 458 2314 cornarani
481 2284 497 2294 -
522 2249 542 2312 l.
568 2268 593 2313 c.
621 2267 696 2330 cop.
721 2247 753 2322 6,
778 2268 812 2312 n.
837 2247 872 2310 2.
899 2248 982 2311 Nam
1007 2267 1079 2310 cum
1095 2245 1128 2309 in
1145 2242 1297 2330 patiendo
1318 2245 1476 2310 consistat

283 2389 388 2455 poena
403 2391 461 2434 seu
479 2371 630 2454 importet
645 2370 764 2434 malum
782 2371 942 2454 passionis
957 2369 1086 2455 publica
1101 2369 1292 2434 auctoritate
1316 2366 1474 2432 inflictum

285 2494 325 2560 ob
348 2495 465 2559 malum
489 2496 634 2568 actionis,
660 2497 812 2560 convenit
837 2496 939 2580 magis
964 2495 1055 2559 utin
1080 2514 1157 2559 casu
1182 2493 1341 2580 singulari
1369 2511 1476 2576 poena

284 2619 464 2704 applicetur
487 2617 686 2702 delinquenti
709 2639 769 2704 per
793 2617 934 2682 officium
959 2617 1078 2704 publici
1110 2618 1326 2704 magistratus.
1353 2615 1474 2680 Nihilo-

284 2743 390 2808 minus
406 2743 580 2826 aliquando
596 2743 762 2828 legislator
778 2743 1024 2816 ecclesiasticus,
1038 2741 1078 2806 ad
1094 2740 1311 2807 efficaciorem
1328 2740 1476 2804 criminis

285 2870 547 2953 praeventionem
573 2875 605 2932 et
620 2869 869 2953 repressionem,
887 2865 994 2948 iubet,
1015 2867 1089 2950 ipso
1104 2867 1196 2950 sacto
1214 2887 1272 2931 seu
1287 2865 1395 2929 statim
1412 2864 1476 2928 cri-

284 2995 370 3058 mine
386 2993 532 3068 admisso,
551 3014 642 3058 reum
659 3013 763 3077 poena
775 2993 892 3074 teneri,
907 3012 947 3056 ne
962 2991 1129 3076 delinquat
1140 3011 1211 3056 cum
1226 3011 1281 3076 spe
1298 2987 1474 3074 effugiendi

285 3118 399 3184 iudicis
411 3119 734 3184 animadversionem.
754 3119 795 3183 Et
811 3116 994 3183 huiusmodi
1007 3137 1132 3202 poenae
1145 3136 1223 3201 quas
1237 3117 1305 3200 ipsa
1319 3115 1384 3194 lex,
1402 3115 1475 3179 sine

284 3243 462 3309 ministerio
478 3243 601 3316 iudicis,
619 3243 719 3306 infert
735 3244 768 3307 in
785 3241 1013 3326 delinquentes
1029 3243 1136 3306 stetim
1154 3260 1194 3304 ac
1209 3239 1413 3323 deliquerint,
1427 3237 1475 3302 ite

285 3371 360 3430 sunt
389 3369 541 3452 propriae
565 3367 644 3431 iuris
668 3367 814 3430 canonici
841 3371 875 3432 ut
898 3370 1038 3450 potestas
1063 3365 1167 3429 civilis
1190 3363 1301 3428 iisdem
1326 3360 1474 3426 ferendis

286 3491 379 3574 quasi
401 3493 443 3555 sit
465 3492 569 3575 impar
584 3489 640 3575 (1).
667 3491 746 3556 Nam
769 3491 820 3555 ius
843 3491 1037 3554 canonicum
1061 3490 1093 3552 in
1117 3489 1228 3574 poenis
1247 3484 1471 3558 decernendis,

377 3647 416 3716 (l)
437 3647 550 3717 lnqnam
571 3649 651 3716 quasi
668 3651 703 3700 sit
722 3650 827 3716 trapam
847 3647 913 3717 quia
933 3662 986 3700 non
1006 3662 1141 3716 negamus
1157 3645 1320 3700 facultatem
1338 3646 1474 3700 condendi

287 3753 365 3823 leges
388 3755 435 3806 lat.
454 3763 522 3807 sent.
543 3754 676 3822 potestati
698 3753 797 3818 laicae,
815 3753 959 3820 absolute,·
978 3770 1043 3806 nam
1070 3751 1098 3805 in
1121 3769 1180 3822 cap.
1204 3751 1240 3805 19
1262 3754 1303 3806 Dc
1323 3755 1474 3807 haereticis

287 3863 317 3913 in
337 3861 365 3927 6,
383 3859 431 3928 (V.
451 3861 480 3926 2)
499 3859 614 3913 atlertur
634 3859 790 3912 huiusmodi
809 3857 905 3928 legum
924 3857 1099 3928 exemplum
1118 3861 1148 3913 et
1166 3857 1413 3913 hancfacultatem
1426 3874 1474 3912 ex-

288 3983 381 4036 presse
400 3965 543 4020 vindicant
561 3966 690 4020 societati
711 3965 787 4020 civili
807 3965 909 4020 Suarez
927 3970 957 4020 et
969 3965 1063 4035 plures
1077 3965 1210 4020 Doctores
1222 3967 1257 4018 ab
1271 3981 1304 4019 eo
1317 3966 1365 4019 cit.
1385 3965 1404 4018 l.
1417 3967 1476 4031 cic,

288 4090 347 4142 cap.
370 4074 396 4138 7,
420 4089 446 4125 n.
468 4074 494 4140 6,
517 4073 726 4128 contradicente
745 4072 813 4126 Soto
833 4075 875 4126 Dc
894 4075 955 4126 lust.
978 4073 1026 4127 lit.
1045 4071 1069 4138 J,
1088 4089 1114 4143 q.
1139 4072 1185 4136 Vl,
1206 4081 1259 4125 art.
1280 4072 1308 4125 6.
1328 4072 1380 4127 Sed
1403 4071 1474 4127 haec

289 4183 413 4248 potestas
432 4183 475 4233 est
493 4177 580 4232 veluti
604 4179 832 4234 ecrraordinaria
852 4195 901 4232 sen
921 4178 1077 4234 exercenda
1095 4177 1241 4232 dumtaxat
1260 4177 1370 4247 qnando
1395 4177 1475 4247 leges

290 4285 347 4338 rint
360 4285 537 4351 efficaciores,
551 4283 603 4338 hac
617 4286 734 4352 ratione,
753 4284 842 4350 letam
861 4301 910 4338 seu
930 4284 1040 4355 quando
1058 4301 1150 4338 mores
1168 4282 1264 4353 populi
1281 4283 1338 4337 sint
1350 4283 1473 4337 inidonei

288 4391 399 4447 iudiciis
417 4391 609 4446 criminalibus
628 4390 756 4460 legitimo
776 4391 857 4446 modo
876 4390 1047 4446 exercendis.
