3312 5112
289 341 310 407 4
799 361 883 410 ruas
907 361 930 408 1.

380 487 412 552 3.
437 485 652 562 Quamobrem
685 485 803 551 exinde
835 485 956 550 nullum
985 486 1109 570 logicae
1139 486 1303 550 notionum
1335 484 1467 550 ordina-

286 611 365 676 tioni
388 609 445 678 fiet
466 612 707 697 praeiudicium,
723 611 878 695 siquidem
902 611 1018 676 borum
1042 615 1237 677 tractatuum
1261 609 1388 676 obiecta
1410 629 1465 675 ar·

287 735 428 800 ctissime
450 736 537 802 inter
560 755 595 802 se
618 740 864 808 connectuntur,
890 733 1089 820 proindeque
1112 753 1176 800 999
1199 733 1294 800 simul
1318 733 1466 800 discursu

288 858 526 944 comprehensa
554 864 673 925 91999
697 858 796 923 veluti
825 858 883 924 sub
913 863 1045 944 aspectu
1069 858 1240 942 explicata,
1266 856 1367 941 magis
1389 875 1467 942 per-

291 985 405 1071 spicua
428 983 510 1051 fiunt
532 992 565 1050 et
587 991 698 1050 mutua
719 985 792 1051 luce
816 985 1005 1050 collustrata
1020 985 1186 1050 intellectu
1208 983 1357 1050 faciliora
1379 988 1465 1049 sunt.

377 1113 408 1176 4.
435 1111 525 1179 Ordo
541 1113 743 1178 tractationis
768 1133 810 1177 ex
833 1113 911 1198 ipsis
934 1113 1089 1177 materiae
1112 1111 1291 1178 visceribus
1314 1113 1463 1198 erumpit.

286 1235 417 1302 mentm
440 1238 474 1300 in
504 1237 616 1322 primis
646 1237 805 1323 agendum
837 1241 886 1301 991
913 1236 955 1302 de
982 1235 1114 1303 delictis
1142 1235 1179 1300 in
1209 1253 1355 1322 peaera5
1390 1237 1466 1319 quia

287 1380 368 1425 uero
400 1381 442 1426 ex
472 1361 581 1429 delicti
611 1362 768 1446 positione
799 1362 947 1425 exoritur
975 1360 1151 1426 necessitas
1181 1377 1321 1444 poenae,
1347 1357 1466 1423 deinde

286 1481 328 1547 da
347 1481 469 1566 poenis
491 1483 529 1548 io
550 1501 675 1569 ponere
702 1482 923 1548 disserendum
947 1483 1019 1547 erit.
1045 1517 1063 1531 ·
1093 1484 1129 1548 ln
1154 1501 1330 1568 poenarum
1355 1485 1462 1547 autem

286 1627 463 1696 congruam
486 1610 731 1694 applicationem
755 1608 944 1674 incumbunt
966 1609 1083 1675 iudicia
1105 1608 1300 1683 criminalia;
1324 1627 1465 1690 namque

285 1731 332 1795 uti
348 1731 466 1796 iudicia
481 1731 588 1796 civilia
604 1751 696 1796 suum
716 1732 948 1796 nanciscuntur
968 1730 1209 1795 tundamentum
1225 1749 1283 1793 999
1298 1728 1464 1795 obiectum

286 1857 318 1920 19
344 1856 475 1922 actione
498 1855 589 1922 ciuili
612 1876 669 1922 seu
694 1857 726 1919 in
749 1857 975 1940 persecutione
999 1855 1134 1920 alicuius
1157 1855 1236 1919 iuris
1259 1854 1327 1918 sive
1350 1871 1461 1938 perso-

287 1980 370 2045 nalis
402 1981 470 2044 sive
497 1980 612 2055 realis;
636 1982 680 2044 ita
703 1979 820 2045 iudicia
851 1979 1032 2045 criminalia
1055 1979 1232 2059 intendunt,
1257 1979 1347 2062 quasi
1369 1997 1462 2042 suum

287 2103 457 2176 obiectum,
483 2122 605 2189 poenae
629 2103 876 2188 applicationem
899 2102 940 2166 ad
964 2103 1100 2168 crimina
1123 2101 1293 2186 expianda.

378 2227 522 2292 Proinde
545 2227 727 2293 recedimus
750 2226 790 2292 ab
814 2227 928 2292 ordine
952 2229 1068 2313 199919·
1091 2229 1240 2311 quoniam
1265 2229 1297 2292 in
1320 2225 1392 2293 Lib.
1426 2226 1462 2290 V.

288 2348 522 2416 Decrelolium
546 2351 579 2414 19
603 2351 714 2435 primis
737 2351 844 2434 agitur
867 2348 907 2413 19
930 2369 1084 2434 processu
1106 2350 1257 2431 iudiciali,
1287 2355 1399 2435 postea
1422 2349 1461 2414 de

286 2473 411 2538 delictis
435 2479 467 2538 91
489 2474 610 2558 poenis,
635 2509 649 2521 ·
674 2475 718 2540 At
740 2473 794 2538 hic
821 2473 1024 2539 tractationis
1047 2471 1126 2537 ordo
1149 2493 1214 2537 non
1238 2478 1288 2538 est
1311 2473 1464 2559 lopicus3

286 2614 425 2680 namque
459 2596 619 2662 ordinatio
650 2615 821 2682 processus
852 2596 1009 2662 iudicialis
1033 2601 1250 2662 consentanea
1272 2615 1343 2660 9999
1366 2595 1461 2662 debet

288 2721 454 2806 systemati
479 2741 673 2807 poenarum;
706 2723 822 2808 quippe
852 2721 936 2788 istud
966 2719 1112 2808 procedit
1141 2720 1181 2784 ab
1206 2738 1245 2784 ea
1268 2721 1464 2786 auctoritate

286 2864 368 2930 quae
392 2852 488 2912 antea
512 2845 578 2912 edit
599 2848 689 2932 leges
711 2848 872 2934 poenales,
896 2847 956 2914 has
971 2847 1074 2912 munit
1089 2847 1255 2910 sanctione
1271 2865 1461 2929 poenarum,

286 2969 479 3043 cidamum,
504 2989 564 3055 pro
595 2972 703 3038 indole
732 2993 809 3038 suae
837 2973 1003 3059 potestatis
1029 2972 1202 3056 9199111999,
1234 2969 1362 3035 ordinat
1392 2989 1462 3036 cer-

288 3101 353 3159 tam
377 3093 550 3159 criminum
581 3095 777 3162 iudicialem
800 3095 1013 3183 cognitionem
1045 3094 1085 3158 ad
1115 3113 1292 3180 poenarum
1319 3093 1459 3179 applica·

290 3219 421 3284 tionem.
441 3217 551 3292 Quare
567 3219 645 3284 ordo
661 3220 818 3292 iudicialis
842 3222 1048 3304 consequitur
1063 3225 1096 3284 91
1111 3220 1263 3304 exprimit
1286 3218 1460 3284 ordinatio·

284 3359 359 3406 nem
383 3345 417 3406 et
439 3361 616 3426 poenarum
640 3343 807 3407 rationem.

197 3435 201 3442 Ι
373 3461 537 3528 Tractatio
560 3463 721 3550 perreriae
744 3464 784 3530 19
812 3464 940 3530 delictis
967 3469 999 3528 91
1017 3463 1138 3547 poeuis
1160 3464 1295 3529 alteram
1319 3465 1464 3548 excipiet

281 3593 507 3659 tractationem
523 3591 555 3656 in
573 3612 635 3676 qua
647 3593 792 3678 singulae
807 3593 933 3676 species
949 3593 1154 3677 explicantur
1169 3597 1234 3657 tum
1245 3609 1377 3674 poenae
1392 3597 1460 3656 tum

282 3714 402 3781 delicti.
422 3751 439 3762 -
458 3719 501 3778 ,tt
525 3715 564 3779 de
588 3717 687 3780 variis
711 3735 887 3800 poenarum
911 3715 1077 3803 speciebus
1100 3719 1197 3780 antea
1220 3713 1378 3800 agendum
1397 3718 1475 3782 erit·

282 3859 376 3924 quam
400 3839 439 3904 de
463 3840 598 3924 singulis
621 3839 754 3914 delictis,
779 3843 853 3924 quia
875 3841 957 3906 haec
981 3841 1131 3927 cognosci
1155 3839 1273 3905 debent
1295 3841 1458 3923 potissime

283 3965 409 4027 ratione
434 3981 625 4047 poenarum,
650 3964 763 4048 quibus
785 3963 991 4030 mulctantur.
1018 3967 1165 4030 lamvero
1189 3961 1308 4027 iudicia
1334 3981 1463 4047 quoque

282 4086 472 4160 criminalia,
486 4106 551 4152 999
570 4107 662 4152 99999
678 4109 718 4154 99
733 4089 849 4162 civilia,
866 4089 1096 4176 pertractanda
1110 4091 1185 4152 sunt
1199 4091 1266 4153 tum
1283 4086 1320 4150 io
1335 4104 1461 4172 ponere

283 4217 348 4274 tum
374 4208 410 4273 io
425 4208 537 4292 specie
545 4229 560 4290 ,·
575 4227 676 4294 99999
692 4211 729 4276 ia
744 4213 894 4278 secunda
910 4218 1002 4298 parte
1017 4211 1112 4277 huius
1127 4209 1201 4275 libri
1218 4228 1324 4274 sermo
1340 4210 1402 4272 erit
1416 4209 1462 4275 cle

284 4333 417 4400 iudiciis
441 4334 679 4402 criminalibus
694 4337 731 4403 ia
745 4356 878 4424 peracre,
895 4341 928 4404 in
944 4338 1043 4405 tertia
1060 4342 1150 4423 parte
1174 4335 1216 4400 cle
1239 4333 1374 4400 iudiciis
1397 4335 1461 4400 cri-

283 4457 468 4525 minalibus
492 4459 528 4524 ia
551 4462 669 4544 specie.
687 4499 703 4512 -
721 4463 881 4532 Nonnulla
898 4468 982 4531 enim
997 4463 1113 4530 iudicia
1126 4460 1307 4544 specialem
1324 4458 1463 4526 1919991
