3202 5104
321 288 386 352 228
840 305 923 351 runs
949 304 971 350 1.

319 428 404 494 satio
428 447 567 493 censura
591 447 654 492 non
675 432 731 498 est.
749 429 796 491 uti
811 431 923 512 aperte
940 426 1051 492 statuit
1066 426 1172 490 Bonis.
1190 425 1283 500 Vlll,
1301 426 1338 490 in
1353 443 1431 508 cap.
1450 426 1501 490 18.

321 555 370 620 De
391 559 473 619 sent.
498 573 551 618 esc.
576 553 612 618 in
637 554 668 624 6,
693 555 800 618 aiens:
828 553 899 618 «Is
921 553 980 637 qui
1002 553 1039 616 tn
1063 551 1213 618 Ecclesia
1236 551 1415 637 sanqar'nis
1442 561 1501 614 ant

319 681 457 746 seminis
472 679 633 764 effasione
652 679 830 762 pollata...
847 679 989 744 scienter
1006 677 1177 744 celebrare
1190 683 1400 760 praesumat,
1424 677 1501 742 lieet

319 807 355 871 tn
371 807 434 872 hoc
450 806 628 872 temerante
652 810 742 891 apat,
766 805 1163 898 irrepnlarttattstamen
1187 800 1279 889 (carn
1303 803 1339 868 id
1361 823 1435 869 raon
1459 803 1502 867 sit

319 947 519 1013 cmpressnm
543 930 579 992 in
602 926 691 1016 iare)
707 927 868 1012 laqueans
883 948 954 994 non
970 928 1116 992 incurrit
1134 948 1162 990 a.
1181 927 1278 1010 Atqui
1296 931 1409 990 contra
1426 926 1499 989 vio-

320 1056 423 1119 lantes
447 1073 612 1125 censuras,
638 1053 863 1137 irregularitas
887 1055 920 1116 in
944 1053 1014 1118 iure
1038 1057 1157 1117 statuta
1180 1057 1237 1116 est.
1260 1087 1277 1098 -
1304 1049 1451 1114 Proinde
1469 1051 1499 1113 in

319 1177 476 1244 violantes
506 1177 724 1247 cessationem
748 1197 770 1242 a
794 1177 917 1243 divinis
941 1197 960 1240 a
983 1177 1096 1250 iudice,
1129 1197 1186 1240 suo
1218 1175 1352 1240 arbitrio
1381 1179 1414 1238 et
1439 1196 1499 1259 pro

320 1323 412 1368 casua
435 1303 601 1374 adiunctis,
627 1323 730 1387 poena
753 1301 889 1367 ferenda
912 1307 969 1366 est.

409 1427 587 1491 Praeterea
600 1427 741 1494 cesentio
754 1427 935 1492 immediate
951 1423 1051 1490 afficit
1065 1426 1181 1492 locum.
1199 1445 1354 1511 personas
1370 1429 1497 1490 tantum

319 1553 453 1618 mediate
478 1559 509 1616 et
533 1571 695 1635 nunquam
719 1551 909 1620 immediate,
930 1551 1048 1634 pronti
1073 1549 1278 1616 interdictum
1299 1552 1496 1633 personale,

319 1685 351 1742 et
374 1681 422 1742 est
445 1678 583 1762 simplex
598 1678 744 1761 privatio,
772 1676 890 1742 indicta
905 1677 945 1741 ad
962 1674 1207 1760 significandum
1223 1675 1391 1740 Ecclesiae
1408 1695 1495 1740 moe·

218 1854 225 1867 ,
320 1821 428 1867 rorem
452 1802 491 1866 ob
516 1804 647 1885 gravius
679 1804 801 1867 crimen
832 1803 991 1867 notorium
1016 1807 1048 1865 et
1071 1800 1275 1866 manifestum
1304 1803 1497 1864 notorietate

317 1924 409 2007 sacti.
429 1926 501 1990 -In
523 1926 589 1999 hoc
613 1927 757 1992 consistit
780 1922 962 1990 differentia
984 1925 1149 2010 specifica,
1175 1922 1259 1989 unde
1284 1924 1421 1990 cessatio
1449 1923 1495 1986 di-

318 2052 524 2116 scriminatur
547 2050 588 2114 ab
613 2050 800 2126 interdicto;
825 2050 980 2134 siquidem
1005 2050 1153 2120 cessatio,
1171 2049 1342 2133 inprimis,
1368 2049 1496 2114 iubetur

319 2177 351 2238 in
375 2176 500 2260 signum
525 2178 682 2242 moeroris
699 2183 731 2240 et
747 2175 966 2240 detestationis
982 2175 1145 2240 cuiusdam
1162 2175 1323 2259 gravioris
1338 2175 1493 2238 criminis.

319 2301 408 2364 cuius
432 2299 606 2364 satisfactio
630 2308 663 2364 et
686 2301 859 2384 reparatio,
876 2299 982 2364 addito
999 2300 1127 2364 stimulo
1151 2299 1230 2364 adeo
1254 2301 1364 2384 gravis
1388 2299 1495 2384 prolri-

294 2425 446 2513 bibionis
470 2424 646 2491 christiano
664 2424 786 2512 populo
810 2427 983 2510 irrogatae,
1008 2427 1167 2509 repetitur
1194 2445 1212 2488 a
1240 2423 1456 2507 delinquente.
1477 2459 1492 2470 -

317 2549 582 2638 Smalzgrueber,
613 2553 643 2632 V,
668 2559 688 2619 t.
713 2551 770 2624 39,
795 2573 828 2618 n.
853 2551 937 2616 402.
967 2585 982 2599 -
1014 2553 1092 2616 Nam
1117 2552 1224 2616 statim
1253 2571 1292 2615 ac
1315 2569 1417 2633 aequa
1441 2571 1492 2614 sa-

317 2678 455 2743 tisfactio
479 2697 633 2743 concessa
656 2680 705 2759 sit,
723 2679 890 2744 relaxatur
914 2678 1080 2744 decretum
1105 2678 1300 2745 cessationis
1316 2699 1338 2742 a
1358 2678 1490 2743 clanis.

248 2803 251 2811 '
306 2841 308 2847 ι
406 2801 508 2876 Quum
534 2803 676 2868 cessatio
701 2802 882 2867 immediate
905 2801 1027 2867 afliciat
1050 2803 1165 2874 locum,
1183 2809 1375 2887 potestesse
1397 2819 1491 2886 qene-

316 2927 402 2992 ralis
425 2933 481 2992 eut
498 2927 738 3008 pastinacam
764 2933 795 2992 et
819 2933 867 2992 est
889 2929 1060 3014 pancratis
1083 2927 1209 3012 quando
1234 2927 1387 3016 quaedam
1406 2927 1489 2990 urbs.

316 3049 473 3134 quoddam
498 3050 645 3133 oppidum
671 3050 861 3134 prohibetur
883 3071 903 3114 a
926 3050 1042 3115 divinis
1066 3048 1179 3115 officiis
1200 3048 1417 3121 celebrandis;
1443 3057 1488 3114 est

315 3174 536 3254 particularis
559 3175 682 3257 quoties
706 3175 877 3258 prohibitio
902 3174 936 3240 tlt
959 3176 1115 3258 peculiari
1142 3175 1318 3240 Ecclesiae.
1337 3179 1486 3238 coemete-

317 3299 409 3378 terio‚
434 3297 586 3360 oratorio.

406 3423 563 3506 Tempore
587 3423 781 3488 cessationis
805 3443 827 3486 a
850 3422 983 3494 divinis,
1000 3428 1143 3507 spectato
1168 3424 1248 3487 iuris
1271 3425 1390 3508 rigore.
1414 3441 1483 3505 ary.

241 3613 245 3618 ,
316 3565 390 3629 cap.
414 3547 459 3618 11,
486 3546 534 3610 De
557 3546 737 3627 sponsalib.
755 3547 794 3618 Χ,
820 3545 891 3631 (IV.
911 3547 950 3630 1).
976 3546 1196 3612 administrari
1220 3552 1353 3633 possunt
1368 3551 1483 3612 tanturn

315 3677 518 3736 sacramenta
534 3672 742 3743 necessitatis,
761 3691 875 3756 nempe
892 3672 1077 3756 baptismus,
1095 3678 1127 3737 et
1142 3675 1341 3757 poenitentia
1355 3670 1483 3737 morien-

314 3795 397 3861 tibus
421 3801 454 3860 et
477 3797 649 3866 Viaticum,
668 3796 722 3860 sed
747 3817 807 3880 pro
831 3797 1028 3882 benignitate
1047 3798 1213 3863 Ecclesiae
1229 3799 1386 3865 Doctores
1408 3817 1481 3861 conr·

315 3924 404 3988 muni
427 3925 586 3988 sententie
609 3925 790 4009 opinantur,
816 3945 855 3990 ea
877 3933 1081 3992 sacramenta
1100 3926 1320 3992 administrari
1342 3936 1373 3994 et
1389 3927 1479 4010 recipi

316 4069 406 4132 posse
430 4067 512 4131 quae
535 4056 680 4134 tempore
701 4049 872 4116 interdicti.
890 4051 937 4118 Ol.
956 4053 1211 4140 Smalzgrueber,
1235 4053 1268 4126 V,
1286 4052 1344 4120 39.
1360 4074 1393 4118 n.
1410 4051 1476 4118 412.

405 4173 579 4247 Quaeritur
594 4194 635 4239 an
652 4177 856 4260 privilegium
874 4197 1062 4243 concessam
1079 4179 1110 4241 in
1128 4198 1198 4263 cap.
1212 4177 1271 4242 24.
1286 4180 1386 4243 Alma
1403 4213 1418 4224 -
1435 4175 1478 4239 De

314 4299 396 4358 sent.
413 4312 541 4361 eneam.
559 4296 644 4361 ind.
662 4302 698 4364 at
714 4297 837 4362 scilicet
861 4298 970 4362 clerici
996 4297 1104 4364 officia
1128 4300 1235 4366 divina
1256 4303 1288 4364 in
1304 4301 1375 4366 loco
1391 4301 1475 4363 inter·

316 4417 399 4483 dicto
412 4419 581 4486 celebrare
599 4421 756 4488 submissa
771 4443 861 4497 voce,
875 4425 979 4490 ianuis
995 4426 1114 4491 clausis
1130 4432 1163 4492 et
1181 4447 1244 4492 non
1257 4427 1388 4513 pulsatis
1403 4443 1475 4489 cam·
