3202 5104
487 309 529 354 nn
554 305 708 354 onereris
733 305 774 351 nr
798 303 916 350 romeis
1222 280 1290 345 279

208 431 279 496 187.
305 430 568 518 irregularitates
584 429 705 517 duplici
720 450 763 494 ex
779 447 876 494 causa
892 431 1086 491 nascuntur:
1104 443 1149 490 ec
1170 425 1289 491 delicto

103 560 141 621 et
167 574 216 621 ec
237 555 378 638 defectu.
406 591 423 604 -
448 557 505 622 Eoo
528 556 646 623 delicto
671 554 866 641 proveniunt
888 552 1015 637 quaudo
1038 551 1100 616 hoc
1124 554 1174 617 est
1193 569 1291 615 causa

103 680 260 765 efficiens
277 683 447 766 proxima
477 683 744 768 irregularitatis;
769 685 881 765 utpute
911 679 1114 744 homicidium
1143 678 1289 743 volunta-

105 803 198 868 rium
223 824 350 889 exque
374 804 535 871 homicida
557 803 593 870 fit
616 804 818 890 irregularis.
844 802 901 868 Em
928 799 1061 884 defectu
1092 801 1242 867 derivant
1265 800 1292 864 si

105 949 178 994 non
203 949 246 994 ex
269 931 364 1016 culpa
378 931 604 1016 irregularitas
620 929 800 995 incurritur
816 927 872 993 sed
888 928 941 992 vel
965 947 1010 994 ecc
1032 927 1151 994 delicto
1168 926 1289 998 alieno,

105 1054 165 1118 vel
192 1074 235 1119 ex
258 1055 373 1140 aliquo
396 1055 551 1122 naturali
574 1055 716 1138 defectu.
742 1054 954 1140 Cognoscitur
969 1058 1075 1118 autem
1098 1073 1140 1116 an
1164 1054 1290 1138 irregu-

14 1199 19 1212 ·
105 1179 238 1252 laritas
263 1181 295 1244 in
320 1180 445 1246 casibus
467 1179 727 1266 particularibus,
752 1180 794 1244 sit
816 1197 862 1248 ear
877 1179 997 1247 delicto
1016 1179 1069 1244 vel
1092 1198 1137 1244 aar
1159 1177 1293 1261 defectu

106 1303 309 1368 attendendo
325 1323 454 1370 causam
469 1303 613 1370 eiusdem
630 1304 809 1390 proximam
826 1302 890 1390 (l);
911 1323 986 1368 nam
1002 1302 1114 1368 eadem
1137 1303 1293 1390 irregula-

107 1425 194 1492 ritas
218 1425 389 1510 aliquando
413 1445 459 1493 err
481 1427 610 1501 delicto,
635 1426 807 1511 aliquando
827 1444 872 1492 cer
895 1425 1028 1508 defectu
1051 1427 1164 1491 oritur.
1182 1426 1292 1492 Veluti

106 1570 155 1616 ex
180 1551 352 1616 homicidio
377 1572 441 1617 non
465 1553 603 1636 culpano
626 1557 731 1637 potest
747 1552 827 1616 oriri
841 1551 1067 1637 irregularitas
1086 1569 1132 1617 em
1151 1550 1292 1633 defectu,

108 1695 233 1761 nempe
248 1697 293 1743 eor
308 1676 440 1760 defectu
454 1677 604 1752 lenitatis,
621 1678 721 1742 veluti
734 1679 767 1742 in
779 1675 893 1750 iudice,
911 1678 981 1742 iure
996 1678 1185 1760 meritoque,
1203 1696 1293 1742 reum

107 1799 152 1865 ad
181 1805 318 1866 mortem
342 1801 593 1878 condemnante;
617 1821 660 1866 ex
684 1803 821 1885 culposo
845 1801 1016 1866 homicidio
1039 1821 1168 1887 semper
1190 1802 1295 1866 oritur

108 1927 342 2012 irregularitas
365 1947 411 1993 ear
433 1927 562 1994 delicto.
581 1963 599 1976 -
624 1928 690 2004 Nec
714 1931 762 1992 est
785 1923 982 2001 indifferens,
1009 1947 1106 1992 unum
1129 1946 1231 2012 genus
1253 1925 1293 1991 ab

109 2051 181 2115 alio
204 2070 391 2127 secernere;
415 2071 480 2114 non
509 2052 594 2116 enim
624 2069 689 2114 una
719 2051 805 2115 inter
835 2051 917 2115 haec
949 2046 1140 2116 differentia.
1167 2050 1296 2114 Revera

110 2177 570 2262 irregularitateseerdeticto
586 2178 745 2243 adinstar
760 2195 937 2263 poenarum
954 2181 1043 2252 sunt;
1068 2196 1149 2262 quae
1170 2195 1215 2242 eor
1237 2175 1295 2242 de.

110 2303 208 2384 fectu
226 2322 307 2367 voro
327 2321 347 2366 a
368 2322 472 2386 poena
495 2304 625 2368 omnino
648 2302 842 2390 discrepant,
864 2303 943 2368 adeo
967 2307 1002 2368 ut
1025 2302 1084 2368 has
1107 2307 1140 2367 et
1162 2307 1297 2388 propter

112 2427 253 2492 alterius
277 2425 429 2492 delictum
453 2433 485 2492 et
511 2435 645 2515 propter
676 2428 825 2496 naturale
848 2429 960 2493 vitium
984 2429 1077 2494 inscii
1101 2427 1296 2493 contrahere

112 2551 291 2634 possimus;
309 2551 393 2626 illae,
411 2556 568 2633 econtra,
587 2571 629 2616 ex
644 2554 771 2617 actione
786 2550 1003 2616 tantummodo
1018 2569 1097 2617 cere
1113 2551 1297 2618 criminose

112 2696 213 2740 sensu
237 2675 385 2768 etnmodo
408 2678 472 2741 iam
496 2677 657 2763 explicato
680 2679 901 2742 incurrantur.
927 2677 1064 2761 Insuper
1087 2675 1174 2741 Trid.
1198 2676 1294 2741 (lonc.

114 2801 152 2864 in
177 2819 257 2866 sess.
273 2800 332 2876 24,
350 2801 400 2867 De
415 2801 479 2884 ref.
504 2821 578 2886 cap,
596 2803 629 2885 6,
650 2802 806 2874 decernit,
824 2802 1017 2887 Episcopum
1040 2801 1298 2886 irregularitates

113 2945 164 2992 eac
186 2925 305 2992 delicto
329 2929 456 2994 occulto
488 2927 675 3012 dispensare
705 2947 812 3013 posse:
848 2925 904 2992 sed
939 2946 1004 2991 non
1039 2927 1298 3012 irregularitates

115 3069 165 3116 eoe
187 3050 330 3134 defectu.
357 3047 450 3118 Unde
473 3055 507 3118 in
531 3052 624 3118 dubio
648 3073 689 3117 an
725 3055 766 3128 sit
797 3072 842 3119 eac
865 3051 999 3134 defecta
1022 3051 1074 3117 vel
1099 3071 1144 3118 em
1168 3052 1297 3125 delicto,

116 3178 295 3245 tenendum
319 3186 368 3246 est
392 3199 463 3244 esse
485 3198 531 3245 em
557 3179 685 3252 delicto,
711 3180 786 3264 quia
809 3177 970 3244 difficilius
993 3179 1173 3244 incurritur
1196 3182 1229 3244 et
1252 3178 1297 3242 fa-

118 3303 213 3368 cilius
237 3303 450 3388 dispensatur.
476 3303 523 3368 cf.
550 3301 758 3380 D'Annihale,
785 3303 809 3378 Ι,
835 3304 910 3369 408.

118 3479 272 3534 nullimode
291 3480 443 3550 probabilis
461 3485 504 3535 est
522 3479 635 3534 illorum
648 3481 742 3550 opinio
761 3481 808 3550 qui
828 3483 928 3551 putant
941 3479 1095 3533 Ecclesiam
1108 3481 1231 3549 potuisse
1250 3497 1300 3550 po·

119 3603 187 3642 nero
206 3587 378 3642 conditiones
402 3587 573 3643 neceesarias
597 3604 646 3642 seu
667 3589 705 3640 ad
726 3589 901 3642 validitatem
919 3604 954 3641 ex
977 3591 1055 3656 parte
1073 3588 1214 3656 temporis,
1236 3587 1301 3652 loci,

118 3695 241 3748 ministri
260 3699 328 3760 otc.;
347 3695 389 3748 uti
408 3697 508 3764 probat
526 3696 561 3749 cl.
581 3694 721 3764 Gasparri,
740 3712 783 3765 op.
804 3699 846 3750 cit.
865 3713 893 3747 n.
914 3693 984 3748 9862

211 3797 251 3870 (l)
271 3799 340 3853 Nam
366 3816 449 3852 caiisa
470 3803 605 3870 proxima
629 3799 849 3868 irregularitatis
870 3799 899 3852 in
924 3800 1045 3853 subiecto
1071 3814 1119 3853 seu
1143 3799 1169 3852 in
1189 3797 1301 3853 homine

118 3907 270 3976 irregulari
294 3883 443 3980 alienando
462 3913 505 3964 est
523 3909 656 3974 deiectus,
677 3913 776 3978 utputa
794 3911 942 3975 natalium,
961 3907 1088 3977 quamvis
1111 3907 1157 3980 hic
1178 3908 1303 3962 delectus

119 4019 213 4068 ortum
233 4013 363 4070 habuerit
381 4033 416 4070 ex
435 4014 537 4070 delicto
556 4019 717 4085 parentum3
736 4016 784 4070 sed
797 4015 929 4070 delictum
943 4018 986 4070 est
999 4032 1084 4070 causa
1101 4025 1215 4070 remota.
1229 4014 1303 4069 Non-

122 4107 194 4177 nulli
211 4140 266 4177 non
287 4125 356 4178 satis
377 4124 554 4182 advertentes
573 4141 685 4178 causam
705 4124 923 4194 irregularitatis
941 4125 1103 4196 efficientem
1122 4124 1224 4179 debere
1243 4141 1303 4180 esse

119 4236 293 4302 preciosam,
307 4247 423 4304 eamque
439 4233 566 4288 subiecto
585 4234 743 4303 irregulari
761 4233 884 4306 insitam,
899 4233 1006 4303 opinati
1025 4237 1091 4288 sunt
1112 4233 1304 4303 irregularita-

121 4343 179 4393 tem
199 4357 233 4394 ex
252 4341 451 4410 illegitimum
471 4340 606 4394 natalium
626 4357 686 4396 esse
706 4357 742 4395 err
760 4341 876 4409 delicte,
898 4340 945 4396 sed
964 4357 1019 4395 non
1031 4341 1112 4408 benc,
1125 4341 1199 4411 quod
1217 4339 1303 4412 expli·

122 4447 248 4501 cabimus
266 4465 317 4502 suo
337 4448 407 4503 loco.
1206 4417 1208 4420 Ι
