<?xml version="1.0" encoding="UTF-8"?>
<!DOCTYPE html PUBLIC "-//W3C//DTD XHTML 1.0 Transitional//EN"
    "http://www.w3.org/TR/xhtml1/DTD/xhtml1-transitional.dtd">
<html xmlns="http://www.w3.org/1999/xhtml" xml:lang="en" lang="en">
 <head>
  <title>
</title>
<meta http-equiv="Content-Type" content="text/html;charset=utf-8" />
  <meta name='ocr-system' content='tesseract 3.04.00' />
  <meta name='ocr-capabilities' content='ocr_page ocr_carea ocr_par ocr_line ocrx_word'/>
</head>
<body>
  <div class='ocr_page' id='page_1' title='image "./praelectionesin02legagoog_0461.png"; bbox 0 0 3296 5108; ppageno 0'>
   <div class='ocr_carea' id='block_1_1' title="bbox 310 305 962 375">
    <p class='ocr_par' dir='ltr' id='par_1_1' title="bbox 310 305 962 375">
     <span class='ocr_line' id='line_1_1' title="bbox 310 305 962 375; baseline -0.003 -1"><span class='ocrx_word' id='word_1_1' title='bbox 310 305 377 375; x_wconf 86' lang='lat'><strong>456</strong></span> <span class='ocrx_word' id='word_1_2' title='bbox 831 327 915 373; x_wconf 76' lang='lat' dir='ltr'><strong>runs</strong></span> <span class='ocrx_word' id='word_1_3' title='bbox 940 325 962 372; x_wconf 92' lang='lat'><strong>1.</strong></span> 
     </span>
    </p>
   </div>
   <div class='ocr_carea' id='block_1_2' title="bbox 304 443 1490 1166">
    <p class='ocr_par' dir='ltr' id='par_1_2' title="bbox 304 443 1490 1166">
     <span class='ocr_line' id='line_1_2' title="bbox 397 443 1488 535; baseline -0.003 -23"><span class='ocrx_word' id='word_1_4' title='bbox 397 448 472 516; x_wconf 77' lang='lat'>375.</span> <span class='ocrx_word' id='word_1_5' title='bbox 498 451 616 517; x_wconf 89' lang='lat' dir='ltr'><strong>Nostra</strong></span> <span class='ocrx_word' id='word_1_6' title='bbox 638 455 737 531; x_wconf 81' lang='lat' dir='ltr'><strong>aetas,</strong></span> <span class='ocrx_word' id='word_1_7' title='bbox 754 449 838 514; x_wconf 87' lang='lat' dir='ltr'><strong>malo</strong></span> <span class='ocrx_word' id='word_1_8' title='bbox 862 449 939 522; x_wconf 82' lang='lat' dir='ltr'><strong>fato,</strong></span> <span class='ocrx_word' id='word_1_9' title='bbox 956 449 1130 515; x_wconf 82' lang='lat' dir='ltr'><strong>maximum</strong></span> <span class='ocrx_word' id='word_1_10' title='bbox 1147 449 1233 535; x_wconf 89' lang='lat' dir='ltr'><strong>eapit</strong></span> <span class='ocrx_word' id='word_1_11' title='bbox 1252 443 1488 514; x_wconf 80' lang='lat' dir='ltr'><strong>incommodum</strong></span> 
     </span>
     <span class='ocr_line' id='line_1_3' title="bbox 308 568 1488 658; baseline -0.003 -21"><span class='ocrx_word' id='word_1_12' title='bbox 308 593 352 640; x_wconf 85' lang='lat' dir='ltr'><strong>ex</strong></span> <span class='ocrx_word' id='word_1_13' title='bbox 381 575 444 640; x_wconf 86' lang='lat' dir='ltr'><strong>hae</strong></span> <span class='ocrx_word' id='word_1_14' title='bbox 467 574 573 640; x_wconf 87' lang='lat' dir='ltr'><strong>forma</strong></span> <span class='ocrx_word' id='word_1_15' title='bbox 594 575 801 658; x_wconf 74' lang='lat' dir='ltr'><strong>scriptorum</strong></span> <span class='ocrx_word' id='word_1_16' title='bbox 825 593 907 658; x_wconf 86' lang='lat' dir='ltr'><strong>quae</strong></span> <span class='ocrx_word' id='word_1_17' title='bbox 931 593 1051 658; x_wconf 86' lang='lat' dir='ltr'><strong>parvae</strong></span> <span class='ocrx_word' id='word_1_18' title='bbox 1075 579 1150 640; x_wconf 87' lang='lat' dir='ltr'><strong>eunt</strong></span> <span class='ocrx_word' id='word_1_19' title='bbox 1172 573 1265 637; x_wconf 91' lang='lat' dir='ltr'><strong>molis</strong></span> <span class='ocrx_word' id='word_1_20' title='bbox 1292 577 1325 637; x_wconf 90' lang='lat' dir='ltr'><strong>et</strong></span> <span class='ocrx_word' id='word_1_21' title='bbox 1347 568 1488 655; x_wconf 77' lang='lat' dir='ltr'>quotidie</span> 
     </span>
     <span class='ocr_line' id='line_1_4' title="bbox 306 694 1486 784; baseline -0.004 -22"><span class='ocrx_word' id='word_1_22' title='bbox 306 703 364 766; x_wconf 88' lang='lat' dir='ltr'><strong>aut</strong></span> <span class='ocrx_word' id='word_1_23' title='bbox 378 698 505 784; x_wconf 91' lang='lat' dir='ltr'><strong>singula</strong></span> <span class='ocrx_word' id='word_1_24' title='bbox 521 698 720 764; x_wconf 90' lang='lat' dir='ltr'><strong>hebdomada</strong></span> <span class='ocrx_word' id='word_1_25' title='bbox 742 703 798 764; x_wconf 92' lang='lat' dir='ltr'><strong>aut</strong></span> <span class='ocrx_word' id='word_1_26' title='bbox 821 699 948 784; x_wconf 88' lang='lat' dir='ltr'><strong>singulo</strong></span> <span class='ocrx_word' id='word_1_27' title='bbox 964 717 1090 782; x_wconf 92' lang='lat' dir='ltr'><strong>quoque</strong></span> <span class='ocrx_word' id='word_1_28' title='bbox 1113 716 1224 761; x_wconf 86' lang='lat' dir='ltr'><strong>mense</strong></span> <span class='ocrx_word' id='word_1_29' title='bbox 1247 699 1303 760; x_wconf 88' lang='lat' dir='ltr'><strong>aut</strong></span> <span class='ocrx_word' id='word_1_30' title='bbox 1325 694 1390 759; x_wconf 92' lang='lat' dir='ltr'><strong>alio</strong></span> <span class='ocrx_word' id='word_1_31' title='bbox 1405 698 1486 760; x_wconf 79' lang='lat' dir='ltr'><strong>state</strong></span> 
     </span>
     <span class='ocr_line' id='line_1_5' title="bbox 305 815 1490 910; baseline -0.003 -21"><span class='ocrx_word' id='word_1_32' title='bbox 305 830 453 910; x_wconf 88' lang='lat' dir='ltr'><strong>tempore</strong></span> <span class='ocrx_word' id='word_1_33' title='bbox 477 823 616 890; x_wconf 91' lang='lat' dir='ltr'><strong>eduntur</strong></span> <span class='ocrx_word' id='word_1_34' title='bbox 639 831 672 890; x_wconf 90' lang='lat' dir='ltr'><strong>el</strong></span> <span class='ocrx_word' id='word_1_35' title='bbox 693 823 727 888; x_wconf 94' lang='lat' dir='ltr'><strong>hi</strong></span> <span class='ocrx_word' id='word_1_36' title='bbox 751 824 956 910; x_wconf 83' lang='lat' dir='ltr'>appellantur</span> <span class='ocrx_word' id='word_1_37' title='bbox 979 823 1104 896; x_wconf 78' lang='lat' dir='ltr'><strong>diaria.</strong></span> <span class='ocrx_word' id='word_1_38' title='bbox 1128 821 1223 904; x_wconf 83' lang='lat' dir='ltr'><strong>folia,</strong></span> <span class='ocrx_word' id='word_1_39' title='bbox 1249 820 1352 887; x_wconf 79' lang='lat' dir='ltr'><strong><em>libelli</em></strong></span> <span class='ocrx_word' id='word_1_40' title='bbox 1369 815 1490 903; x_wconf 87' lang='lat' dir='ltr'><strong>perio-</strong></span> 
     </span>
     <span class='ocr_line' id='line_1_6' title="bbox 305 931 1489 1033; baseline -0.005 -19"><span class='ocrx_word' id='word_1_41' title='bbox 305 949 382 1015; x_wconf 85' lang='lat' dir='ltr'><strong>diei.</strong></span> <span class='ocrx_word' id='word_1_42' title='bbox 411 946 494 1013; x_wconf 88' lang='lat' dir='ltr'><strong>Nam</strong></span> <span class='ocrx_word' id='word_1_43' title='bbox 518 948 560 1014; x_wconf 91' lang='lat' dir='ltr'><strong>ibi</strong></span> <span class='ocrx_word' id='word_1_44' title='bbox 593 955 791 1015; x_wconf 76' lang='lat' dir='ltr'><strong>enarrantur</strong></span> <span class='ocrx_word' id='word_1_45' title='bbox 818 949 995 1033; x_wconf 88' lang='lat' dir='ltr'><strong>quotidiani</strong></span> <span class='ocrx_word' id='word_1_46' title='bbox 1026 956 1163 1012; x_wconf 89' lang='lat' dir='ltr'><strong>eventus</strong></span> <span class='ocrx_word' id='word_1_47' title='bbox 1192 947 1246 1030; x_wconf 90' lang='lat' dir='ltr'><strong>qui</strong></span> <span class='ocrx_word' id='word_1_48' title='bbox 1273 931 1420 1010; x_wconf 79' lang='lat' dir='ltr'><strong>alliciunt</strong></span> <span class='ocrx_word' id='word_1_49' title='bbox 1447 943 1489 1008; x_wconf 84' lang='lat' dir='ltr'><strong>ad</strong></span> 
     </span>
     <span class='ocr_line' id='line_1_7' title="bbox 304 1069 1489 1166; baseline -0.003 -31"><span class='ocrx_word' id='word_1_50' title='bbox 304 1070 476 1156; x_wconf 88' lang='lat' dir='ltr'><strong>legendum</strong></span> <span class='ocrx_word' id='word_1_51' title='bbox 500 1073 654 1156; x_wconf 88' lang='lat' dir='ltr'><strong>cuiusque</strong></span> <span class='ocrx_word' id='word_1_52' title='bbox 669 1073 800 1156; x_wconf 89' lang='lat' dir='ltr'><strong>generis</strong></span> <span class='ocrx_word' id='word_1_53' title='bbox 814 1072 971 1137; x_wconf 88' lang='lat' dir='ltr'><strong>homines.</strong></span> <span class='ocrx_word' id='word_1_54' title='bbox 989 1071 1020 1136; x_wconf 86' lang='lat' dir='ltr'>V</span> <span class='ocrx_word' id='word_1_55' title='bbox 1022 1091 1124 1142; x_wconf 84' lang='lat' dir='ltr'><strong>erum,</strong></span> <span class='ocrx_word' id='word_1_56' title='bbox 1142 1072 1186 1166; x_wconf 75' lang='lat' dir='ltr'><strong>(ei</strong></span> <span class='ocrx_word' id='word_1_57' title='bbox 1209 1071 1242 1133; x_wconf 92' lang='lat' dir='ltr'><strong>in</strong></span> <span class='ocrx_word' id='word_1_58' title='bbox 1258 1069 1318 1133; x_wconf 83' lang='lat' dir='ltr'><strong>hoe</strong></span> <span class='ocrx_word' id='word_1_59' title='bbox 1340 1069 1489 1132; x_wconf 79' lang='lat' dir='ltr'><strong>consistit</strong></span> 
     </span>
    </p>
   </div>
   <div class='ocr_carea' id='block_1_3' title="bbox 259 1320 1488 4526">
    <p class='ocr_par' dir='ltr' id='par_1_3' title="bbox 300 1320 1488 2155">
     <span class='ocr_line' id='line_1_8' title="bbox 303 1320 1486 1410; baseline -0.003 -24"><span class='ocrx_word' id='word_1_60' title='bbox 303 1327 424 1388; x_wconf 85' lang='lat' dir='ltr'><strong>nautor</strong></span> <span class='ocrx_word' id='word_1_61' title='bbox 439 1343 570 1389; x_wconf 86' lang='lat' dir='ltr'><strong>errores</strong></span> <span class='ocrx_word' id='word_1_62' title='bbox 594 1325 646 1408; x_wconf 88' lang='lat' dir='ltr'><strong>qui</strong></span> <span class='ocrx_word' id='word_1_63' title='bbox 664 1325 855 1410; x_wconf 84' lang='lat' dir='ltr'><strong>religionem</strong></span> <span class='ocrx_word' id='word_1_64' title='bbox 871 1322 1069 1389; x_wconf 77' lang='lat' dir='ltr'><strong>labefactant</strong></span> <span class='ocrx_word' id='word_1_65' title='bbox 1085 1328 1117 1387; x_wconf 90' lang='lat' dir='ltr'><strong>el</strong></span> <span class='ocrx_word' id='word_1_66' title='bbox 1131 1320 1232 1386; x_wconf 87' lang='lat' dir='ltr'><strong>bonos</strong></span> <span class='ocrx_word' id='word_1_67' title='bbox 1247 1340 1364 1386; x_wconf 87' lang='lat' dir='ltr'><strong>mores.</strong></span> <span class='ocrx_word' id='word_1_68' title='bbox 1383 1321 1486 1386; x_wconf 91' lang='lat' dir='ltr'><strong>Nemo</strong></span> 
     </span>
     <span class='ocr_line' id='line_1_9' title="bbox 303 1445 1488 1532; baseline 0 -24"><span class='ocrx_word' id='word_1_69' title='bbox 303 1463 369 1510; x_wconf 91' lang='lat' dir='ltr'><strong>non</strong></span> <span class='ocrx_word' id='word_1_70' title='bbox 385 1445 473 1512; x_wconf 85' lang='lat' dir='ltr'><strong>videt</strong></span> <span class='ocrx_word' id='word_1_71' title='bbox 487 1446 526 1511; x_wconf 91' lang='lat' dir='ltr'><strong>ob</strong></span> <span class='ocrx_word' id='word_1_72' title='bbox 542 1446 678 1512; x_wconf 89' lang='lat' dir='ltr'><strong>inditum</strong></span> <span class='ocrx_word' id='word_1_73' title='bbox 690 1448 884 1532; x_wconf 80' lang='lat' dir='ltr'><strong>perieulum</strong></span> <span class='ocrx_word' id='word_1_74' title='bbox 900 1445 1080 1512; x_wconf 88' lang='lat' dir='ltr'><strong>huiusmodi</strong></span> <span class='ocrx_word' id='word_1_75' title='bbox 1096 1445 1222 1512; x_wconf 87' lang='lat' dir='ltr'><strong>libellos</strong></span> <span class='ocrx_word' id='word_1_76' title='bbox 1238 1445 1314 1510; x_wconf 87' lang='lat' dir='ltr'><strong>iure</strong></span> <span class='ocrx_word' id='word_1_77' title='bbox 1328 1445 1488 1510; x_wconf 87' lang='lat' dir='ltr'><strong>natarali</strong></span> 
     </span>
     <span class='ocr_line' id='line_1_10' title="bbox 302 1570 1487 1658; baseline 0 -24"><span class='ocrx_word' id='word_1_78' title='bbox 302 1589 373 1636; x_wconf 88' lang='lat' dir='ltr'><strong>esse</strong></span> <span class='ocrx_word' id='word_1_79' title='bbox 397 1571 590 1656; x_wconf 89' lang='lat' dir='ltr'><strong>prohibit0s;</strong></span> <span class='ocrx_word' id='word_1_80' title='bbox 612 1573 668 1638; x_wconf 91' lang='lat' dir='ltr'><strong>sed</strong></span> <span class='ocrx_word' id='word_1_81' title='bbox 691 1575 765 1658; x_wconf 90' lang='lat' dir='ltr'><strong>quia</strong></span> <span class='ocrx_word' id='word_1_82' title='bbox 787 1573 887 1648; x_wconf 88' lang='lat' dir='ltr'><strong>mulli,</strong></span> <span class='ocrx_word' id='word_1_83' title='bbox 905 1572 945 1638; x_wconf 95' lang='lat' dir='ltr'><strong>ob</strong></span> <span class='ocrx_word' id='word_1_84' title='bbox 969 1573 1146 1657; x_wconf 81' lang='lat' dir='ltr'><strong>sapientiae</strong></span> <span class='ocrx_word' id='word_1_85' title='bbox 1163 1577 1195 1636; x_wconf 89' lang='lat' dir='ltr'><strong>et</strong></span> <span class='ocrx_word' id='word_1_86' title='bbox 1210 1570 1401 1657; x_wconf 69' lang='lat' dir='ltr'><strong>prudentiae</strong></span> <span class='ocrx_word' id='word_1_87' title='bbox 1418 1570 1487 1634; x_wconf 84' lang='lat' dir='ltr'><strong>lau-</strong></span> 
     </span>
     <span class='ocr_line' id='line_1_11' title="bbox 302 1694 1485 1781; baseline 0.001 -22"><span class='ocrx_word' id='word_1_88' title='bbox 302 1694 384 1770; x_wconf 86' lang='lat' dir='ltr'><strong>dem,</strong></span> <span class='ocrx_word' id='word_1_89' title='bbox 410 1716 505 1780; x_wconf 87' lang='lat' dir='ltr'><strong>quam</strong></span> <span class='ocrx_word' id='word_1_90' title='bbox 529 1698 624 1763; x_wconf 86' lang='lat' dir='ltr'><strong>facile</strong></span> <span class='ocrx_word' id='word_1_91' title='bbox 648 1697 708 1763; x_wconf 89' lang='lat' dir='ltr'><strong>sibi</strong></span> <span class='ocrx_word' id='word_1_92' title='bbox 730 1698 886 1780; x_wconf 87' lang='lat' dir='ltr'><strong>tribuunt,</strong></span> <span class='ocrx_word' id='word_1_93' title='bbox 911 1698 1059 1764; x_wconf 83' lang='lat' dir='ltr'><strong>dictitant</strong></span> <span class='ocrx_word' id='word_1_94' title='bbox 1089 1703 1122 1763; x_wconf 92' lang='lat' dir='ltr'><strong>et</strong></span> <span class='ocrx_word' id='word_1_95' title='bbox 1144 1696 1203 1762; x_wconf 90' lang='lat' dir='ltr'><strong>sibi</strong></span> <span class='ocrx_word' id='word_1_96' title='bbox 1227 1697 1325 1762; x_wconf 87' lang='lat' dir='ltr'><strong>faaile</strong></span> <span class='ocrx_word' id='word_1_97' title='bbox 1347 1715 1485 1781; x_wconf 82' lang='lat' dir='ltr'><strong>persua-</strong></span> 
     </span>
     <span class='ocr_line' id='line_1_12' title="bbox 302 1821 1485 1910; baseline 0.003 -26"><span class='ocrx_word' id='word_1_98' title='bbox 302 1821 388 1894; x_wconf 86' lang='lat' dir='ltr'><strong>dent,</strong></span> <span class='ocrx_word' id='word_1_99' title='bbox 405 1823 527 1888; x_wconf 92' lang='lat' dir='ltr'><strong>nullum</strong></span> <span class='ocrx_word' id='word_1_100' title='bbox 544 1822 603 1888; x_wconf 93' lang='lat' dir='ltr'><strong>sibi</strong></span> <span class='ocrx_word' id='word_1_101' title='bbox 619 1825 787 1889; x_wconf 91' lang='lat' dir='ltr'><strong>imminere</strong></span> <span class='ocrx_word' id='word_1_102' title='bbox 803 1824 992 1910; x_wconf 83' lang='lat' dir='ltr'><strong>periculum,</strong></span> <span class='ocrx_word' id='word_1_103' title='bbox 1006 1825 1126 1890; x_wconf 85' lang='lat' dir='ltr'><strong>statuta</strong></span> <span class='ocrx_word' id='word_1_104' title='bbox 1141 1828 1191 1888; x_wconf 89' lang='lat' dir='ltr'><strong>est</strong></span> <span class='ocrx_word' id='word_1_105' title='bbox 1206 1822 1379 1908; x_wconf 85' lang='lat' dir='ltr'><strong>prohibitio</strong></span> <span class='ocrx_word' id='word_1_106' title='bbox 1396 1822 1485 1888; x_wconf 82' lang='lat' dir='ltr'><strong>iuris</strong></span> 
     </span>
     <span class='ocr_line' id='line_1_13' title="bbox 301 1947 1485 2032; baseline 0 -22"><span class='ocrx_word' id='word_1_107' title='bbox 301 1947 414 2012; x_wconf 81' lang='lat' dir='ltr'><strong>eccles.</strong></span> <span class='ocrx_word' id='word_1_108' title='bbox 435 1947 573 2029; x_wconf 80' lang='lat' dir='ltr'><strong>positivi</strong></span> <span class='ocrx_word' id='word_1_109' title='bbox 603 1967 685 2031; x_wconf 89' lang='lat' dir='ltr'><strong>quae</strong></span> <span class='ocrx_word' id='word_1_110' title='bbox 716 1947 872 2013; x_wconf 86' lang='lat' dir='ltr'><strong>fundatur</strong></span> <span class='ocrx_word' id='word_1_111' title='bbox 901 1950 935 2012; x_wconf 92' lang='lat' dir='ltr'><strong>in</strong></span> <span class='ocrx_word' id='word_1_112' title='bbox 962 1947 1244 2032; x_wconf 78' lang='lat' dir='ltr'><strong>praesumptione</strong></span> <span class='ocrx_word' id='word_1_113' title='bbox 1270 1947 1419 2030; x_wconf 79' lang='lat' dir='ltr'><strong>perimali</strong></span> <span class='ocrx_word' id='word_1_114' title='bbox 1451 1953 1485 2011; x_wconf 86' lang='lat' dir='ltr'><strong>et</strong></span> 
     </span>
     <span class='ocr_line' id='line_1_14' title="bbox 300 2069 1042 2155; baseline 0.003 -21"><span class='ocrx_word' id='word_1_115' title='bbox 300 2089 412 2135; x_wconf 90' lang='lat' dir='ltr'><strong>omnes</strong></span> <span class='ocrx_word' id='word_1_116' title='bbox 435 2076 533 2136; x_wconf 84' lang='lat' dir='ltr'><strong>tenet.</strong></span> <span class='ocrx_word' id='word_1_117' title='bbox 559 2070 607 2137; x_wconf 87' lang='lat' dir='ltr'><strong>Gl.</strong></span> <span class='ocrx_word' id='word_1_118' title='bbox 632 2073 672 2136; x_wconf 89' lang='lat' dir='ltr'><strong>cl.</strong></span> <span class='ocrx_word' id='word_1_119' title='bbox 699 2072 884 2136; x_wconf 85' lang='lat' dir='ltr'><strong>Pennacchi</strong></span> <span class='ocrx_word' id='word_1_120' title='bbox 904 2091 941 2155; x_wconf 89' lang='lat' dir='ltr'><strong>p.</strong></span> <span class='ocrx_word' id='word_1_121' title='bbox 966 2069 1042 2138; x_wconf 88' lang='lat'><strong><em>163.</em></strong></span> 
     </span>
    </p>

    <p class='ocr_par' dir='ltr' id='par_1_4' title="bbox 259 2195 1484 3152">
     <span class='ocr_line' id='line_1_15' title="bbox 393 2195 1483 2282; baseline 0 -22"><span class='ocrx_word' id='word_1_122' title='bbox 393 2195 595 2282; x_wconf 83' lang='lat' dir='ltr'><strong>Religionem</strong></span> <span class='ocrx_word' id='word_1_123' title='bbox 618 2203 675 2261; x_wconf 90' lang='lat' dir='ltr'><strong>aul</strong></span> <span class='ocrx_word' id='word_1_124' title='bbox 698 2195 797 2262; x_wconf 91' lang='lat' dir='ltr'><strong>bonos</strong></span> <span class='ocrx_word' id='word_1_125' title='bbox 813 2215 921 2262; x_wconf 91' lang='lat' dir='ltr'><strong>mores</strong></span> <span class='ocrx_word' id='word_1_126' title='bbox 945 2195 1079 2279; x_wconf 82' lang='lat' dir='ltr'><strong>(nempe</strong></span> <span class='ocrx_word' id='word_1_127' title='bbox 1095 2196 1305 2282; x_wconf 83' lang='lat' dir='ltr'><strong>disiunelive)</strong></span> <span class='ocrx_word' id='word_1_128' title='bbox 1322 2199 1483 2282; x_wconf 89' lang='lat' dir='ltr'><strong>impetunt</strong></span> 
     </span>
     <span class='ocr_line' id='line_1_16' title="bbox 299 2318 1484 2405; baseline 0.003 -23"><span class='ocrx_word' id='word_1_129' title='bbox 299 2318 386 2392; x_wconf 86' lang='lat' dir='ltr'><strong>folia,</strong></span> <span class='ocrx_word' id='word_1_130' title='bbox 404 2320 558 2405; x_wconf 87' lang='lat' dir='ltr'><strong>periodiei</strong></span> <span class='ocrx_word' id='word_1_131' title='bbox 575 2321 677 2386; x_wconf 92' lang='lat' dir='ltr'><strong>libelli</strong></span> <span class='ocrx_word' id='word_1_132' title='bbox 692 2320 766 2386; x_wconf 90' lang='lat' dir='ltr'><strong>dum</strong></span> <span class='ocrx_word' id='word_1_133' title='bbox 783 2322 865 2386; x_wconf 79' lang='lat' dir='ltr'><strong>elata</strong></span> <span class='ocrx_word' id='word_1_134' title='bbox 889 2339 996 2403; x_wconf 85' lang='lat' dir='ltr'><strong>opera</strong></span> <span class='ocrx_word' id='word_1_135' title='bbox 1019 2321 1053 2386; x_wconf 91' lang='lat' dir='ltr'><strong>in</strong></span> <span class='ocrx_word' id='word_1_136' title='bbox 1076 2320 1107 2385; x_wconf 92' lang='lat' dir='ltr'><strong>id</strong></span> <span class='ocrx_word' id='word_1_137' title='bbox 1128 2321 1326 2388; x_wconf 85' lang='lat' dir='ltr'><strong>contendunt</strong></span> <span class='ocrx_word' id='word_1_138' title='bbox 1341 2341 1399 2386; x_wconf 89' lang='lat' dir='ltr'><strong>seu</strong></span> <span class='ocrx_word' id='word_1_139' title='bbox 1414 2341 1484 2386; x_wconf 90' lang='lat' dir='ltr'><strong>non</strong></span> 
     </span>
     <span class='ocr_line' id='line_1_17' title="bbox 299 2415 1481 2532; baseline 0.003 -22"><span class='ocrx_word' id='word_1_140' title='bbox 299 2443 406 2510; x_wconf 85' lang='lat' dir='ltr'><strong>obiter</strong></span> <span class='ocrx_word' id='word_1_141' title='bbox 424 2445 479 2510; x_wconf 91' lang='lat' dir='ltr'><strong>sed</strong></span> <span class='ocrx_word' id='word_1_142' title='bbox 503 2445 603 2511; x_wconf 86' lang='lat' dir='ltr'><strong>veluti</strong></span> <span class='ocrx_word' id='word_1_143' title='bbox 626 2415 669 2511; x_wconf 57' lang='lat' dir='ltr'><strong>ea</strong></span> <span class='ocrx_word' id='word_1_144' title='bbox 692 2447 836 2511; x_wconf 90' lang='lat' dir='ltr'><strong>instituto</strong></span> <span class='ocrx_word' id='word_1_145' title='bbox 861 2465 919 2510; x_wconf 91' lang='lat' dir='ltr'><strong>sno</strong></span> <span class='ocrx_word' id='word_1_146' title='bbox 943 2465 1000 2510; x_wconf 88' lang='lat' dir='ltr'><strong>seu</strong></span> <span class='ocrx_word' id='word_1_147' title='bbox 1025 2466 1067 2510; x_wconf 84' lang='lat' dir='ltr'><strong>ex</strong></span> <span class='ocrx_word' id='word_1_148' title='bbox 1090 2465 1188 2532; x_wconf 84' lang='lat' dir='ltr'><strong>scopo</strong></span> <span class='ocrx_word' id='word_1_149' title='bbox 1212 2449 1262 2511; x_wconf 86' lang='lat' dir='ltr'><strong>oui</strong></span> <span class='ocrx_word' id='word_1_150' title='bbox 1287 2447 1481 2514; x_wconf 76' lang='lat' dir='ltr'><strong>inserviunt</strong></span> 
     </span>
     <span class='ocr_line' id='line_1_18' title="bbox 298 2568 1481 2656; baseline 0.002 -22"><span class='ocrx_word' id='word_1_151' title='bbox 298 2568 362 2634; x_wconf 90' lang='lat' dir='ltr'><strong>Sed</strong></span> <span class='ocrx_word' id='word_1_152' title='bbox 386 2569 482 2634; x_wconf 88' lang='lat' dir='ltr'><strong>dictio</strong></span> <span class='ocrx_word' id='word_1_153' title='bbox 498 2571 580 2636; x_wconf 86' lang='lat' dir='ltr'><strong>data</strong></span> <span class='ocrx_word' id='word_1_154' title='bbox 603 2590 718 2654; x_wconf 78' lang='lat' dir='ltr'><strong>opera,</strong></span> <span class='ocrx_word' id='word_1_155' title='bbox 745 2572 791 2636; x_wconf 83' lang='lat' dir='ltr'><strong>uti</strong></span> <span class='ocrx_word' id='word_1_156' title='bbox 815 2572 877 2634; x_wconf 89' lang='lat' dir='ltr'><strong>iam</strong></span> <span class='ocrx_word' id='word_1_157' title='bbox 894 2569 1101 2642; x_wconf 79' lang='lat' dir='ltr'><strong>advertimus,</strong></span> <span class='ocrx_word' id='word_1_158' title='bbox 1120 2578 1169 2637; x_wconf 85' lang='lat' dir='ltr'><strong>est</strong></span> <span class='ocrx_word' id='word_1_159' title='bbox 1184 2573 1286 2656; x_wconf 85' lang='lat' dir='ltr'><strong>magis</strong></span> <span class='ocrx_word' id='word_1_160' title='bbox 1301 2573 1368 2636; x_wconf 85' lang='lat' dir='ltr'><strong>lata</strong></span> <span class='ocrx_word' id='word_1_161' title='bbox 1383 2591 1481 2655; x_wconf 90' lang='lat' dir='ltr'><strong>quam</strong></span> 
     </span>
     <span class='ocr_line' id='line_1_19' title="bbox 259 2692 1481 2781; baseline 0.003 -24"><span class='ocrx_word' id='word_1_162' title='bbox 259 2763 262 2768; x_wconf 61' lang='grc'><em>,</em></span> <span class='ocrx_word' id='word_1_163' title='bbox 298 2694 362 2758; x_wconf 88' lang='lat' dir='ltr'><strong>alia</strong></span> <span class='ocrx_word' id='word_1_164' title='bbox 385 2714 428 2758; x_wconf 79' lang='lat' dir='ltr'><strong>ex</strong></span> <span class='ocrx_word' id='word_1_165' title='bbox 446 2692 604 2780; x_wconf 84' lang='lat' dir='ltr'><strong>professo</strong></span> <span class='ocrx_word' id='word_1_166' title='bbox 629 2697 702 2779; x_wconf 88' lang='lat' dir='ltr'><strong>quie</strong></span> <span class='ocrx_word' id='word_1_167' title='bbox 726 2695 808 2760; x_wconf 84' lang='lat' dir='ltr'><strong>haee</strong></span> <span class='ocrx_word' id='word_1_168' title='bbox 836 2697 990 2781; x_wconf 85' lang='lat' dir='ltr'><strong>importat</strong></span> <span class='ocrx_word' id='word_1_169' title='bbox 1016 2700 1129 2780; x_wconf 88' lang='lat' dir='ltr'><strong>aperte</strong></span> <span class='ocrx_word' id='word_1_170' title='bbox 1152 2703 1184 2762; x_wconf 89' lang='lat' dir='ltr'><strong>et</strong></span> <span class='ocrx_word' id='word_1_171' title='bbox 1208 2697 1390 2762; x_wconf 89' lang='lat' dir='ltr'><strong>confessum</strong></span> <span class='ocrx_word' id='word_1_172' title='bbox 1417 2695 1481 2762; x_wconf 89' lang='lat' dir='ltr'><strong>sibi</strong></span> 
     </span>
     <span class='ocr_line' id='line_1_20' title="bbox 297 2820 1482 2906; baseline 0.003 -24"><span class='ocrx_word' id='word_1_173' title='bbox 297 2837 480 2904; x_wconf 89' lang='lat' dir='ltr'><strong>proponere</strong></span> <span class='ocrx_word' id='word_1_174' title='bbox 495 2841 625 2904; x_wconf 81' lang='lat' dir='ltr'><strong>scopum</strong></span> <span class='ocrx_word' id='word_1_175' title='bbox 642 2821 814 2905; x_wconf 88' lang='lat' dir='ltr'><strong>impetendi</strong></span> <span class='ocrx_word' id='word_1_176' title='bbox 832 2821 1022 2906; x_wconf 82' lang='lat' dir='ltr'><strong>religionem</strong></span> <span class='ocrx_word' id='word_1_177' title='bbox 1046 2826 1101 2886; x_wconf 87' lang='lat' dir='ltr'><strong>aut</strong></span> <span class='ocrx_word' id='word_1_178' title='bbox 1117 2820 1216 2887; x_wconf 92' lang='lat' dir='ltr'><strong>bonos</strong></span> <span class='ocrx_word' id='word_1_179' title='bbox 1232 2841 1349 2886; x_wconf 85' lang='lat' dir='ltr'><strong>mores.</strong></span> <span class='ocrx_word' id='word_1_180' title='bbox 1368 2821 1482 2895; x_wconf 88' lang='lat' dir='ltr'><strong>Quare</strong></span> 
     </span>
     <span class='ocr_line' id='line_1_21' title="bbox 297 2939 1482 3027; baseline 0.003 -21"><span class='ocrx_word' id='word_1_181' title='bbox 297 2939 380 3006; x_wconf 82' lang='lat' dir='ltr'><strong>alala</strong></span> <span class='ocrx_word' id='word_1_182' title='bbox 402 2959 510 3023; x_wconf 92' lang='lat' dir='ltr'><strong>opera</strong></span> <span class='ocrx_word' id='word_1_183' title='bbox 533 2942 665 3026; x_wconf 79' lang='lat' dir='ltr'><strong>respicit</strong></span> <span class='ocrx_word' id='word_1_184' title='bbox 688 2939 838 3007; x_wconf 85' lang='lat' dir='ltr'><strong>effectum</strong></span> <span class='ocrx_word' id='word_1_185' title='bbox 862 2963 919 3008; x_wconf 91' lang='lat' dir='ltr'><strong>seu</strong></span> <span class='ocrx_word' id='word_1_186' title='bbox 941 2942 1092 3026; x_wconf 77' lang='lat' dir='ltr'><strong>faelam5</strong></span> <span class='ocrx_word' id='word_1_187' title='bbox 1115 2942 1189 3007; x_wconf 93' lang='lat' dir='ltr'><strong>dum</strong></span> <span class='ocrx_word' id='word_1_188' title='bbox 1214 2943 1312 3008; x_wconf 88' lang='lat' dir='ltr'><strong>dietio</strong></span> <span class='ocrx_word' id='word_1_189' title='bbox 1336 2963 1379 3008; x_wconf 84' lang='lat' dir='ltr'><strong>ex</strong></span> <span class='ocrx_word' id='word_1_190' title='bbox 1398 2961 1482 3027; x_wconf 83' lang='lat' dir='ltr'><strong>pro·</strong></span> 
     </span>
     <span class='ocr_line' id='line_1_22' title="bbox 295 3064 1242 3152; baseline 0.001 -23"><span class='ocrx_word' id='word_1_191' title='bbox 295 3064 384 3147; x_wconf 75' lang='lat' dir='ltr'><strong>fesso</strong></span> <span class='ocrx_word' id='word_1_192' title='bbox 408 3066 541 3150; x_wconf 87' lang='lat' dir='ltr'><strong>respicit</strong></span> <span class='ocrx_word' id='word_1_193' title='bbox 563 3085 689 3150; x_wconf 92' lang='lat' dir='ltr'><strong>quoque</strong></span> <span class='ocrx_word' id='word_1_194' title='bbox 713 3067 922 3132; x_wconf 87' lang='lat' dir='ltr'><strong>intentionem</strong></span> <span class='ocrx_word' id='word_1_195' title='bbox 946 3072 1059 3152; x_wconf 87' lang='lat' dir='ltr'><strong>aperte</strong></span> <span class='ocrx_word' id='word_1_196' title='bbox 1083 3073 1242 3134; x_wconf 85' lang='lat' dir='ltr'><strong>testatam.</strong></span> 
     </span>
    </p>

    <p class='ocr_par' dir='ltr' id='par_1_5' title="bbox 294 3189 1480 3900">
     <span class='ocr_line' id='line_1_23' title="bbox 385 3189 1480 3276; baseline 0.003 -21"><span class='ocrx_word' id='word_1_197' title='bbox 385 3189 464 3255; x_wconf 84' lang='lat' dir='ltr'><strong>Cum</strong></span> <span class='ocrx_word' id='word_1_198' title='bbox 487 3191 521 3254; x_wconf 94' lang='lat' dir='ltr'><strong>in</strong></span> <span class='ocrx_word' id='word_1_199' title='bbox 544 3191 681 3256; x_wconf 83' lang='lat' dir='ltr'><strong>articulo</strong></span> <span class='ocrx_word' id='word_1_200' title='bbox 705 3190 890 3256; x_wconf 87' lang='lat' dir='ltr'><strong>attendatur</strong></span> <span class='ocrx_word' id='word_1_201' title='bbox 914 3193 1057 3276; x_wconf 79' lang='lat' dir='ltr'><strong>effeetus,</strong></span> <span class='ocrx_word' id='word_1_202' title='bbox 1083 3195 1110 3258; x_wconf 92' lang='lat' dir='ltr'><strong>si</strong></span> <span class='ocrx_word' id='word_1_203' title='bbox 1137 3193 1179 3258; x_wconf 87' lang='lat' dir='ltr'><strong>de</strong></span> <span class='ocrx_word' id='word_1_204' title='bbox 1201 3192 1304 3275; x_wconf 76' lang='lat' dir='ltr'><strong>facto,</strong></span> <span class='ocrx_word' id='word_1_205' title='bbox 1330 3195 1480 3276; x_wconf 88' lang='lat' dir='ltr'><strong>quamvis</strong></span> 
     </span>
     <span class='ocr_line' id='line_1_24' title="bbox 295 3314 1480 3402; baseline 0.003 -23"><span class='ocrx_word' id='word_1_206' title='bbox 295 3314 382 3379; x_wconf 89' lang='lat' dir='ltr'><strong>aliud</strong></span> <span class='ocrx_word' id='word_1_207' title='bbox 412 3321 610 3400; x_wconf 86' lang='lat' dir='ltr'><strong>protestetur</strong></span> <span class='ocrx_word' id='word_1_208' title='bbox 641 3315 753 3381; x_wconf 88' lang='lat' dir='ltr'><strong>folium</strong></span> <span class='ocrx_word' id='word_1_209' title='bbox 788 3337 846 3382; x_wconf 91' lang='lat' dir='ltr'><strong>seu</strong></span> <span class='ocrx_word' id='word_1_210' title='bbox 876 3315 1013 3382; x_wconf 90' lang='lat' dir='ltr'><strong>diarium</strong></span> <span class='ocrx_word' id='word_1_211' title='bbox 1049 3321 1106 3382; x_wconf 87' lang='lat' dir='ltr'><strong>aut</strong></span> <span class='ocrx_word' id='word_1_212' title='bbox 1135 3315 1261 3382; x_wconf 84' lang='lat' dir='ltr'><strong>libellus</strong></span> <span class='ocrx_word' id='word_1_213' title='bbox 1293 3317 1480 3402; x_wconf 87' lang='lat' dir='ltr'><strong>periodieus</strong></span> 
     </span>
     <span class='ocr_line' id='line_1_25' title="bbox 295 3439 1479 3527; baseline 0.003 -25"><span class='ocrx_word' id='word_1_214' title='bbox 295 3457 391 3523; x_wconf 87' lang='lat' dir='ltr'><strong>saepe</strong></span> <span class='ocrx_word' id='word_1_215' title='bbox 422 3439 455 3503; x_wconf 92' lang='lat' dir='ltr'><strong>in</strong></span> <span class='ocrx_word' id='word_1_216' title='bbox 483 3439 553 3505; x_wconf 83' lang='lat' dir='ltr'><strong>ovio</strong></span> <span class='ocrx_word' id='word_1_217' title='bbox 580 3441 734 3506; x_wconf 81' lang='lat' dir='ltr'><strong>numerio</strong></span> <span class='ocrx_word' id='word_1_218' title='bbox 761 3446 817 3508; x_wconf 86' lang='lat' dir='ltr'><strong>aut</strong></span> <span class='ocrx_word' id='word_1_219' title='bbox 846 3439 1057 3527; x_wconf 89' lang='lat' dir='ltr'><strong>aggrediatur</strong></span> <span class='ocrx_word' id='word_1_220' title='bbox 1082 3441 1272 3526; x_wconf 90' lang='lat' dir='ltr'><strong>religionem</strong></span> <span class='ocrx_word' id='word_1_221' title='bbox 1298 3448 1352 3506; x_wconf 87' lang='lat' dir='ltr'><strong>aut</strong></span> <span class='ocrx_word' id='word_1_222' title='bbox 1376 3440 1479 3506; x_wconf 89' lang='lat' dir='ltr'><strong>bonos</strong></span> 
     </span>
     <span class='ocr_line' id='line_1_26' title="bbox 296 3559 1477 3651; baseline 0.005 -25"><span class='ocrx_word' id='word_1_223' title='bbox 296 3582 403 3629; x_wconf 91' lang='lat' dir='ltr'><strong>mores</strong></span> <span class='ocrx_word' id='word_1_224' title='bbox 433 3570 629 3649; x_wconf 84' lang='lat' dir='ltr'><strong>corrumpat,</strong></span> <span class='ocrx_word' id='word_1_225' title='bbox 647 3559 862 3648; x_wconf 69' lang='lat' dir='ltr'><strong>¹prohibitioni</strong></span> <span class='ocrx_word' id='word_1_226' title='bbox 893 3564 1011 3630; x_wconf 86' lang='lat' dir='ltr'><strong>subest.</strong></span> <span class='ocrx_word' id='word_1_227' title='bbox 1039 3600 1056 3613; x_wconf 93' lang='lat'>-</span> <span class='ocrx_word' id='word_1_228' title='bbox 1090 3566 1200 3649; x_wconf 91' lang='lat' dir='ltr'><strong>Neque</strong></span> <span class='ocrx_word' id='word_1_229' title='bbox 1224 3566 1477 3651; x_wconf 89' lang='lat' dir='ltr'><strong>prohibitionem</strong></span> 
     </span>
     <span class='ocr_line' id='line_1_27' title="bbox 294 3686 1475 3775; baseline 0.003 -23"><span class='ocrx_word' id='word_1_230' title='bbox 294 3686 483 3753; x_wconf 83' lang='lat' dir='ltr'><strong>subiturus</strong></span> <span class='ocrx_word' id='word_1_231' title='bbox 506 3689 559 3752; x_wconf 90' lang='lat' dir='ltr'><strong>vel</strong></span> <span class='ocrx_word' id='word_1_232' title='bbox 582 3689 666 3754; x_wconf 89' lang='lat' dir='ltr'><strong>alter</strong></span> <span class='ocrx_word' id='word_1_233' title='bbox 690 3709 853 3762; x_wconf 86' lang='lat' dir='ltr'><strong>numerus,</strong></span> <span class='ocrx_word' id='word_1_234' title='bbox 876 3689 931 3754; x_wconf 91' lang='lat' dir='ltr'><strong>sed</strong></span> <span class='ocrx_word' id='word_1_235' title='bbox 948 3691 1051 3774; x_wconf 92' lang='lat' dir='ltr'><strong>ipsum</strong></span> <span class='ocrx_word' id='word_1_236' title='bbox 1067 3689 1204 3756; x_wconf 88' lang='lat' dir='ltr'><strong>diarium</strong></span> <span class='ocrx_word' id='word_1_237' title='bbox 1221 3711 1386 3775; x_wconf 90' lang='lat' dir='ltr'><strong>quousque</strong></span> <span class='ocrx_word' id='word_1_238' title='bbox 1410 3711 1475 3756; x_wconf 92' lang='lat' dir='ltr'><strong>non</strong></span> 
     </span>
     <span class='ocr_line' id='line_1_28' title="bbox 294 3815 489 3900; baseline 0 -22"><span class='ocrx_word' id='word_1_239' title='bbox 294 3815 489 3900; x_wconf 86' lang='lat' dir='ltr'><strong>corrigatur.</strong></span> 
     </span>
    </p>

    <p class='ocr_par' dir='ltr' id='par_1_6' title="bbox 292 3940 1477 4526">
     <span class='ocr_line' id='line_1_29' title="bbox 382 3940 1477 4027; baseline 0.002 -23"><span class='ocrx_word' id='word_1_240' title='bbox 382 3940 420 4004; x_wconf 89' lang='lat' dir='ltr'><strong>P.</strong></span> <span class='ocrx_word' id='word_1_241' title='bbox 437 3940 660 4006; x_wconf 88' lang='lat' dir='ltr'><strong>Vermeerseh</strong></span> <span class='ocrx_word' id='word_1_242' title='bbox 678 3960 713 4024; x_wconf 89' lang='lat' dir='ltr'><strong>p.</strong></span> <span class='ocrx_word' id='word_1_243' title='bbox 732 3940 774 4006; x_wconf 88' lang='lat'><strong>81</strong></span> <span class='ocrx_word' id='word_1_244' title='bbox 796 3941 861 4006; x_wconf 87' lang='lat' dir='ltr'><strong>late</strong></span> <span class='ocrx_word' id='word_1_245' title='bbox 880 3940 1009 4007; x_wconf 86' lang='lat' dir='ltr'><strong>disserit</strong></span> <span class='ocrx_word' id='word_1_246' title='bbox 1032 3945 1067 4006; x_wconf 92' lang='lat' dir='ltr'><strong>ut</strong></span> <span class='ocrx_word' id='word_1_247' title='bbox 1085 3941 1258 4026; x_wconf 86' lang='lat' dir='ltr'><strong>investiget</strong></span> <span class='ocrx_word' id='word_1_248' title='bbox 1288 3941 1363 4025; x_wconf 90' lang='lat' dir='ltr'><strong>quid</strong></span> <span class='ocrx_word' id='word_1_249' title='bbox 1380 3944 1477 4027; x_wconf 85' lang='lat' dir='ltr'><strong>signi·</strong></span> 
     </span>
     <span class='ocr_line' id='line_1_30' title="bbox 293 4061 1476 4151; baseline 0.002 -23"><span class='ocrx_word' id='word_1_250' title='bbox 293 4061 368 4129; x_wconf 85' lang='lat' dir='ltr'><strong>lieet</strong></span> <span class='ocrx_word' id='word_1_251' title='bbox 380 4065 569 4149; x_wconf 89' lang='lat' dir='ltr'><strong>impugnare</strong></span> <span class='ocrx_word' id='word_1_252' title='bbox 585 4065 804 4151; x_wconf 79' lang='lat' dir='ltr'><strong>relipionem;</strong></span> <span class='ocrx_word' id='word_1_253' title='bbox 821 4085 862 4130; x_wconf 88' lang='lat' dir='ltr'><strong>an</strong></span> <span class='ocrx_word' id='word_1_254' title='bbox 878 4084 994 4148; x_wconf 90' lang='lat' dir='ltr'><strong>nempe</strong></span> <span class='ocrx_word' id='word_1_255' title='bbox 1007 4064 1197 4150; x_wconf 88' lang='lat' dir='ltr'><strong>religionem</strong></span> <span class='ocrx_word' id='word_1_256' title='bbox 1212 4066 1403 4131; x_wconf 82' lang='lat' dir='ltr'><strong>revelatam</strong></span> <span class='ocrx_word' id='word_1_257' title='bbox 1418 4072 1476 4130; x_wconf 87' lang='lat' dir='ltr'><strong>aut</strong></span> 
     </span>
     <span class='ocr_line' id='line_1_31' title="bbox 294 4190 1475 4275; baseline 0.003 -23"><span class='ocrx_word' id='word_1_258' title='bbox 294 4190 389 4253; x_wconf 87' lang='lat' dir='ltr'><strong>etiem</strong></span> <span class='ocrx_word' id='word_1_259' title='bbox 413 4209 477 4254; x_wconf 91' lang='lat' dir='ltr'><strong>non</strong></span> <span class='ocrx_word' id='word_1_260' title='bbox 500 4191 686 4255; x_wconf 80' lang='lat' dir='ltr'><strong>revelatam</strong></span> <span class='ocrx_word' id='word_1_261' title='bbox 710 4190 895 4275; x_wconf 74' lang='lat' dir='ltr'><strong>inlelligere</strong></span> <span class='ocrx_word' id='word_1_262' title='bbox 918 4190 1108 4271; x_wconf 79' lang='lat' dir='ltr'><strong>debeamus3</strong></span> <span class='ocrx_word' id='word_1_263' title='bbox 1133 4194 1166 4255; x_wconf 90' lang='lat' dir='ltr'><strong>et</strong></span> <span class='ocrx_word' id='word_1_264' title='bbox 1192 4191 1318 4262; x_wconf 82' lang='lat' dir='ltr'><strong>asserit,</strong></span> <span class='ocrx_word' id='word_1_265' title='bbox 1344 4190 1475 4256; x_wconf 83' lang='lat' dir='ltr'><strong>clausu·</strong></span> 
     </span>
     <span class='ocr_line' id='line_1_32' title="bbox 294 4313 1475 4400; baseline 0.001 -23"><span class='ocrx_word' id='word_1_266' title='bbox 294 4313 356 4377; x_wconf 88' lang='lat' dir='ltr'><strong>lam</strong></span> <span class='ocrx_word' id='word_1_267' title='bbox 381 4319 498 4379; x_wconf 88' lang='lat' dir='ltr'><strong>eontra</strong></span> <span class='ocrx_word' id='word_1_268' title='bbox 521 4313 721 4400; x_wconf 83' lang='lat' dir='ltr'><strong>relipionem</strong></span> <span class='ocrx_word' id='word_1_269' title='bbox 744 4314 963 4399; x_wconf 85' lang='lat' dir='ltr'><strong>accipiendam</strong></span> <span class='ocrx_word' id='word_1_270' title='bbox 988 4333 1068 4387; x_wconf 89' lang='lat' dir='ltr'><strong>esse,</strong></span> <span class='ocrx_word' id='word_1_271' title='bbox 1086 4313 1126 4380; x_wconf 91' lang='lat' dir='ltr'><strong>de</strong></span> <span class='ocrx_word' id='word_1_272' title='bbox 1142 4315 1385 4381; x_wconf 78' lang='lat' dir='ltr'><strong>contrarietate</strong></span> <span class='ocrx_word' id='word_1_273' title='bbox 1400 4317 1475 4380; x_wconf 88' lang='lat' dir='ltr'><strong>reli·</strong></span> 
     </span>
     <span class='ocr_line' id='line_1_33' title="bbox 292 4439 1472 4526; baseline 0.003 -25"><span class='ocrx_word' id='word_1_274' title='bbox 292 4439 379 4522; x_wconf 89' lang='lat' dir='ltr'><strong>gioni</strong></span> <span class='ocrx_word' id='word_1_275' title='bbox 409 4443 446 4503; x_wconf 85' lang='lat' dir='ltr'><strong>al</strong></span> <span class='ocrx_word' id='word_1_276' title='bbox 475 4439 523 4504; x_wconf 88' lang='lat' dir='ltr'><strong>sio</strong></span> <span class='ocrx_word' id='word_1_277' title='bbox 553 4445 583 4506; x_wconf 93' lang='lat' dir='ltr'><strong>et</strong></span> <span class='ocrx_word' id='word_1_278' title='bbox 614 4439 708 4506; x_wconf 88' lang='lat' dir='ltr'><strong>omni</strong></span> <span class='ocrx_word' id='word_1_279' title='bbox 731 4440 832 4504; x_wconf 91' lang='lat' dir='ltr'><strong>etiam</strong></span> <span class='ocrx_word' id='word_1_280' title='bbox 859 4439 1012 4505; x_wconf 85' lang='lat' dir='ltr'><strong>natarali</strong></span> <span class='ocrx_word' id='word_1_281' title='bbox 1037 4445 1069 4504; x_wconf 86' lang='lat' dir='ltr'><strong>et</strong></span> <span class='ocrx_word' id='word_1_282' title='bbox 1092 4458 1157 4504; x_wconf 91' lang='lat' dir='ltr'><strong>non</strong></span> <span class='ocrx_word' id='word_1_283' title='bbox 1185 4459 1277 4504; x_wconf 89' lang='lat' dir='ltr'><strong>mere</strong></span> <span class='ocrx_word' id='word_1_284' title='bbox 1309 4440 1472 4526; x_wconf 88' lang='lat' dir='ltr'><strong>religioni,</strong></span> 
     </span>
    </p>
   </div>
   <div class='ocr_carea' id='block_1_4' title="bbox 0 0 1652 5108">
    <p class='ocr_par' dir='ltr' id='par_1_7' title="bbox 0 0 1652 5108">
     <span class='ocr_line' id='line_1_34' title="bbox 0 0 1652 5108; baseline 0 6"><span class='ocrx_word' id='word_1_285' title='bbox 0 0 1652 5108; x_wconf 95' lang='lat' dir='ltr'><strong> </strong></span> 
     </span>
    </p>
   </div>
  </div>
 </body>
</html>
