3296 5108
301 297 368 363 406
821 315 905 364 enas
930 315 952 362 1.

301 440 405 524 gimus
430 442 609 524 proximam
632 441 815 508 sententiae
837 440 978 505 iudiciali
1003 442 1096 524 eique
1119 440 1298 524 efficacem,
1323 438 1484 523 siquidem

300 564 409 630 iudicii
422 583 520 630 causa
534 565 647 650 finatis
658 571 708 630 est
719 565 880 630 sententia
891 565 962 630 sive
977 564 1185 632 absolutoria
1197 566 1265 630 sive
1278 564 1481 631 conmmea-

303 689 400 756 toria.
419 689 598 754 Praeterea
618 689 815 754 advertimus
838 695 957 773 sponte
979 694 1181 773 susceptam,
1197 693 1230 754 et
1245 689 1309 754 hoc
1332 696 1381 754 est
1396 689 1484 774 capi·

301 813 367 877 tale
391 815 423 878 in
448 831 484 878 re
500 823 631 889 nostrar
646 832 721 878 nam
744 815 778 878 in
801 813 864 880 hoc
887 815 1027 880 maxime
1051 812 1204 878 tundatur
1221 813 1303 878 haec
1317 813 1484 898 irregula-

303 939 381 1003 ritas
404 957 450 1004 eor
475 938 607 1020 defectu
630 939 776 1005 lenitatis
798 940 1003 1024 proveniens.
1021 939 1068 1004 al.
1090 939 1209 1004 Suarez
1233 938 1368 1020 (XLVI,
1385 939 1417 1019 2,
1434 940 1484 1021 4).

394 1063 430 1126 ln
454 1062 570 1127 indicio
594 1068 700 1128 autem
723 1069 848 1146 partem
872 1062 993 1128 habent
1015 1063 1231 1128 necessariam
1249 1069 1282 1127 et
1304 1063 1380 1126 hinc
1403 1082 1484 1147 pro-

302 1187 423 1251 ximam
446 1193 479 1254 et
502 1183 667 1252 efficacem
691 1187 806 1267 iudea,
831 1193 936 1268 actor,
953 1193 985 1252 et
1008 1206 1097 1252 reas.
1120 1223 1137 1235 ·
1163 1186 1226 1256 Sed
1249 1186 1326 1271 ipsis
1348 1185 1483 1270 adiungi

303 1314 437 1392 possunt
452 1314 485 1372 et
500 1309 605 1373 solent
623 1327 782 1393 personae
798 1328 880 1392 quae
896 1309 1042 1393 quemvis
1058 1328 1122 1374 nou
1139 1310 1353 1382 necessariae,
1371 1313 1485 1374 minen

303 1402 402 1498 semel
419 1434 576 1498 admissae
593 1435 624 1497 in
641 1433 758 1500 iudicio
770 1439 893 1518 partem
907 1434 1111 1517 praerimari
1123 1437 1154 1499 et
1166 1433 1335 1517 efficacem
1348 1433 1485 1498 habent.

391 1557 483 1624 Roas
505 1563 613 1622 autem
638 1564 727 1624 certe
744 1563 869 1644 partem
894 1556 992 1623 habet
1007 1561 1038 1622 in
1056 1559 1174 1624 iudicio
1190 1558 1356 1642 sanguinis
1372 1575 1483 1622 neees-

302 1685 443 1756 sariam,
462 1684 518 1750 sed
541 1704 606 1750 non
630 1685 747 1750 exinde
766 1685 905 1750 incurrit
929 1686 1204 1770 irregularitatem
1221 1685 1295 1769 quia
1314 1686 1384 1769 ipse
1400 1683 1487 1748 iudi-

304 1808 388 1872 cium
412 1827 476 1872 non
500 1809 571 1894 agit
594 1808 648 1874 sed
668 1810 810 1892 patitur.
828 1809 917 1894 Ergo
940 1808 1108 1873 dumtaxat
1130 1807 1169 1872 de
1186 1809 1297 1874 iudice
1318 1815 1351 1874 et
1366 1814 1488 1874 actore

203 1950 207 1958 ·
303 1952 411 1999 sermo
434 1933 599 2000 habendus
624 1940 681 1999 est.

443 2057 472 2142 1)
498 2056 607 2132 Quare
631 2057 905 2141 irregularitatem
934 2057 1072 2122 incurrit
1095 2056 1209 2131 iudex;
1234 2061 1266 2120 et
1290 2076 1355 2121 nou
1378 2055 1485 2120 refert

304 2199 347 2244 an
370 2179 468 2246 iudex
491 2182 530 2244 sit
552 2179 749 2264 simonianis,
772 2197 815 2243 an
839 2180 880 2243 sit
898 2197 1050 2260 persona
1073 2179 1267 2265 collegiatis,

440 2303 473 2388 2)
498 2305 663 2369 Personae
686 2323 768 2387 quae
791 2302 928 2368 iudicem
952 2303 1106 2367 adiuvant
1130 2321 1261 2388 operam
1289 2303 1489 2388 praebentes

304 2431 505 2510 proaimam
526 2434 557 2494 et
572 2429 740 2514 efficacem
757 2433 831 2495 sunt
847 2447 1039 2501 assessores,
1057 2447 1126 2512 arg.
1145 2447 1214 2512 cap.
1235 2429 1274 2493 10
1290 2429 1341 2494 De
1357 2447 1484 2494 eacess.

307 2555 458 2620 Praelat.
482 2555 516 2618 X
537 2555 593 2634 (V,
619 2554 685 2639 31).

440 2677 473 2764 3)
498 2678 580 2753 Quid
597 2677 636 2742 de
651 2676 807 2743 iudicibus
823 2673 1105 2744 instructoribus?
1122 2653 1387 2763 Distinguendum
1412 2695 1488 2742 esse

305 2809 398 2887 puto;
422 2808 455 2870 et
477 2804 503 2866 si
527 2807 642 2887 agatur
659 2801 698 2866 de
714 2801 818 2867 iudice
835 2805 1031 2866 instructore
1057 2801 1109 2884 qui
1134 2803 1219 2866 viam
1243 2801 1360 2868 sternit
1384 2802 1484 2885 inqui-

306 2930 413 2996 sitioni
437 2949 494 2994 seu
518 2930 635 2994 actioni
659 2928 820 2994 criminali
842 2927 898 2992 sod
922 2930 955 2992 in
979 2927 1095 2993 iudicio
1121 2927 1316 3010 formaliter
1338 2927 1486 2992 instituto

307 3056 431 3134 partem
459 3071 523 3116 non
555 3051 661 3124 habet,
686 3052 740 3116 hic
763 3051 892 3117 uidetur
922 3052 1070 3118 immunis
1092 3051 1132 3115 ab
1156 3050 1393 3136 irregulatitato
1417 3049 1483 3134 (l);

307 3195 400 3241 secus
423 3175 463 3240 de
486 3176 557 3240 aliis
580 3178 631 3258 qui
657 3176 691 3240 iu
715 3178 781 3260 ipso
806 3175 922 3240 iudicio
945 3181 1100 3260 praesunt
1127 3173 1369 3260 probationibus
1392 3174 1483 3238 eolli-

307 3296 421 3381 gendis
445 3303 477 3362 et
501 3297 677 3383 explendis.
703 3298 750 3364 (11.
776 3297 941 3382 Gasparri
967 3299 1042 3363 454.

443 3423 475 3508 4)
500 3421 583 3496 Quid
600 3421 639 3488 de
655 3423 810 3488 iudicibus
826 3419 971 3488 iuratis?
991 3423 1037 3487 al.
1056 3423 1222 3507 Gasparri,
1240 3423 1315 3490 454.
1333 3421 1488 3508 opinatur

307 3549 367 3613 hos
391 3547 665 3633 irregularitatem
689 3543 832 3631 effugere
857 3548 973 3632 quippe
1003 3566 1069 3611 non
1100 3552 1175 3612 sunt
1204 3547 1327 3612 iudices
1357 3545 1421 3610 nisi
1443 3546 1488 3611 de

307 3689 402 3737 mero
425 3669 526 3754 sacto.
546 3669 643 3736 -Sed
667 3688 730 3733 uon
755 3668 907 3734 videntur
923 3689 965 3732 ex
989 3668 1051 3734 hoe
1074 3668 1183 3750 eapite
1205 3669 1364 3734 immunes
1389 3668 1484 3734 iurati

306 3796 347 3861 ab
371 3796 629 3882 irregularitat03
654 3815 728 3858 nam
753 3797 785 3858 in
810 3793 925 3860 iudicio
956 3794 1131 3878 sanguinis,
1157 3813 1222 3858 non
1251 3795 1357 3860 minus
1390 3812 1483 3877 quam

307 3923 340 3986 in
371 3921 443 3986 aliis
466 3923 609 4004 quaestio
632 3920 715 4001 sacti
738 3926 787 3985 ost
810 3921 996 3985 necessaria
1018 3923 1051 3982 et
1074 3916 1191 3984 efficax
1215 3917 1320 4002 quoad
1343 3914 1485 3984 ‚deliniti-

397 4115 437 4182 (l)
457 4114 515 4168 Hac
534 4115 567 4168 de
586 4131 679 4178 causa,
697 4131 758 4182 arg.
779 4129 838 4183 cap.
858 4114 910 4177 27,
931 4113 972 4166 De
991 4115 1066 4167 verb.
1080 4115 1182 4182 segnis.
1198 4111 1227 4166 X
1246 4071 1291 4178 (il,
1311 4111 1357 4180 40)
1378 4127 1434 4164 non
1453 4111 1484 4162 fit

307 4217 471 4290 irregularis
490 4219 572 4275 iudex
591 4219 688 4274 eccles.
709 4220 755 4290 qui
775 4219 892 4290 inquirit
910 4219 943 4272 de
963 4219 1078 4274 crimina
1097 4223 1127 4272 et
1145 4235 1223 4272 reum
1243 4233 1333 4287 poena
1351 4215 1484 4285 degrada·

308 4327 393 4380 tionis
406 4326 572 4382 mulctatum
586 4325 670 4380 tradit
685 4324 798 4380 brachio
811 4325 947 4380 saeculari
961 4325 1139 4395 puniendum,
1150 4326 1244 4380 forsan
1259 4340 1349 4394 poena
1361 4320 1486 4392 capitali,

307 4433 343 4484 ob
357 4432 463 4486 crimen
476 4433 530 4486 iam
545 4433 690 4502 probatum
705 4432 733 4484 in
747 4432 824 4485 curia
843 4431 940 4485 eccles.
955 4460 970 4471 -
985 4431 1072 4484 Porro
1085 4435 1150 4484 siunt
1163 4429 1218 4484 duo
1231 4427 1484 4484 distineta'iudieia
