3306 5102
769 300 771 306 '
812 323 895 370 rens
920 321 941 368 r.

445 571 468 652 g
491 570 522 634 2.
547 571 597 635 De
617 571 729 636 modis
751 570 874 655 quibus
898 569 1027 636 totlitur
1046 567 1296 654 irreputarttos,

599 698 637 764 iu
655 697 790 780 pmmta
816 698 858 763 de
880 697 1139 780 dispensatione.

281 910 498 968 Summarinm.
511 941 546 952 -
559 911 620 966 203.
640 911 700 973 Qua
719 912 836 978 ratione,
856 914 966 980 praeter
984 885 1219 980 dispensationem
1237 923 1254 960 a
1273 906 1305 959 R.
1322 904 1460 959 Pontifice

369 1037 536 1086 concessam,
549 1019 743 1088 irregularitas
756 1023 900 1074 contracta
912 1017 973 1073 tolli
988 1017 1089 1072 valeat.
1102 1046 1137 1057 —
1150 1015 1211 1069 204.
1225 1017 1268 1069 An
1281 1018 1310 1068 et
1322 1011 1461 1083 quomodo

368 1127 536 1197 baptismum
560 1126 642 1180 tollat
667 1125 896 1194 irregularitates.
922 1154 958 1166 -
981 1123 1045 1178 205.
1071 1123 1124 1178 Per
1149 1138 1286 1192 quaenam
1310 1120 1460 1174 dicosteria

369 1232 468 1287 Curiae
487 1236 653 1303 etquenam
672 1233 760 1286 torma
778 1231 996 1300 dispensationes
1014 1230 1157 1299 impertire
1176 1227 1266 1282 soleat
1285 1227 1362 1280 Rom,
1382 1226 1458 1280 Pon-

368 1340 444 1394 tifex.
464 1339 540 1401 Quae
559 1339 737 1410 exprimenda
756 1340 812 1393 siut
831 1339 858 1392 iu
878 1338 995 1409 supplici
1014 1338 1122 1393 libello.
1134 1367 1170 1380 -
1182 1339 1243 1392 206.
1261 1337 1299 1391 De
1318 1339 1459 1406 potestate

368 1461 423 1516 qua
441 1444 549 1515 pollent
567 1445 696 1516 Episcopi
719 1445 747 1498 iu
768 1445 911 1514 negotium
936 1444 1156 1515 dispensationis.
1175 1473 1212 1487 —
1229 1443 1291 1498 207.
1311 1442 1350 1496 De
1369 1442 1457 1512 priri-

369 1554 451 1624 lcgiis
470 1553 653 1624 Regularium
679 1553 708 1606 in
733 1552 786 1606 hoc
811 1553 990 1622 propositum.
1009 1582 1043 1594 -
1062 1551 1123 1606 208.
1143 1552 1181 1606 De
1201 1551 1228 1604 vi
1247 1555 1276 1605 et
1294 1549 1457 1604 extensione

367 1677 513 1715 concessae
538 1660 758 1730 dispensationis
777 1689 813 1701 -
831 1659 891 1713 209.
911 1661 955 1713 An
975 1659 1089 1728 vigeant
1111 1663 1139 1714 et
1157 1657 1294 1728 quomodo
1318 1655 1457 1710 tollantur

366 1768 590 1839 irregularitates
613 1771 751 1826 mentales
775 1786 823 1822 seu
847 1767 1042 1838 provenientes
1060 1765 1255 1824 ennonnullis
1279 1763 1389 1818 delictis
1407 1780 1455 1816 oc·

365 1877 456 1932 cultis.
475 1905 512 1918 -
529 1877 589 1930 210.
610 1876 649 1931 De
668 1875 764 1931 ordine
783 1876 977 1948 subsequentis
995 1873 1180 1929 tractationis.

365 2077 441 2144 203.
467 2077 551 2151 Quia
571 2081 757 2160 perpetuae
779 2081 862 2148 eunt,
888 2080 1001 2160 suapte
1033 2079 1157 2146 natura,
1183 2073 1452 2158 irregularitatea

240 2183 241 2186 ¹
275 2222 357 2286 quae
379 2221 425 2268 ee
447 2201 581 2284 defectu
603 2207 695 2267 ortae
725 2208 799 2267 suut
823 2221 885 2266 nou
911 2201 1069 2266 tolluntur
1099 2219 1253 2285 processu
1279 2199 1452 2283 temporis;

275 2325 340 2400 sed,
358 2331 488 2410 praeter
504 2325 773 2411 dispensationem
786 2323 842 2411 (l),
858 2325 981 2390 auferri
999 2329 1132 2409 possunt
1146 2344 1206 2410 per
1220 2324 1359 2408 aliquam
1376 2343 1451 2388 ceu-

274 2469 342 2514 sam
366 2451 593 2517 antunnacum
617 2450 934 2516 entraordinariom
957 2468 1020 2535 qua
1042 2448 1194 2514 adimitur
1216 2453 1272 2513 aut
1294 2449 1452 2513 minuitur

274 2575 419 2660 corporis
435 2574 594 2657 defectus,
611 2575 679 2638 sive
695 2593 754 2659 per
770 2574 960 2639 miraculum
977 2576 1045 2640 sive
1060 2594 1120 2659 per
1135 2574 1354 2658 operationem
1380 2573 1449 2637 clri-

273 2700 436 2783 rurgieam
461 2697 555 2770 unde,
573 2705 608 2763 ut
623 2703 709 2784 puta.
726 2696 876 2764 cruribus
896 2702 999 2763 motus
1015 2698 1068 2763 vel
1083 2697 1185 2762 oculis
1201 2695 1331 2761 additur
1346 2696 1452 2759 virtus

272 2826 374 2890 visiva
397 2823 452 2910 (2).
479 2825 569 2899 Quae
592 2845 672 2890 vero
695 2843 741 2890 eu
763 2825 893 2906 dctioto,
918 2843 1021 2909 neque
1048 2824 1140 2909 lapsu
1169 2824 1321 2908 temporis
1344 2840 1451 2904 neque

351 3074 391 3146 (l)
410 3075 636 3146 lrregularitates
654 3078 859 3147 dispensatione
879 3074 1017 3130 tolluntur
1036 3092 1092 3129 nou
1107 3075 1281 3130 absolutione
1300 3074 1341 3127 uti
1360 3073 1451 3143 expli·

270 3183 409 3248 cavimus3
428 3181 474 3238 sed
494 3181 653 3254 aliqnando,
665 3199 748 3237 seusu
761 3183 853 3236 miuus
872 3181 992 3251 proprio,
1005 3181 1135 3236 dicuutur
1150 3183 1267 3248 absolvi,
1282 3183 1450 3250 praesertim

269 3304 320 3343 eae
332 3305 404 3359 quae
417 3293 483 3342 sunt
495 3305 532 3344 ee
544 3290 656 3344 delicto.
670 3289 710 3342 Cf.
727 3289 807 3344 Cone.
832 3291 909 3344 Trio.
929 3292 1002 3345 Sese.
1019 3290 1070 3355 24,
1090 3307 1112 3344 c.
1134 3291 1154 3342 6
1173 3291 1208 3344 de
1227 3295 1291 3362 rofi,
1309 3292 1339 3344 et
1358 3289 1451 3342 D'Au-

270 3393 363 3448 uibale
384 3393 407 3462 I,
425 3394 488 3448 403
507 3404 562 3448 not.
585 3395 635 3447 32.

349 3501 389 3574 (2)
409 3502 588 3557 Excludimus
606 3519 718 3557 causam
742 3502 900 3558 naturalem
926 3504 1094 3558 ordinariam
1114 3504 1202 3559 veluti
1224 3508 1358 3576 temporis
1378 3523 1451 3576 pro-

270 3623 385 3674 cessum,
404 3625 469 3661 uam
486 3608 611 3663 defectus
630 3608 676 3678 qui
697 3608 749 3662 hac
768 3609 876 3664 ratione
895 3613 1066 3663 evanescunt
1079 3610 1188 3663 nonnisi
1204 3611 1359 3681 improprie
1378 3611 1450 3665 irre-

270 3715 436 3784 gularitates
454 3718 597 3770 vocantur.
616 3715 794 3770 Advertimus
819 3732 869 3769 sno
893 3715 970 3782 loco,
989 3715 1090 3771 Snarez
1114 3717 1371 3787 irregularitatibns
1390 3735 1447 3772 uon

269 3822 392 3878 tribuere
406 3822 568 3893 requisitum
588 3826 620 3876 ut
638 3821 694 3876 siut
710 3833 866 3893 perpetuae
885 3826 914 3877 et
932 3823 972 3877 ita
991 3823 1099 3891 arguit:
1119 3822 1175 3892 (Ll,
1189 3825 1215 3889 2,
1228 3823 1256 3894 3)
1275 3824 1371 3878 «Non
1385 3840 1449 3880 esse

268 3931 304 3984 de
321 3931 430 3984 ratione
455 3929 678 3998 irreputorr'totis
701 3939 733 3982 ut
758 3931 883 3984 absolute
906 3941 1045 4000 perpetuu
1071 3931 1121 3994 sit,
1145 3933 1195 3986 sed
1220 3931 1396 3986 solummodo
1415 3943 1449 3985 ut

268 4039 389 4090 durante
410 4038 573 4090 consuetus
592 4050 705 4104 semper
729 4035 803 4099 insit,
825 4045 992 4090 nontamen
1011 4046 1151 4107 repupuet
1176 4037 1250 4106 quod
1270 4037 1334 4089 talis
1359 4055 1449 4091 cause

267 4145 314 4196 eet
330 4160 384 4213 per
399 4144 458 4196 atio
476 4144 603 4197 remedio
621 4143 669 4196 vel
687 4143 747 4196 eolo
765 4153 857 4196 tractu
876 4144 1010 4214 temporis
1021 4145 1135 4214 auferri
1144 4145 1240 4213 possit.
1254 4143 1373 4200 »Nemo
1389 4161 1448 4198 non

268 4251 357 4318 videt,
383 4249 434 4305 hac
459 4251 566 4306 ratione
592 4250 786 4321 comprehendi
812 4252 897 4306 etiam
923 4251 1145 4320 irregularitates
1170 4253 1356 4324 impropriam
1378 4254 1447 4324 quia

263 4360 400 4427 propriae
419 4361 572 4412 nascuntur
591 4337 625 4413 ex
644 4375 736 4426 causa,
755 4364 854 4429 suapte
872 4363 981 4426 natura,
996 4369 1145 4431 perpetuo,
1164 4361 1291 4428 quamvis
1315 4370 1445 4414 extraor-

267 4465 377 4519 otiuorio
397 4465 477 4519 modo
496 4464 565 4520 hace
582 4465 667 4518 adimi
686 4466 730 4520 vel
749 4482 857 4520 cessare
877 4467 971 4536 possit.
