3290 5100
280 269 348 334 472
808 289 892 339 raas
917 293 938 338 1.

277 419 377 487 mant,
400 415 508 481 adhuc
530 417 644 502 ulgere
673 417 892 482 universalem
923 423 956 483 et
986 419 1173 502 genericam
1204 415 1460 502 prohibitionem

278 540 379 607 Clem.
392 539 486 606 VIII.
501 575 519 589 -
533 541 561 604 E
573 545 689 607 contra
701 541 740 606 cl.
754 541 993 608 Vermeerscbs
1004 561 1041 625 p.
1054 542 1133 616 100,
1145 547 1179 606 et
1194 542 1331 608 Genicot
1341 539 1369 614 1,
1382 543 1465 616 460.

278 665 462 750 opiuantur‚
486 663 734 753 prohibitionem
758 685 793 730 se
815 665 944 731 referre
967 671 1092 731 tantum
1115 665 1155 732 ad
1178 665 1278 732 libros
1300 665 1463 732 obnoxios

278 809 437 855 censurae
460 791 491 855 vi
512 790 608 854 huius
631 791 737 856 (lonst.
758 789 962 876 officiorum.
978 827 995 839 ·
1011 791 1053 856 Et
1068 791 1150 856 haec
1167 791 1392 876 interpretatio
1409 795 1464 856 est

278 933 357 980 sane
373 913 575 980 conformior
589 916 756 1001 principiis
771 917 1047 1000 interpretationis
1060 919 1191 980 nostrae
1204 916 1460 988 constitutionis,

278 1041 353 1122 quia
367 1042 413 1105 ait
430 1039 590 1112 Pontifex,
606 1060 649 1107 ea
666 1040 807 1106 Decreta
826 1039 1009 1108 Generaliu
1023 1041 1108 1107 inibi
1123 1040 1368 1124 comprehensu
1383 1041 1458 1106 otm

279 1163 362 1250 lep-ts
379 1164 502 1231 babere
520 1167 594 1231 oola
616 1165 772 1232 uolumus
787 1169 848 1229 etc.
867 1201 884 1214 -
903 1165 952 1231 Cf.
968 1147 1123 1250 snpra'n.
1139 1165 1214 1231 340.
1241 1164 1459 1230 Nthlomiuus

279 1307 322 1353 ex
344 1289 562 1374 peculiaribus
585 1291 718 1357 Statutis
744 1289 797 1355 vel
824 1291 920 1376 praxi
948 1291 1159 1376 Regularium
1189 1289 1276 1355 aliud
1307 1289 1459 1355 obtinere

279 1418 385 1499 potest
407 1415 440 1479 in
464 1415 591 1500 singulo
615 1413 749 1479 OrdIne.

369 1537 550 1621 Regularos
566 1556 646 1601 vern
669 1535 878 1622 InteIIIgimus
895 1537 1041 1620 proprie
1064 1557 1122 1602 seu
1145 1539 1198 1622 qui
1222 1537 1369 1602 adstrIoti
1383 1543 1465 1605 suut

279 1662 414 1727 solemni
438 1660 651 1748 professione.

369 1787 445 1853 401.
470 1786 557 1854 Aur.
581 1787 641 1852 37:
669 1787 741 1854 «st
765 1789 894 1854 Auctor
915 1787 1046 1854 Romae
1077 1789 1203 1874 clepens
1233 1787 1360 1854 librum
1382 1806 1459 1854 uon

279 1915 316 1978 iu
345 1912 432 1979 Urbe
457 1913 518 1978 sed
547 1911 629 1979 alibi
657 1912 857 1994 imprimere
886 1911 973 1986 vetit,
1003 1918 1143 1996 praeter
1173 1913 1462 1996 approbationem

282 2037 478 2104 cernuam
499 2035 596 2104 urbo
617 2011 742 2102 vacarat
764 2043 796 2103 a
818 2037 980 2123 Mapisoa·
1002 2035 1035 2101 s.
1054 2035 1183 2104 Patara
1199 2039 1274 2120 Ap.
1290 2037 1364 2102 uia
1386 2055 1461 2104 non

279 2161 517 2247 requiritur».

369 2289 446 2354 402.
480 2288 558 2354 Inde
587 2287 746 2375 derogata
775 2294 824 2355 est
853 2291 986 2370 antiqua
1016 2288 1185 2374 disciplina
1214 2306 1297 2373 quae
1328 2292 1466 2373 praeter

281 2413 544 2499 approbationem
569 2414 664 2480 Gard.
690 2413 763 2478 Vic.
788 2418 822 2479 et
844 2413 993 2500 Magistri
1015 2414 1048 2480 S.
1066 2415 1103 2480 P.
1120 2413 1346 2499 expostulabat
1361 2414 1462 2478 etiam

280 2535 542 2622 approbationem
559 2535 725 2601 Ordinarii
742 2537 806 2602 loci
821 2536 874 2602 ubi
890 2536 975 2602 liber
993 2537 1081 2623 typis
1097 2534 1320 2602 mandabatur.
1340 2570 1357 2583 -
1376 2535 1460 2615 Imo,

281 2663 313 2724 in
329 2665 396 2725 tota
411 2659 530 2726 ditione
543 2657 713 2728 Pontificia
728 2661 816 2726 civili
831 2659 962 2746 ulgebat
976 2661 1032 2725 lex
1046 2665 1082 2727 ut
1097 2661 1328 2744 exquiseretur
1343 2678 1462 2744 appro-

213 2855 225 2864 ,
280 2783 366 2849 batio
394 2783 560 2851 OrdInarii
591 2785 741 2851 domicilii
768 2791 824 2851 aut
851 2787 941 2870 quasi
972 2784 1124 2850 domicilii
1156 2785 1298 2851 auctoris
1329 2791 1467 2869 praeter

280 2909 544 2997 approbationem
562 2909 728 2976 Ordinarii
752 2911 886 2978 alterius
905 2910 968 2976 loci
992 2910 1045 2975 ubi
1068 2909 1152 2977 liber
1168 2907 1423 2994 imprimebatur.
1443 2945 1464 2957 ·

282 3035 387 3100 Hodie
419 3055 461 3100 ex
491 3035 543 3101 eit.
576 3041 640 3101 art.
663 3034 713 3102 37
742 3036 782 3101 de
807 3036 894 3102 Urbe
923 3037 1026 3102 Roma
1055 3041 1180 3102 tautum
1209 3034 1245 3101 fit
1276 3036 1396 3101 mentio
1430 3041 1467 3102 et

281 3179 335 3224 res
359 3165 408 3225 est
430 3159 470 3225 de
493 3159 647 3226 facultate
671 3161 933 3228 extraordinaria
949 3161 1067 3226 collata
1082 3162 1161 3241 (non
1180 3160 1382 3226 disiunctioa
1407 3158 1468 3225 sed

281 3285 498 3369 cumulatioe)
517 3286 611 3352 Gard.
632 3287 767 3352 Vicario
784 3285 879 3353 Urbis
895 3291 928 3352 et
942 3285 1100 3372 MagIstro
1117 3286 1149 3352 S.
1168 3287 1216 3359 Ρ.,
1233 3286 1266 3349 vi
1282 3285 1385 3356 cuius.
1402 3303 1468 3370 pro

281 3409 320 3473 iis
340 3411 393 3492 qui
410 3407 541 3476 Romae
563 3409 692 3496 degunt.
712 3411 836 3475 Horum
860 3409 1048 3496 approbatio
1064 3407 1193 3491 sufficIt,
1210 3410 1356 3493 quamvis
1379 3408 1470 3474 liber

281 3529 359 3594 alibi
381 3531 585 3617 imprimatur
606 3536 641 3596 et
661 3531 777 3596 edatur
791 3535 823 3596 et
838 3533 984 3616 quamvis
1003 3536 1119 3597 auctor
1135 3551 1241 3616 neque
1266 3530 1467 3597 domicilium

280 3655 451 3737 autquasi
473 3653 669 3719 domicilium
691 3653 866 3720 habeatiu
890 3652 977 3720 Urbe
1000 3653 1057 3720 sed
1080 3653 1257 3740 simplicem
1280 3673 1466 3718 commora-

281 3780 401 3844 tionem
425 3778 499 3844 dum
516 3779 591 3844 alibi
606 3779 724 3844 librum
739 3780 925 3865 imprimere
941 3783 975 3844 et
990 3778 1088 3845 edera
1102 3779 1192 3844 velit
1208 3776 1257 3844 cf.
1275 3779 1490 3854 Pennaccbi.

277 3923 315 3987 p.
331 3903 408 3968 216.
424 3939 441 3951 -
460 3905 595 3987 iuquam
619 3939 639 3952 ·
655 3903 856 3986 imprimere
871 3908 902 3970 et
915 3903 1017 3969 edere
1031 3903 1112 3970 velit
1127 3937 1145 3952 ·
1170 3903 1246 3986 quia
1261 3903 1295 3967 in
1311 3903 1376 3968 boc
1391 3923 1471 3969 oon·

283 4029 366 4095 sistit
394 4029 601 4114 privilegInm
623 4031 658 4094 ut
681 4029 826 4111 quamvis
857 4027 934 4092 alibi
964 4026 1049 4092 liber
1071 4027 1105 4092 in
1128 4027 1235 4092 lucem
1259 4026 1311 4092 edi
1338 4026 1470 4102 debeat

282 4158 391 4218 tamen
414 4157 529 4219 auctor
545 4153 675 4220 Romae
690 4153 816 4238 deperio
839 4153 1014 4236 exquirere
1037 4172 1104 4218 non
1127 4151 1244 4219 debeat
1267 4153 1329 4217 nisi
1347 4172 1470 4238 appro-

282 4276 445 4342 bationem
468 4275 562 4342 Oard.
588 4275 683 4343 Urbis
706 4275 780 4342 Vic.
805 4281 839 4341 et
860 4275 904 4340 M.
921 4278 954 4343 S.
970 4273 1007 4340 P.
1024 4277 1135 4363 Apost.
1148 4295 1200 4342 τι·
1220 4279 1248 4341 si
1271 4278 1360 4341 enlm
1382 4275 1470 4341 liber

283 4401 405 4466 Itomae
428 4400 561 4474 edatur,
577 4398 613 4466 fit
634 4400 726 4466 locus
748 4401 883 4486 regulae
899 4403 1060 4466 communi
1084 4421 1128 4467 ex
1150 4407 1216 4467 art.
1233 4398 1295 4468 35.
1313 4436 1332 4449 ·
1351 4401 1468 4485 Itaque
