3266 5102
296 285 360 351 150
811 301 896 350 eins
920 302 943 348 1.

292 447 372 494 vero
396 427 435 501 4,
459 426 513 493 De
534 432 617 493 seut.
642 445 772 494 eoecom.
796 425 833 492 iu
857 425 880 491 6
902 426 957 512 (V,
985 425 1039 510 ll)
1062 424 1250 492 decernitur
1272 446 1337 490 nou
1356 424 1475 491 subiici

293 555 439 618 censuris
469 572 489 616 a
518 553 589 617 iure
618 552 702 626 latis,
726 553 903 638 Episcopus
933 559 966 617 et
996 552 1027 618 S.
1053 553 1092 617 R.
1117 553 1154 617 Ε.
1180 551 1383 624 cardinales,
1408 551 1476 616 nisi

292 681 456 764 expressis
471 678 582 743 verbis
597 680 629 743 in
646 677 778 746 decreto
794 678 1010 765 conprehensi
1029 678 1161 751 fuerint,
1178 683 1319 762 eccepto
1338 697 1477 744 eoceom·

292 802 530 884 muuicotioue,
553 823 611 868 seu
634 805 697 870 nisi
718 805 894 886 uupeusio
918 808 951 868 et
972 803 1190 870 interdictum
1218 804 1405 868 nominatim
1434 803 1474 868 in

292 927 479 995 cardinales
495 934 528 995 et
543 931 719 1016 Episcopos
734 931 799 994 siut
813 929 880 996 leta
897 935 933 993 ut
948 929 1075 994 eosdem
1092 935 1225 996 teneant
1236 929 1474 1014 delinquentes.

293 1053 395 1120 Oavet
418 1055 502 1118 enim
534 1055 585 1118 cit.
611 1074 680 1140 cap.
708 1054 981 1120 «Periculosum
1008 1059 1055 1120 est
1081 1054 1259 1138 Episcopis
1288 1059 1319 1120 et
1350 1074 1475 1121 eorum

293 1175 535 1260 Superioribus
565 1183 710 1260 propter
739 1176 972 1244 caecutientem
1001 1177 1211 1262 Poutificulis
1246 1175 1347 1261 officii
1376 1177 1476 1261 quod

290 1302 490 1387 frequenter
512 1302 684 1378 incumbit,
704 1308 741 1369 ut
765 1301 802 1367 iu
821 1301 937 1386 utiquo
961 1321 1042 1368 casu
1064 1301 1235 1368 interdicti
1257 1303 1309 1368 oet
1332 1321 1474 1384 suspen·

290 1427 395 1496 meum
406 1429 588 1494 iucumaut
598 1427 798 1494 seutentiam
810 1427 884 1511 ipso
897 1427 991 1511 facto
1004 1447 1034 1491 a.
1048 1427 1348 1493 Exccmmunicatio
1360 1431 1473 1492 eutem

290 1552 446 1640 infligitur
462 1552 501 1619 cb
517 1554 735 1618 criminatam
752 1555 898 1618 enormia
913 1558 948 1618 ut
963 1554 1066 1638 ipsum
1082 1552 1307 1619 Praelatorum
1328 1551 1473 1619 officium

290 1678 412 1744 nullam
436 1684 601 1744 mereatur
624 1680 859 1766 exceptionem.
884 1679 1019 1746 Nomine
1041 1681 1127 1744 enim
1151 1676 1394 1766 Episcoporum,
1411 1699 1472 1745 re-

288 1803 384 1867 niunt
407 1803 502 1868 etiam
526 1801 680 1868 Praelati
699 1801 914 1886 Superiores,
938 1821 996 1867 eeu
1019 1802 1072 1886 qui
1096 1802 1190 1866 alicui
1215 1803 1381 1867 Ecclesiae
1405 1805 1475 1887 epi·

288 1926 409 2013 scopeli
432 1924 652 1991 iurisdictione
676 1931 831 2012 praesunt
847 1925 903 2012 (l).

381 2051 453 2117 100.
468 2051 631 2162 Qmetp
648 2052 832 2158 compulsus
846 2051 951 2154 legem
968 2051 1067 2116 violat
1081 2049 1200 2135 aliquid
1213 2053 1472 2150 praecipientem

286 2182 344 2242 aut
365 2181 527 2240 vetantem
551 2175 610 2240 sub
632 2197 737 2260 poena
760 2195 929 2252 censurae,
950 2175 990 2240 ab
1014 2177 1076 2241 hec
1103 2181 1279 2242 excusatur
1302 2175 1475 2242 dumtaxat

288 2301 314 2365 si
338 2306 442 2365 metus
464 2301 538 2365 talis
567 2300 666 2366 luerit
688 2301 743 2384 qui
766 2306 901 2367 excuset
923 2321 942 2365 a
965 2301 1038 2388 lege
1067 2300 1221 2388 positiva:
1246 2321 1351 2386 poena
1381 2304 1470 2368 enim

288 2431 337 2492 est
360 2424 434 2511 quid
458 2399 672 2492 accessorium
696 2401 834 2510 sequens
865 2430 1014 2491 naturam
1043 2426 1143 2512 legis;
1169 2429 1364 2492 consistente
1394 2428 1473 2514 lege

287 2553 432 2639 positiva,
458 2553 526 2617 eius
547 2555 772 2637 transgressor
794 2572 930 2638 poenam
954 2553 1131 2618 committit
1149 2552 1212 2618 Sed
1234 2553 1320 2618 hanc
1345 2548 1471 2638 effugit,

287 2675 314 2741 si
337 2675 393 2740 lex
415 2675 552 2760 positiva
573 2674 693 2757 aliquid
716 2673 887 2760 prohibeat
908 2674 1086 2740 intrinsece
1109 2675 1244 2748 malum,
1269 2680 1346 2761 puta
1369 2677 1472 2741 forni-

286 2799 456 2872 cationem,
473 2801 585 2864 ettam
609 2798 719 2884 gravis
739 2799 859 2862 urserit
881 2801 984 2862 metus
1008 2817 1167 2863 excusans
1183 2797 1291 2884 alege
1313 2798 1470 2875 humanm

286 2925 431 3010 quamvis
447 2924 542 3010 culpa
557 2924 697 3009 supersit
712 2923 850 2989 violatae
863 2921 1020 2987 naturalis
1032 2921 1123 3006 legis.
1141 2921 1270 2996 Saurea,
1284 2923 1306 2988 I
1313 2923 1346 2997 V,
1360 2923 1393 2998 3,
1408 2924 1468 2988 12.

378 3050 1484 3151 luseuueumurQnuuuQ

274 3181 390 3280 „Q
413 3195 451 3240 eo
474 3196 570 3241 sensu
594 3194 656 3263 quo
680 3174 779 3264 iudex
809 3173 929 3238 nullam
953 3173 1058 3237 ferret
1087 3175 1468 3264 censufflsfflteQ

752 3247 935 3264 ...μιαν-*-
940 3243 1156 3258 -ῠ--““““““·“““”

285 3300 431 3402 iuunum
447 3305 571 3380 tantum
588 3319 629 3364 ex
644 3298 792 3384 pluribus
811 3297 1076 3380 delinquentibus
1084 3297 1155 3370 ,sitii
1164 3297 1342 3368 uufflmude
1356 3299 1469 3384 cogni.-

284 3426 352 3487 tum
359 3442 374 3506 ;
398 3442 493 3505 quum
518 3421 657 3488 diceret:
682 3441 727 3488 ecc
753 3421 869 3487 decem
888 3419 1027 3503 furibus
1056 3439 1165 3487 uuum
1195 3420 1467 3486 emcommuuice.

285 3547 319 3615 Si
349 3549 428 3614 alias
459 3547 651 3614 determinet
678 3547 788 3612 dicens
819 3567 892 3611 eum
922 3547 1165 3610 excommunico
1197 3546 1266 3630 qui,
1295 3545 1470 3612 recensitis

285 3673 447 3747 omnibus,
473 3675 583 3757 quinto
613 3691 757 3740 uumero
788 3671 1020 3758 distinguetur,
1052 3673 1341 3738 excommunicatio
1371 3674 1470 3738 irrita

374 3903 414 3974 (l)
433 3903 536 3965 Quoad·
547 3903 704 3973 impuberes
722 3902 824 3972 duplex
844 3919 924 3958 casus
948 3903 1121 3972 exceptionis
1139 3901 1318 3972 exprimitur:
1347 3899 1374 3956 1⁰
1392 3901 1415 3956 si
1434 3901 1466 3955 in

283 4009 453 4063 monasteria
466 4008 629 4091 monialium
643 4007 761 4076 ingressi
774 4007 894 4072 suerint;
914 4003 943 4060 2⁰
956 4006 978 4059 si
993 4007 1109 4061 clericos
1122 4007 1248 4086 graviter
1262 4006 1466 4076 percussorium

284 4130 319 4169 ex
338 4113 441 4169 Concil.
462 4115 536 4168 Trid.
558 4115 630 4170 Sese.
648 4116 701 4181 25,
721 4132 742 4168 c.
759 4117 788 4168 5.
807 4115 850 4168 De
863 4113 949 4182 Repe
963 4117 992 4168 at
1010 4132 1032 4168 c.
1047 4131 1069 4167 c.
1083 4115 1106 4167 1.
1120 4114 1162 4166 40
1175 4112 1216 4168 De
1231 4121 1298 4166 seut.
1314 4127 1413 4168 excom
1427 4113 1467 4166 X.

283 4219 329 4290 (V.
348 4221 403 4291 39).
423 4215 475 4278 Sed
496 4221 576 4276 hodie
595 4223 661 4292 quia
680 4221 708 4276 in
727 4224 814 4274 const.
829 4223 926 4291 Apost.
948 4221 1026 4274 Sedis
1046 4223 1155 4273 tantum
1173 4221 1344 4274 memoratur
1357 4217 1466 4288 primus

283 4343 363 4381 casus
376 4328 427 4381 sub
440 4347 466 4381 u.
482 4328 502 4380 6
521 4328 595 4382 inter
607 4343 713 4383 excom.
726 4324 892 4396 simpliciter
904 4327 997 4396 Papae
1010 4330 1175 4390 reservatas,
1189 4324 1320 4380 dicandus
1332 4329 1377 4380 est
1389 4324 1467 4380 alter

283 4451 363 4488 casus
382 4434 506 4490 abolitus
524 4435 617 4490 fuisse.
638 4433 810 4488 D'Annibale
828 4433 863 4502 (I.
881 4433 948 4486 325
965 4443 1019 4488 not.
1039 4433 1090 4504 11).
